2334 3020
712 107 782 135 DE
824 104 1105 134 POLITIAE
1143 104 1309 132 MOSIS
1350 104 1539 132 OBSER·
2017 104 2092 144 355

157 217 392 257 contumelia
420 217 547 254 Deum
576 217 611 253 δι
642 221 819 253 naturam
844 214 967 264 ipsam
993 214 1190 261 afficeret,
1215 225 1343 251 sacras
1359 211 1751 251 illas&inuiolabiles
1766 212 1871 261 leges
1886 210 2094 250 violando:

156 285 204 310 an
247 272 416 319 denique
459 268 669 306 existimari
712 275 845 317 posset
887 279 974 305 eum
1021 266 1221 305 hominem
1249 278 1421 315 vnquam
1450 278 1542 315 erga
1570 278 1610 303 se
1638 276 1807 314 aequum
1835 266 1935 313 sore,
1965 265 2031 314 qui
2059 267 2094 303 ἃ*

157 336 268 363 suum
297 323 415 373 ipsius
443 321 681 371 principium
710 324 733 359 a
763 333 803 359 se
832 320 1045 368 abiudicet,
1075 320 1113 357 in
1144 331 1223 369 quo
1251 319 1364 367 viuit,
1393 325 1594 366 mouetur,
1635 325 1752 368 atque
1781 324 1860 368 est,
1898 319 1933 355 ἃ
1962 317 2096 356 omnia

157 377 267 427 quasi
304 377 537 414 lineamenta
570 374 650 412 eius
679 373 717 412 in
745 376 832 424 lege
855 373 1020 412 naturali
1047 376 1082 412 ἃ
1111 372 1242 411 diuina
1270 371 1558 411 euidentissime
1586 372 1704 409 ducta
1731 371 1985 421 expositaque
2012 384 2095 409 om-

158 430 272 468 nibus
299 426 501 467 obliteret?
533 428 654 476 Quod
683 427 713 465 si
742 429 879 465 harum
906 428 1037 476 legum
1065 433 1171 464 tanta
1193 432 1251 464 est
1264 424 1490 475 auctoritas,
1507 425 1652 463 nemini
1667 423 1830 462 dubium
1845 437 1928 463 esse
1943 431 2091 474 potest,

157 482 250 533 quin
278 483 341 520 lex
367 481 490 519 Mosis
518 481 656 518 eadem
684 481 911 519 auctoritate
939 479 1006 529 sit,
1043 492 1120 529 qua
1141 480 1270 529 legem
1298 479 1512 517 naturalem
1541 491 1587 516 ac
1615 477 1788 516 diuinam
1817 477 1955 515 tradit:
1990 477 2092 526 prin-

159 536 260 585 cipia
281 534 480 584 antiquata
509 545 714 585 reuocans,
758 534 961 572 restituens
985 533 1158 583 perdita,
1188 532 1320 583 ignota
1349 531 1664 581 communicans,
1699 533 1733 569 &
1763 530 1894 569 diuina
1921 530 2094 580 prodens

159 591 332 627 humano
362 588 496 625 modo.

209 643 327 680 Thes.
361 655 420 679 10.
448 642 512 678 De
538 641 710 678 humana
737 647 860 679 autem
889 641 987 688 lege,
1019 640 1068 677 ἐφ’
1087 640 1308 690 praeceptis
1322 639 1564 676 iudicialibus
1579 649 1679 687 quae
1693 637 1886 675 habentur
1900 635 1939 674 in
1955 637 2091 685 Mose,

158 708 238 733 non
268 701 323 733 est
352 694 492 732 mirum
521 691 552 730 si
577 694 738 732 variant
762 695 986 737 sententiae,
1014 705 1088 730 nec
1116 691 1205 730 satis
1234 692 1283 730 de
1310 691 1539 730 auctoritate
1568 691 1648 728 eius
1676 689 1774 728 inter
1802 701 1874 727 nos
1897 689 2094 728 conuenit.

157 749 256 786 Cum
286 746 390 786 enim
419 745 623 784 hominum
652 746 826 785 conditio
855 745 1117 784 indesinenter
1145 745 1266 783 variet
1297 756 1417 794 quam
1438 744 1668 793 plurimum,
1699 743 1734 781 &
1762 742 1904 780 iudicia
1932 742 1980 780 de
2002 755 2094 780 con-

160 801 308 839 ditione
348 800 522 850 ipsorum
566 798 731 848 varient,
771 802 806 838 ἃ
848 812 918 849 pro
960 798 1189 837 conditione
1234 797 1462 847 iudiciisque
1491 797 1696 835 hominum
1724 795 1873 834 varient
1901 796 2092 834 humanae

157 856 280 905 leges,
323 855 358 891 δε
401 853 438 890 in
467 852 525 890 his
553 852 644 902 ipsis
671 853 853 890 omnibus
881 865 961 890 non
993 851 1057 890 hic
1086 853 1210 889 solum
1236 851 1286 888 ab
1314 851 1402 900 illo,
1443 851 1510 888 sed
1541 862 1639 888 vnus
1667 850 1702 886 &
1730 849 1835 887 idem
1864 849 2094 898 plerumque

159 910 181 945 Ξῖ
210 921 250 945 se
278 907 363 956 ipso
393 905 611 952 dissentiat,
645 906 814 954 denique
847 919 916 955 per
944 918 983 943 se
1020 906 1059 943 in
1088 905 1270 943 omnibus
1299 904 1456 954 εὔριπος
1484 904 1703 953 ἅνθρωπος,
1732 901 1840 951 quod
1868 903 1986 951 vulgo
2015 901 2091 939 dici

158 962 280 999 solet:
318 959 358 997 id
396 961 533 997 contra
560 960 660 997 soret
689 972 841 997 summa
867 958 1125 996 admiratione
1154 957 1442 1007 dignissimum,
1484 956 1514 993 si
1544 955 1580 993 in
1610 955 1755 993 iudicio
1784 955 1834 993 de
1863 953 2093 993 auctoritate

158 1015 289 1063 legum
316 1012 551 1051 iudicialium
580 1012 724 1062 Mosis,
754 1013 788 1049 ἃ
814 1014 862 1050 de
893 1011 1072 1050 humanis
1099 1010 1271 1060 legibus,
1296 1021 1433 1047 omnes
1455 1008 1634 1047 homines
1649 1008 1748 1046 inter
1763 1020 1803 1046 se
1818 1007 2094 1046 consentirent.

162 1066 399 1104 Iudiciorum
432 1065 534 1103 enim
565 1077 716 1103 summa
742 1073 799 1105 est
827 1065 1048 1109 infirmitas,
1079 1062 1388 1113 frequentissima
1413 1061 1598 1111 varietas,
1627 1061 1864 1099 incredibilis
1880 1060 2095 1111 diuersitas,

157 1120 274 1157 etiam
302 1119 340 1157 in
370 1121 487 1157 rebus
517 1118 751 1170 leuioribus,
781 1121 816 1157 δι
845 1118 883 1155 in
913 1131 954 1156 re
966 1124 1072 1156 tanta
1089 1116 1173 1166 quis
1189 1115 1424 1154 iudiciorum
1440 1114 1732 1165 certitudinem,
1754 1113 2094 1163 stabilitatemque,

160 1176 194 1211 ἃ
225 1172 523 1211 consensionem
552 1172 686 1209 credat
714 1170 882 1210 obtineri
909 1168 1052 1220 posse?
1107 1172 1376 1208 Veruntamen
1403 1168 1606 1206 nitendum
1635 1175 1692 1205 est
1720 1167 1853 1217 nobis,
1892 1174 1934 1205 vt
1962 1167 2094 1217 quoad

160 1226 240 1264 eius
268 1225 352 1263 fieri
379 1231 530 1275 potest,
557 1224 698 1263 iudicia
727 1224 933 1263 hominum
961 1224 1198 1270 adunentur3
1225 1226 1259 1261 ἃ
1289 1222 1381 1272 quia
1407 1221 1617 1271 plurimum
1645 1221 1695 1259 ad
1723 1221 1826 1258 hanc
1852 1233 1935 1258 rem
1951 1227 2094 1270 potest,

159 1279 189 1317 si
230 1291 365 1317 causas
400 1278 563 1317 istorum
599 1279 810 1327 malorum,
853 1289 952 1327 quae
975 1276 1116 1315 iudicia
1144 1278 1316 1314 humana
1343 1281 1547 1324 torquent,
1587 1273 1824 1324 aperiamus:
1865 1284 1991 1324 pauca
2018 1273 2094 1311 iam

160 1333 208 1370 de
234 1345 282 1370 eo
310 1338 540 1382 argumento
569 1330 711 1369 dicturi
738 1343 884 1370 sumus.

210 1385 451 1423 Iudicioruni
479 1385 740 1422 humanorum
767 1383 831 1422 hic
860 1384 959 1422 ordo
988 1385 1011 1421 a
1038 1384 1125 1421 Deo
1157 1384 1192 1421 &
1220 1389 1357 1420 natura
1376 1381 1448 1419 fuit
1475 1380 1730 1431 constitutus,
1758 1386 1799 1418 vt
1826 1379 1924 1418 ratio
1953 1377 2094 1429 princi-

159 1438 222 1488 pia
246 1451 293 1476 ex
322 1439 520 1476 intellectu
548 1438 816 1487 depromeret,
840 1450 888 1474 ex
915 1435 1112 1486 principiis
1140 1435 1415 1474 conclusiones
1438 1440 1629 1483 necteret,
1659 1432 1932 1472 conclusiones
1947 1439 2096 1482 aptaret

159 1492 274 1530 rebus
302 1491 615 1541 particularibus,
651 1493 686 1529 &
714 1503 761 1529 ex
789 1490 1079 1529 conditionibus
1107 1488 1423 1539 particularibus,
1467 1487 1828 1537 determinationes,
1852 1486 1989 1537 iustas,
2021 1485 2094 1523 sin-

159 1547 290 1595 gulas,
333 1557 488 1594 omnes,
529 1543 713 1592 omnino,
758 1543 866 1582 omni
892 1550 1090 1593 tempore,
1126 1543 1176 1581 ad
1207 1542 1339 1580 omnia
1366 1542 1596 1591 conficeret,
1638 1543 1673 1579 δε
1701 1540 1798 1578 alios
1827 1539 1976 1578 ratione
1999 1538 2098 1577 iusta

162 1598 416 1636 conficientes
440 1599 681 1636 obseruaret.
717 1599 763 1635 In
791 1597 850 1635 his
878 1603 1008 1634 autem
1038 1596 1220 1634 omnibus
1248 1596 1298 1633 ad
1322 1594 1472 1642 singula
1499 1593 1663 1632 labascit
1689 1593 1875 1631 iudicium
1904 1599 2093 1631 nostrum.

160 1651 333 1689 Primum
380 1650 483 1689 enim
525 1650 743 1689 intellectus
783 1663 863 1689 non
905 1651 1023 1688 habet
1064 1649 1289 1687 communia
1316 1649 1380 1687 illa
1413 1647 1602 1697 principia
1629 1648 1798 1685 enodata
1826 1648 1861 1684 &
1890 1645 2098 1696 explicata,

160 1712 200 1743 vt
227 1716 326 1754 opus
355 1711 454 1742 esset
482 1704 533 1742 ad
553 1703 743 1742 iudicium
772 1705 876 1742 recte
905 1703 955 1741 de
984 1704 1100 1741 rebus
1130 1702 1245 1741 tantis
1273 1701 1511 1740 faciendum:
1536 1712 1664 1750 neque
1690 1701 1871 1738 voluntas
1885 1698 2097 1738 intellectui

160 1757 369 1796 excitando
399 1759 434 1796 &
465 1757 679 1796 recolendo
707 1756 883 1806 inseruit,
922 1764 963 1794 vt
990 1769 1059 1806 par
1088 1762 1165 1807 est3
1200 1769 1247 1794 ex
1275 1767 1355 1804 quo
1383 1756 1445 1800 fit,
1476 1761 1517 1792 vt
1544 1767 1696 1803 semper
1724 1753 1773 1791 de
1803 1752 1959 1790 turbido
1988 1753 2097 1790 fonte

159 1811 302 1849 iudicia
329 1810 577 1857 hauriantur,
607 1811 794 1861 obscura,
822 1809 998 1859 turbida,
1025 1809 1197 1859 impura,
1226 1809 1378 1847 vitiosa.
1421 1807 1575 1846 Deinde
1603 1809 1695 1846 vero
1725 1806 1877 1844 infirma
1906 1813 1985 1856 est,
2028 1804 2097 1843 im-

160 1866 351 1914 perfecta,
381 1866 416 1902 81
438 1864 687 1914 perturbata,
718 1865 1007 1913 deprauataque
1035 1862 1157 1912 ratio,
1188 1874 1288 1912 quae
1317 1876 1363 1900 ex
1390 1861 1725 1912 qualibuscunque
1748 1859 1821 1898 illis
1836 1857 2033 1909 principiis
2049 1858 2098 1897 de

163 1917 363 1956 intellectu
405 1924 540 1955 nostro
583 1916 766 1955 deriuatis
808 1916 1084 1955 conclusiones
1124 1922 1276 1954 tenetur
1317 1917 1466 1954 facere:
1504 1914 1585 1952 siue
1614 1912 1847 1963 impediatur
1876 1912 1953 1951 suis
1978 1910 2097 1962 ipsius

163 1971 354 2020 tenebris,
396 1970 477 2009 siue
518 1969 815 2020 particularibus
857 1969 991 2008 studiis
1027 1971 1256 2008 obscuretur
1284 1976 1400 2019 atque
1429 1968 1670 2011 traducatur,
1711 1967 1763 2004 ad
1791 1977 1891 2015 quae
1919 1967 2099 2003 voluntas

160 2024 342 2062 omnibus
385 2023 613 2071 momentis,
651 2023 862 2062 innumeris
905 2022 1052 2074 modis,
1095 2022 1279 2071 obiectis,
1320 2024 1355 2061 &
1384 2020 1656 2060 occasionibus
1684 2019 1885 2069 abripitur.
1926 2020 2030 2056 Tum
2059 2024 2101 2056 vt

163 2077 437 2115 conclusiones
479 2076 597 2114 iustas
638 2077 935 2125 quodammodo
979 2090 1026 2114 ex
1066 2075 1267 2125 principiis
1308 2074 1495 2113 iudicium
1524 2081 1702 2112 nostrum
1733 2085 1802 2122 per
1829 2071 2101 2110 conclusiones

163 2143 249 2169 suas
279 2144 325 2168 ex
352 2129 550 2180 principiis
593 2137 749 2180 oportet
777 2137 967 2179 statuere,
999 2129 1115 2167 nobis
1144 2136 1223 2166 tam
1253 2130 1446 2167 obscurae
1473 2133 1563 2165 sunt
1584 2140 1677 2176 prae
1705 2125 1928 2164 infirmitate
1955 2131 2101 2174 nostra,

160 2186 196 2222 δι
235 2192 373 2221 natura
413 2183 605 2233 ipsarum,
644 2186 679 2222 &
720 2195 883 2221 numero
927 2186 982 2231 (vt
1023 2182 1076 2220 ita
1116 2182 1308 2231 dicamus)
1339 2182 1564 2219 innumero:
1604 2186 1647 2217 vt
1679 2178 1794 2217 nobis
1818 2191 1971 2228 semper
1999 2189 2102 2227 aqua

161 2238 287 2286 (quod
315 2236 441 2284 aiunt)
466 2237 645 2283 haereat,
674 2238 779 2274 velut
806 2236 845 2274 in
875 2235 1041 2286 caligine
1068 2249 1186 2274 caeca
1200 2234 1468 2285 palpantibus,
1493 2232 1721 2283 praesertim
1745 2231 1775 2270 si
1789 2232 1839 2270 ad
1855 2230 2102 2270 conditiones

161 2290 410 2339 particulares
434 2301 563 2327 rerum
592 2301 723 2328 earum
748 2289 974 2339 respicimus
999 2290 1048 2327 de
1071 2288 1212 2337 quibus
1240 2295 1396 2338 oportet
1416 2286 1592 2325 iudicari.
1613 2285 1768 2324 Etenim
1789 2298 1869 2323 non
1894 2286 2020 2323 solum
2043 2297 2103 2322 res

160 2344 266 2392 ipsae
289 2351 426 2381 natura
450 2354 518 2381 sua
541 2342 756 2393 variantur,
778 2343 847 2381 sed
871 2342 986 2380 etiam
1003 2341 1249 2380 conditiones
1264 2343 1302 2380 in
1317 2341 1408 2391 ipsis
1424 2353 1493 2390 per
1509 2346 1709 2378 momenta
1723 2338 1874 2388 singula
1889 2337 2104 2376 succedunt

161 2396 256 2435 aliae
300 2396 404 2434 aliis:
449 2408 545 2445 quas
585 2397 691 2434 nulla
726 2403 904 2434 creatura
932 2395 1110 2445 quamuis
1140 2394 1404 2433 oculatissima
1431 2397 1466 2432 δί
1491 2395 1606 2444 plane
1633 2394 1813 2442 Lyncea,
1850 2404 1900 2429 ne
1929 2390 2104 2429 caelestis

161 2449 338 2498 quidem,
377 2450 550 2499 perfecte
587 2449 711 2498 possit
739 2462 1046 2499 recognoscere,
1078 2447 1152 2486 nisi
1180 2448 1367 2486 instructa
1395 2447 1535 2486 virtute
1566 2445 1734 2497 gratiosa
1761 2444 1839 2483 Dei
1867 2446 1954 2493 su(f.
1987 2445 2104 2493 1501)

161 2516 230 2552 pra
271 2509 449 2540 naturam
486 2501 624 2551 ipsius,
660 2504 695 2540 ἃ
730 2510 860 2540 tamen
900 2502 983 2540 sine
1012 2503 1087 2540 hac
1115 2501 1341 2551 cognitione
1370 2512 1498 2539 rerum
1527 2499 1878 2548 conditionumque
1901 2498 2104 2547 particula-

161 2556 282 2603 rium,
324 2556 418 2605 quid
461 2555 543 2593 fieri
584 2562 713 2605 potest
757 2555 851 2593 certi
892 2557 927 2593 δε
969 2554 1158 2604 explorati
1186 2553 1342 2603 iudicij?
1377 2554 1582 2603 quomodo
1609 2553 1730 2590 iustae
1759 2550 2105 2590 determinationes

162 2608 308 2647 iudicio
348 2615 454 2647 certo
487 2607 686 2647 adhiberi?
727 2608 835 2647 Hinc
863 2608 927 2646 illa
956 2608 1190 2646 iudiciorum
1221 2607 1472 2658 peruersitas,
1501 2606 1593 2644 hinc
1622 2604 1857 2656 differentia,
1887 2603 2104 2642 secundum

163 2674 281 2711 quam
310 2674 385 2700 nec
412 2661 581 2711 singulas
610 2661 953 2700 determinationes
980 2662 1098 2700 iustas
1126 2673 1217 2698 cum
1246 2660 1396 2698 ratione
1424 2659 1609 2708 facimus,
1635 2660 1758 2696 multo
1789 2658 1915 2696 minus
1932 2655 2104 2703 omneis3

162 2727 237 2753 nec
264 2715 449 2765 omnino,
475 2727 548 2753 nec
576 2715 685 2753 omni
712 2722 907 2765 tempore,
936 2728 1010 2753 nec
1038 2715 1089 2752 ad
1117 2714 1248 2752 omnia
1275 2713 1458 2761 facimus3
1492 2726 1566 2751 nec
1594 2711 1712 2761 alios,
1741 2711 1772 2749 si
1800 2711 1958 2760 quando
1986 2709 2105 2747 iustas

164 2767 512 2806 determinationes
546 2767 711 2819 faciunt,
747 2769 961 2806 commode
998 2767 1185 2806 facientes
1221 2766 1580 2805 animaduertimus.
1621 2767 1682 2803 Ex
1716 2764 1775 2802 his
1804 2771 1882 2802 tam
1912 2763 2043 2801 multis
2070 2762 2105 2799 &

1923 2814 2107 2866 grauibus
