2334 3020
683 110 749 136 DE
796 106 1073 135 POLITIAE
1115 106 1283 133 MOSIS
1327 108 1517 135 OBSER.
1995 97 2068 145 365

115 224 221 272 quod
250 223 315 259 dm
343 234 503 271 aequum
530 222 651 259 visum
680 225 744 256 css.
774 219 839 257 Sin
867 227 997 256 autem
1026 217 1261 268 ignorantia„
1291 228 1357 254 aut
1387 215 1608 253 infirmitate
1638 227 1729 259 εἰη,
1758 223 1823 251 aut
1854 213 1983 251 studio
2015 217 2061 251 co

117 276 319 313 delabatur
348 274 484 323 miser,
514 280 553 311 vt
582 271 859 310 conscientiam
887 279 1066 310 aeternae
1094 270 1189 321 legis
1216 269 1332 316 illius,
1361 278 1426 307 aut
1453 267 1720 318 c.)gnitioncn1
1740 280 1876 305 corum
1892 267 2061 315 adquae

116 327 325 378 respiciunt
352 329 476 377 leges,
507 326 632 364 minus
660 325 886 373 attenderit7
914 325 1119 374 minusque
1135 324 1313 362 tenuerit:
1331 335 1420 361 eum
1435 322 1674 360 affirmamus
1691 320 1793 370 turpi
1813 322 1889 358 hoc
1905 320 2061 358 defectu

117 383 208 419 cuin
254 380 347 429 sibi,
389 388 471 418 tum
513 379 672 429 publico
707 391 790 417 esse
824 378 1023 416 iniurium:
1067 376 1157 426 sibi7
1187 377 1278 426 quia
1308 376 1498 414 rationem
1528 374 1715 424 negligit.
1744 385 1862 422 quam
1893 376 1916 411 a
1951 372 2063 422 legis-

117 436 240 472 latore
264 435 300 472 &
328 432 504 483 principe
531 445 690 470 necesse
718 439 775 470 est
803 445 851 470 eo
878 431 1044 481 amplius
1073 430 1198 468 curari
1226 430 1261 467 ὃζ
1289 429 1386 475 coli„
1422 440 1501 478 quo
1532 429 1617 477 plus
1646 427 1891 465 auctoritatis
1922 427 2064 464 habet:

118 486 278 537 publico
315 493 467 537 autern,
509 485 600 535 quia
628 498 744 523 causa
774 484 921 535 publici
949 487 984 523 ἃ
1011 485 1062 522 ad
1091 485 1241 522 bonum
1270 482 1471 532 publicum
1499 481 1648 519 ratione
1676 482 1711 519 δε
1739 479 1971 518 auctoritate
1999 479 2066 517 illa

120 552 189 579 sua
217 540 425 577 instructus
453 547 529 587 est,
559 550 637 588 qua
664 539 702 577 in
731 538 968 577 contrarium
997 537 1107 576 abuti
1135 543 1192 574 est
1222 535 1547 585 indignissimum.

173 593 250 631 Sed
279 592 373 642 quid
410 592 441 631 si
469 593 596 641 legem
625 594 771 630 bonam
802 597 1018 630 commutet
1045 591 1165 628 altera
1192 597 1271 626 tam
1299 586 1425 626 bona?
1454 589 1532 626 hoc
1560 587 1665 625 enim
1694 586 1909 636 aliquando
1939 592 2067 634 potest

120 646 370 696 contingere7
408 653 447 683 vt
483 645 665 694 (exempli
702 646 836 696 causa)
865 644 895 682 si
924 656 1043 694 quem
1072 650 1225 681 sontem
1253 653 1371 691 quem
1399 643 1461 679 lex
1488 641 1621 691 gladio
1651 640 1876 688 addixerat,
1906 638 2064 677 addicat

119 701 280 749 laqueo:
310 704 443 737 nonne
471 700 568 736 haec
597 710 755 748 quoque
781 697 964 748 mutatio,
989 697 1130 735 dixerit
1153 695 1365 746 quispiam„
1390 702 1520 744 potest
1536 690 1789 743 contingere?
1806 690 2066 741 siconti1igit‚

119 758 251 791 nonne
287 753 382 790 falsa
418 752 653 791 antecedens
683 751 747 789 illa
775 751 996 789 distributio
1024 751 1152 788 futura
1181 757 1257 795 est„
1285 754 1351 786 aut
1379 747 1417 785 in
1447 747 1584 785 melius
1613 748 1763 796 solum„
1793 753 1860 783 aut
1888 745 1927 783 in
1957 745 2066 794 peius

121 804 356 843 mutationes
384 806 514 855 legum
545 802 729 844 existere?
759 807 945 856 Agnosco
974 803 1014 841 id
1042 802 1221 853 quidem,
1250 801 1332 839 fieri
1359 812 1644 849 nonnunquam
1669 813 1784 849 posse
1810 807 1849 837 vt
1865 801 1926 837 lex
1941 810 2069 847 aequa

119 859 306 897 succedat
335 871 502 907 aequae,
533 861 568 896 ἃ
596 859 677 896 fieri
707 871 822 908 posse
851 866 891 895 vt
921 870 996 895 vna
1025 858 1218 906 peraeque
1245 868 1292 893 ac
1320 855 1441 892 altera
1472 854 1613 891 nitatur
1633 853 1827 903 aequitate
1852 852 1970 890 iusta:
1998 852 2069 890 sed

122 921 250 950 tamen
281 925 362 950 non
391 911 585 962 sequitur7
614 912 645 950 si
675 913 781 949 nulla
809 911 970 949 euidens
997 917 1054 948 est
1082 909 1224 947 Vtilitas
1253 915 1414 958 propter
1441 919 1559 956 quam
1589 907 1794 945 recedatur
1818 908 1840 943 a
1858 911 2018 954 recepto
2035 905 2070 941 δε

121 972 312 1003 consueto
350 964 451 1002 iure:
489 978 570 1003 non
607 964 803 1015 sequitur,
841 964 1024 1014 inquam„
1062 964 1190 1012 legem
1218 961 1421 1011 pristinam
1450 973 1540 998 cum
1572 960 1723 997 ratione
1751 966 1942 997 mutatam
1973 971 2071 996 esse.

122 1019 224 1056 Nam
252 1025 293 1056 vt
321 1018 459 1056 demus
487 1020 615 1068 legem
643 1020 745 1056 hanc
775 1031 865 1056 cum
893 1018 957 1055 illa
984 1017 1023 1054 in
1051 1029 1091 1054 se
1121 1027 1249 1064 aequo
1278 1015 1359 1052 iure
1388 1026 1493 1064 esse3
1523 1013 1561 1050 in
1592 1012 1751 1062 publico
1782 1020 1938 1060 tamen7
1961 1011 2071 1049 cuius

122 1084 240 1109 causa
266 1072 441 1110 feruntur
468 1073 590 1121 leges,
621 1085 701 1110 non
732 1078 859 1121 potest
887 1070 1026 1109 eadem
1055 1082 1138 1108 esse
1167 1068 1266 1106 ratio
1296 1067 1494 1116 Vtriusque
1522 1066 1622 1104 illius
1649 1066 1761 1115 legis:
1792 1065 1884 1115 quia
1909 1064 2072 1102 mutatio

124 1124 372 1173 huiusmodi,
411 1124 658 1171 temeritatis„
695 1138 741 1162 ac
770 1137 852 1162 non
881 1122 1085 1173 aequitatis
1114 1129 1193 1172 est,
1223 1121 1254 1159 si
1281 1133 1363 1160 non
1392 1127 1496 1158 extat
1525 1119 1685 1157 euidens
1717 1118 1857 1157 vtilitas
1887 1131 1956 1167 per
1985 1131 2073 1156 eam

123 1178 283 1228 publico
322 1190 544 1216 accessura:
584 1177 740 1216 Deinde
777 1177 903 1227 (quod
938 1176 994 1215 rei
1030 1182 1148 1226 caput
1181 1177 1254 1223 est)
1290 1174 1454 1212 mutatio
1491 1173 1563 1211 ista
1592 1185 1671 1210 non
1704 1172 1831 1222 iuuat⁷
1860 1172 1929 1209 sed
1958 1178 2076 1208 nocet

125 1232 307 1281 publico:
343 1230 435 1280 quia
470 1231 751 1270 mutationibus
788 1231 973 1269 minuitur
1006 1231 1138 1279 legum
1171 1227 1403 1276 auctoritas7
1440 1238 1541 1276 quae
1575 1237 1777 1275 nunquam
1811 1224 1885 1262 nisi
1914 1232 2076 1274 propter

125 1284 315 1322 maiorem
349 1284 553 1323 vtilitatem
593 1296 845 1323 communem
886 1282 1056 1321 conuelli
1094 1289 1160 1320 aut
1188 1280 1432 1319 commoneri
1462 1281 1592 1318 debet.
1636 1278 1715 1328 Qui
1746 1291 1839 1328 ergo
1869 1278 1924 1316 sic
1953 1284 2078 1315 mutat

123 1340 272 1388 legem,
301 1345 341 1375 vt
370 1349 519 1387 aequae
551 1337 616 1376 vni
644 1337 854 1376 substituat
881 1344 961 1374 tam
990 1348 1156 1385 aequam
1185 1336 1368 1372 alteram:
1399 1333 1473 1371 nisi
1501 1333 1664 1371 vtilitate
1692 1332 1900 1382 publica&
1917 1331 2076 1380 quidem

126 1391 272 1429 maiore
299 1394 347 1430 eo
378 1391 618 1439 adducatur„
648 1391 679 1429 is
707 1393 743 1429 &
773 1390 856 1428 sine
884 1389 1055 1439 ratione,
1084 1391 1120 1427 δε
1148 1396 1286 1427 contra
1315 1387 1508 1425 rationem
1537 1385 1641 1424 facit.
1671 1386 1762 1424 Sine
1788 1384 1938 1423 ratione
1964 1384 2076 1432 facit,

126 1444 217 1494 quia
241 1457 323 1482 rem
350 1444 500 1483 ratione
519 1444 773 1482 constitutam
794 1445 960 1493 abrogat
982 1456 1029 1481 ex
1049 1444 1133 1481 sola
1153 1441 1272 1479 animi
1294 1441 1352 1479 sui
1372 1440 1535 1479 libidine
1557 1447 1675 1488 atque
1690 1440 1913 1477 voluntate:
1939 1445 2078 1475 contra

127 1497 318 1535 rationem
347 1496 459 1546 facit,
489 1497 580 1547 quia
609 1497 770 1547 publico
798 1497 987 1535 damnum
1017 1497 1164 1546 adfert7
1196 1494 1374 1533 minuens
1403 1494 1509 1531 illam
1538 1493 1616 1531 vim
1645 1492 1886 1543 obligantem
1915 1493 1951 1529 δε
1982 1503 2075 1529 con-

126 1550 378 1601 stringentem
415 1552 566 1600 legum,
606 1551 641 1588 &
679 1550 952 1588 auctoritatem
980 1561 1114 1587 earum
1142 1548 1356 1598 propinans
1385 1547 1639 1585 illudendam.
1669 1559 1747 1596 qua
1773 1545 1924 1583 ratione
1952 1546 1987 1582 ἃ
2015 1544 2078 1581 hic

125 1616 283 1653 quoque
325 1604 522 1653 legislator
548 1604 585 1642 in
616 1603 726 1654 peius
755 1604 923 1642 deficere
953 1610 1106 1652 praeter
1133 1601 1326 1640 rationem
1356 1612 1611 1639 communem
1641 1599 1747 1637 illam
1779 1598 1968 1636 dicendus
1998 1605 2076 1636 est:

129 1657 252 1705 Quia,
281 1665 321 1695 vt
350 1658 488 1695 demus
516 1659 621 1707 leges
650 1657 749 1696 inter
778 1671 818 1695 se
847 1657 956 1695 omni
984 1670 1032 1694 ex
1061 1662 1169 1705 parte
1196 1656 1378 1704 aequales
1407 1667 1509 1701 esse„
1548 1666 1629 1691 non
1659 1660 1719 1691 est
1745 1660 1877 1690 tamen
1905 1650 2078 1700 aequalis

127 1723 260 1749 earum
288 1710 387 1748 ratio
417 1712 467 1748 ad
497 1724 709 1749 commune
739 1712 908 1760 bonum,
935 1712 971 1748 δι
996 1716 1173 1759 respectu
1189 1708 1312 1759 illius3
1338 1708 1400 1746 cui
1416 1719 1617 1757 nunquam
1632 1719 1714 1744 non
1730 1707 1845 1744 obest
1860 1705 2078 1744 secundnm

128 1777 168 1802 se
198 1765 327 1814 legum
355 1764 605 1813 permutatio.

180 1818 257 1855 Sed
283 1819 381 1855 haec
410 1830 527 1856 causa
556 1818 595 1855 in
625 1817 805 1855 humanis
834 1816 1005 1867 legibus,
1035 1829 1131 1866 quas
1160 1815 1341 1854 homines
1371 1816 1498 1853 solum
1526 1815 1678 1862 ferunt,
1700 1812 1771 1851 etsi
1785 1810 1985 1850 verissima
2000 1819 2077 1850 est:

127 1878 256 1908 tamen
285 1872 386 1908 m‘lzil
409 1872 466 1909 ad
487 1873 605 1920 legem
634 1872 765 1909 ,Masis
791 1872 943 1920 attinet,
975 1871 1083 1907 cuius
1112 1876 1249 1907 auctor
1279 1870 1329 1906 ὅθ
1355 1869 1529 1906 sancitor
1550 1869 1677 1905 Deus.
1705 1867 1806 1905 Cum
1823 1865 1928 1903 enim
1945 1877 2078 1902 earum

126 1927 257 1975 legum
288 1936 388 1973 quae
417 1924 643 1974 simpliciter
671 1925 866 1962 humanae
896 1931 1002 1972 sunt.
1032 1923 1130 1961 ratio
1161 1924 1196 1960 δε
1225 1921 1436 1960 auctoritas
1465 1924 1638 1959 humana
1667 1920 1736 1968 sit,
1765 1931 1931 1968 quarum
1960 1918 2025 1956 illa
2040 1917 2079 1955 in

126 1977 308 2024 homine,
338 1978 433 2015 dum
462 1977 527 2015 hic
555 1977 671 2027 viuit‚
701 1990 855 2027 semper
883 1977 1113 2026 imperfecta
1140 1983 1216 2014 est:
1246 1977 1344 2013 haec
1372 1977 1394 2013 a
1418 1987 1570 2013 summa
1585 1973 1817 2012 auctoritate
1832 1971 1958 2010 Dei&
1976 1971 2077 2010 ordi·

128 2031 285 2069 natione
314 2031 478 2080 pendet:
517 2038 667 2069 certum
696 2039 754 2069 est
781 2032 971 2068 humanas
999 2031 1104 2080 leges
1132 2031 1168 2068 &
1197 2028 1349 2067 ratione
1377 2030 1412 2067 &
1442 2027 1674 2066 auctoritate
1703 2026 1952 2076 imperfectas
1982 2038 2079 2063 esse.

129 2085 198 2122 Est
227 2091 357 2122 autem
387 2083 427 2121 id
455 2085 504 2122 de
531 2092 670 2122 natura
699 2084 1013 2134 imperfectarum
1045 2095 1193 2125 rerum„
1221 2089 1262 2120 vt
1291 2082 1532 2120 contendant
1560 2081 1609 2118 ad
1637 2079 1919 2130 perfectionem
1936 2078 2012 2127 sui,
2040 2078 2079 2116 id

129 2145 207 2187 est7
233 2137 283 2175 ad
307 2136 563 2175 mutationem
587 2138 644 2176 sui
667 2138 705 2175 in
730 2137 880 2176 melius.
911 2138 1018 2186 Ergo
1041 2138 1103 2175 vel
1125 2144 1262 2174 natura
1286 2136 1369 2186 ipsa
1383 2135 1635 2181 testificante„
1661 2134 1918 2172 confiteamur
1943 2144 2080 2170 omnes

129 2192 164 2229 δι
202 2190 341 2240 singuli
379 2203 541 2228 necesse
578 2199 654 2240 est7
683 2193 788 2240 leges
816 2192 1029 2237 humanas„
1060 2202 1160 2238 quae
1188 2189 1349 2239 quidem
1378 2188 1606 2237 simpliciter
1634 2188 1830 2224 humanae
1859 2192 1968 2230 sunt,
1998 2198 2081 2223 esse

130 2244 356 2293 mutabiles,
386 2243 477 2293 quia
507 2244 741 2294 principium
771 2245 919 2282 habent
947 2245 997 2281 ab
1020 2243 1251 2292 imperfecta
1275 2241 1425 2280 ratione
1441 2243 1476 2279 &
1492 2240 1902 2290 auctoritate„verum
1919 2239 1957 2276 in
1973 2240 2078 2288 Lege

130 2297 275 2343 Mosis„
304 2305 511 2346 Vtrumque
539 2298 657 2343 longe
685 2297 796 2335 aliter
824 2310 864 2335 se
892 2298 1032 2345 habet,
1059 2296 1179 2341 ratio,
1211 2304 1328 2344 atquc
1357 2295 1580 2334 auctoritas.
1610 2295 1712 2332 Nam
1741 2292 1929 2343 quicquid
1946 2293 2079 2330 Moses

130 2350 329 2400 praecepit
366 2351 470 2400 lege,
509 2349 549 2388 id
585 2350 798 2389 certissime
837 2353 860 2388 a
898 2350 1049 2388 ratione
1087 2358 1246 2388 aeterna
1284 2356 1340 2387 est
1378 2351 1474 2399 pure
1513 2349 1756 2398 profectum:
1785 2345 1903 2384 etiam
1932 2345 2081 2383 ratione

129 2403 293 2441 naturali
324 2403 362 2441 in
394 2405 511 2442 rebus
539 2411 726 2452 naturae,
756 2406 791 2442 δε
820 2403 970 2442 ratione
999 2403 1132 2441 diuina
1156 2402 1193 2440 in
1219 2404 1335 2440 rebus
1352 2402 1497 2452 gratiae
1512 2408 1772 2440 contestante.
1802 2399 1865 2437 Sic
1881 2400 2026 2436 nullam
2043 2398 2081 2436 in

129 2470 169 2495 se
197 2456 536 2507 imperfectionem
566 2457 726 2495 rationis
753 2458 815 2495 lex
844 2457 965 2495 Mosis
995 2467 1167 2506 vnquam
1194 2456 1352 2501 habuit.
1382 2463 1448 2493 aut
1475 2454 1657 2493 habuisse
1679 2453 1848 2492 dicenda
1863 2460 1931 2490 est.
1961 2453 2082 2500 Quod

128 2510 231 2548 enim
264 2523 305 2548 se
333 2510 656 2548 accommodauit
684 2511 833 2560 populo
864 2510 917 2548 illi
945 2510 1009 2548 cui
1037 2510 1252 2557 ferebatur,
1282 2509 1316 2546 δι
1346 2508 1421 2546 illis
1448 2508 1714 2558 temporibus:
1744 2506 1784 2544 id
1800 2508 1907 2544 certe
1923 2504 2083 2543 rationis

129 2571 187 2601 est
215 2563 427 2601 maximae:
458 2571 609 2602 tantum
639 2565 772 2611 abest,
801 2571 843 2602 vt
873 2577 920 2602 eo
950 2562 1109 2601 nomine
1136 2561 1312 2601 accusari
1342 2561 1648 2611 imperfectionis
1675 2560 1713 2598 in
1743 2573 1804 2609 se,
1833 2566 1900 2597 aut
1922 2558 2083 2596 rationis

130 2616 302 2655 minutae
329 2616 465 2666 possit.
493 2617 781 2655 Auctoritatem
811 2620 904 2655 vero
933 2618 995 2654 lex
1024 2616 1148 2654 Mosis
1176 2624 1383 2664 Vtramque
1411 2614 1567 2653 habuit:
1599 2614 1708 2664 quod
1737 2625 1855 2650 nemo
1871 2613 1994 2650 homo
2011 2612 2083 2650 sibi

130 2677 260 2720 potest
302 2682 519 2719 assumere7
550 2670 621 2708 fuit
648 2670 752 2708 enim
781 2678 918 2708 auctor
947 2672 982 2708 ἃ
1012 2669 1185 2707 sancitor
1212 2669 1308 2718 legis
1336 2668 1438 2706 illius
1467 2668 1626 2718 publica
1654 2665 1928 2705 testificatione
1957 2667 2083 2714 Deus,

133 2723 240 2762 cuius
270 2735 421 2761 summa
449 2731 507 2762 est
535 2726 570 2762 δε
599 2723 859 2762 ineluctabilis
888 2725 929 2772 (f.
963 2726 1079 2773 1510)
1107 2722 1146 2761 in
1175 2721 1343 2760 ferendis
1372 2722 1522 2771 legibus
1539 2720 1837 2769 sanciendssque
1852 2718 2082 2766 auctoritas.

135 2784 217 2814 tum
247 2776 518 2815 auctoritatem
548 2778 759 2815 humanam
789 2778 824 2814 δε
853 2776 1148 2815 subordinatam
1180 2779 1236 2825 (vt
1264 2778 1422 2823 vocant)
1438 2775 1468 2813 si
1486 2775 1523 2813 in
1538 2776 1626 2825 lege
1642 2773 1765 2812 Mosis
1780 2771 2083 2819 desideraueris,

2014 2825 2084 2864 suit
