2334 3020
773 109 841 136 DE
881 107 1025 134 VERA
1067 106 1415 134 THEoLoo1A.
2014 93 2108 143 83'

88 210 93 215 ’
132 230 207 255 non
240 217 378 255 doceri.
419 218 549 265 Atque
576 216 648 254 hae
677 215 837 265 quidem
865 216 1024 254 virtutes
1051 214 1104 254 ita
1132 214 1332 254 doctrinae
1361 213 1530 253 veritatis
1558 213 1712 263 insunt,
1752 218 1792 251 vt
1819 213 1913 251 nihil
1940 213 2055 262 plane

132 270 171 308 in
199 271 314 308 rebus
342 269 481 308 creatis
509 272 543 307 δι
571 280 671 318 quae
696 269 894 307 intellectu
922 268 1071 319 percipi
1102 269 1152 306 ab
1181 267 1236 306 eis
1264 274 1439 317 possunt,
1469 280 1558 305 cum
1580 268 1655 305 hae
1670 266 1828 305 veritate
1843 266 2063 316 comparari

132 321 268 373 possit.
295 323 397 360 Nam
425 321 456 361 si
484 322 535 360 ad
563 321 862 360 sanctimoniam
889 322 1090 360 doctrinae
1119 321 1229 359 vllius
1257 321 1296 359 in
1325 334 1364 359 se
1394 320 1628 370 respexeris,
1657 331 1756 369 quae
1777 319 1937 357 tandem
1951 331 2061 357 sanc-

132 375 294 414 timonia
334 378 357 413 a
398 376 514 413 rebus
554 373 796 425 prophanis?
838 375 868 413 si
909 376 959 413 ad
994 374 1193 422 iustitiam,
1222 386 1321 423 quae
1350 373 1492 412 iustitia
1517 377 1541 412 a
1569 374 1683 411 rebus
1713 369 1891 411 iniustis?
1928 371 1986 410 sin
2013 372 2062 409 ad

132 428 431 478 perfectionem,
460 440 559 477 quae
586 428 773 478 perfectio
800 431 822 466 Ξῑ
851 430 966 467 rebus
980 427 1324 477 imperfectissimis
1340 427 1532 477 proficisci
1546 422 1699 476 possit?
1727 424 2062 475 quemadmodum

132 481 172 519 in
199 482 299 520 libro
328 480 417 519 Iobi
443 480 633 531 legimus:
662 481 747 530 quis
776 482 865 519 edat
894 481 1083 519 mundum
1111 493 1158 519 ex
1185 478 1421 518 immundo?
1449 493 1498 518 ne
1528 491 1627 518 vnus
1641 478 1813 528 quidem.
1836 479 1921 517 Iob.
1949 491 2007 525 14.
2023 491 2058 525 4.

131 535 346 573 Causarum
374 535 479 572 certe
506 534 743 584 singularum
770 542 906 572 natura
933 534 1091 584 propria
1121 547 1168 572 ex
1195 533 1378 583 qualitate
1397 532 1566 583 virtutis,
1595 533 1714 571 virtus
1729 544 1777 570 ex
1793 531 2061 570 effectionibus

131 588 300 637 ipsarum
329 586 601 637 cognoscitur:
630 600 703 626 nec
727 587 808 625 fieri
829 600 999 637 vnquam
1027 594 1178 638 potest,
1206 593 1248 625 vt
1271 598 1409 625 causae
1436 599 1458 624 a
1474 585 1550 624 suis
1564 584 1711 624 effectis
1729 591 1976 634 superentur,
1991 583 2064 622 nisi

130 640 226 678 aliae
263 640 481 690 superiores
522 653 661 679 causae
696 641 851 691 insuper
879 640 1128 687 accesserint,
1167 652 1329 689 quarum
1358 641 1516 678 effectus
1543 637 1753 688 improprie
1781 638 1908 676 solum
1938 637 2063 675 causis

127 692 374 731 inferioribus
410 693 602 732 tribuitur.
651 694 752 732 Cum
779 701 910 732 autem
938 693 1066 732 omnis
1098 694 1267 731 humana
1293 692 1474 731 doctrina
1499 693 1549 730 ab
1578 691 1739 730 homine
1766 691 1994 740 prophano,
2023 690 2058 726 &

130 746 290 796 iniusto,
333 747 368 784 ἃ
409 746 638 796 imperfecto
679 747 748 797 sit,
790 747 928 786 merito
971 745 1191 785 doctrinam
1232 758 1427 795 quamque
1463 745 1580 784 aliam
1616 744 1677 782 his
1704 742 1898 782 attributis
1926 755 2059 781 carere

130 799 360 838 iudicamus.
400 800 492 837 Sola
531 801 630 838 haec
669 800 867 849 doctrina,
903 813 1001 849 quae
1029 801 1157 837 Deum
1185 799 1487 847 sanctissimum,
1526 796 1795 844 iustissimum,
1826 795 2056 846 perfectissi-

130 855 315 902 mumque
347 859 548 891 auctorem
584 854 720 902 habet,
749 853 808 892 his
836 852 970 903 elogiis
998 859 1215 892 exornatur.
1259 851 1369 890 Aliae
1397 850 1597 889 doctrinae
1625 862 1784 897 omnes,
1829 849 1899 888 etsi
1925 851 1948 887 a
1975 850 2062 888 Deo

130 912 239 955 sunt,
267 912 399 944 tamen
426 907 476 944 ab
505 906 767 944 instrumentis
796 913 884 944 sunt
906 907 1034 955 aliqua
1048 901 1963 956 prophanitatis,iniustitiae,&imperfectionis
1976 902 2065 941 labe

129 958 360 1008 inquinatis:
389 961 474 998 Imo
502 959 595 997 nihil
625 966 705 997 tam
729 959 870 1009 sancti,
898 959 1002 1009 iusti,
1031 965 1097 997 aut
1124 957 1285 1007 perfecti
1313 958 1478 1006 docent,
1509 956 1602 1005 quin
1631 955 1766 994 vitium
1794 955 1955 1005 aliquod
1969 954 2061 1004 ipsis

129 1024 283 1062 semper
309 1013 359 1050 ab
387 1019 566 1061 auctore,
594 1017 617 1050 a
644 1019 781 1050 natura
810 1012 1033 1062 doctrinae,
1061 1014 1084 1050 a
1113 1010 1283 1059 ratione,
1313 1017 1379 1048 aut
1407 1010 1528 1048 modo
1543 1009 1643 1047 illius
1657 1009 1922 1047 adhaerescat.
1950 1009 2064 1046 Haec

127 1071 258 1103 autem
298 1065 477 1103 doctrina
517 1065 723 1115 veritatis,
749 1065 992 1103 sanctitatem
1028 1067 1051 1102 a
1087 1065 1175 1102 Deo
1202 1064 1344 1101 habet:
1387 1073 1554 1111 eamque
1581 1062 1635 1100 sic
1663 1062 1702 1099 in
1726 1063 1813 1099 Deo
1843 1061 1979 1108 docet,
2020 1067 2062 1099 vt

128 1119 178 1156 ab
220 1118 402 1156 omnibus
442 1119 558 1156 rebus
601 1118 759 1167 creatis,
797 1119 975 1166 adeoque
1012 1117 1062 1155 ab
1090 1117 1175 1166 ipso
1202 1116 1362 1154 homine
1391 1128 1478 1153 eam
1506 1114 1752 1161 abludicans,
1793 1114 1832 1152 in
1860 1115 1947 1152 Deo
1975 1114 2060 1152 solo

129 1171 368 1210 demonstret
417 1171 597 1210 obtineri.
650 1171 838 1209 Iustitiam
880 1173 992 1219 vero,
1035 1182 1112 1219 qua
1147 1181 1260 1207 suum
1301 1168 1441 1217 cuique
1482 1167 1676 1216 redditur,
1718 1168 1807 1204 Deo
1849 1166 2062 1204 secundum

129 1224 332 1274 pietatem,
371 1224 595 1263 hominibus
635 1225 854 1262 secundum
895 1229 1072 1261 naturam
1114 1224 1149 1260 δε
1176 1221 1259 1260 iura
1288 1221 1533 1269 communia,
1561 1233 1609 1258 ac
1637 1218 1842 1269 singularia
1869 1219 2063 1269 ipsorum,

128 1278 234 1316 nulla
276 1278 454 1316 doctrina
495 1277 548 1315 sic
576 1277 694 1315 docet
721 1278 771 1315 ab
799 1276 1022 1314 hominibus
1051 1275 1209 1316 tradita,
1239 1274 1332 1324 quin
1361 1275 1410 1312 de
1438 1274 1519 1312 iure
1546 1272 1621 1311 Dei
1649 1272 1859 1322 officioque
1887 1272 1927 1310 in
1954 1272 2063 1310 illum

128 1330 376 1368 deminuatur
402 1331 628 1380 plurimum,
658 1332 693 1368 &
722 1332 970 1379 (quacunque
999 1329 1128 1378 specie
1156 1327 1197 1366 id
1225 1328 1394 1376 accidat)
1422 1328 1445 1364 a
1473 1333 1580 1365 recta
1607 1325 1758 1364 ratione
1785 1325 1948 1363 humani
1974 1324 2066 1363 iuris

129 1383 372 1434 deflectatur,
401 1384 482 1421 siue
509 1382 605 1432 quid
632 1383 774 1421 iustum
802 1395 883 1421 non
910 1381 1190 1432 praecipiatur,
1219 1380 1327 1431 quod
1354 1379 1527 1430 praecipi
1555 1378 1751 1429 oportuit,
1781 1377 1863 1416 siue
1879 1384 2067 1416 statuatur

128 1435 328 1487 iuiustum,
357 1437 466 1485 quod
494 1435 667 1486 oportuit
694 1435 929 1486 praecaueri.
958 1435 1211 1484 Quapropter
1234 1433 1349 1472 etiam
1370 1434 1540 1471 humana
1561 1432 1720 1482 quaeuis
1735 1431 1914 1470 doctrina
1928 1431 2068 1481 imper-

129 1489 297 1527 sectione
339 1501 407 1527 sua
448 1489 622 1527 abundat
656 1502 831 1539 semper,
866 1495 984 1537 atque
1021 1488 1270 1526 circumfluit:
1302 1487 1402 1525 Cum
1433 1498 1561 1536 neque
1588 1486 1628 1524 in
1658 1486 1808 1523 ratione
1836 1483 2068 1535 sanctitatis,

129 1554 256 1591 neque
283 1542 322 1580 in
350 1542 502 1581 ratione
528 1542 710 1593 iustitiae,
736 1554 864 1592 neque
892 1542 931 1580 in
958 1541 1108 1580 ratione
1137 1541 1473 1579 omnium-earum
1501 1551 1631 1578 rerum
1658 1550 1757 1588 quae
1785 1537 1836 1576 ad
1863 1537 2069 1588 perfectio-

127 1607 218 1633 nem
256 1595 485 1646 sanctitatis,
523 1595 708 1646 iustitiae,
741 1603 807 1633 aut
834 1595 981 1633 ordinis
1012 1596 1047 1633 &
1075 1593 1374 1632 conuenientiae
1401 1593 1578 1631 omnium
1613 1604 1743 1630 rerum
1770 1591 1870 1629 inter
1898 1604 1938 1629 se
1967 1602 2067 1640 opus

129 1654 234 1699 sunt,
267 1648 447 1686 exhibeat
473 1649 754 1698 perfectionem
782 1648 909 1695 illam,
940 1658 1058 1697 quam
1086 1648 1211 1697 Deus,
1240 1652 1400 1696 natura,
1429 1646 1529 1684 ordo
1560 1645 1795 1684 desiderant.
1823 1646 1868 1682 In
1885 1645 1959 1682 hac
1974 1645 2068 1682 vero

129 1701 308 1739 doctrina
347 1702 441 1740 nihil
483 1701 676 1740 eiusmodi
704 1709 852 1740 exstare
878 1707 1026 1751 potest:
1055 1713 1146 1738 nam
1175 1702 1210 1739 &
1237 1700 1288 1738 ab
1316 1706 1475 1737 auctore
1504 1705 1661 1748 sancto,
1689 1698 1810 1748 iusto,
1838 1703 1955 1747 atque
1985 1709 2070 1746 per-

130 1756 233 1793 fecto
273 1759 351 1805 est,
394 1757 429 1793 &
464 1754 681 1793 secundum
718 1761 941 1805 auctorem,
972 1754 1136 1804 iustum,
1165 1760 1361 1802 sanctum,
1392 1758 1508 1802 atque
1536 1753 1754 1802 perfectum
1784 1756 1860 1789 est:
1891 1753 1926 1789 δι
1953 1750 1992 1788 in
2021 1761 2068 1788 eo

128 1808 233 1846 velut
255 1808 466 1857 exemplari
491 1820 644 1857 semper
673 1815 749 1859 est,
779 1807 846 1857 qui
872 1808 954 1857 ipse
982 1815 1039 1846 est
1068 1806 1271 1854 sanctitas,
1300 1805 1463 1856 iustitia,
1487 1811 1605 1855 atque
1621 1804 1821 1855 perfectio,
1837 1804 1898 1841 Ex
1912 1815 1991 1853 quo
2006 1804 2069 1853 fit,

131 1867 171 1899 vt
197 1860 292 1898 nihil
320 1861 411 1899 mali
437 1861 546 1911 insit,
576 1863 612 1899 δε
639 1861 733 1899 nihil
763 1874 843 1899 non
869 1861 959 1899 insit
987 1860 1148 1898 omnino
1176 1859 1272 1898 boni
1300 1859 1339 1896 in
1368 1872 1414 1897 ea
1442 1859 1620 1897 doctrina
1647 1870 1764 1908 quam
1792 1856 1910 1895 veluti
1937 1868 2070 1906 specu-

128 1915 210 1952 lum
239 1913 296 1951 sui
322 1913 441 1964 ipsius
466 1921 623 1952 aeterna
651 1914 716 1952 illa
743 1915 817 1952 Dei
846 1914 1046 1964 sanctitas,
1075 1913 1239 1962 iustitia,
1267 1918 1383 1961 atque
1411 1912 1598 1962 perfectio
1614 1912 1653 1949 in
1668 1916 1783 1961 gente
1797 1909 2002 1948 hominum
2017 1909 2072 1947 in-

128 1966 350 2006 desinenter
377 1973 660 2018 repraesentat,
688 1968 727 2005 in
755 1980 873 2016 quam
895 1967 1029 2005 defixis
1044 1967 1167 2005 oculis
1182 1965 1433 2004 attentissime
1448 1964 1812 2015 religiosissimeque
1825 1963 2070 2001 haereamus.

183 2021 244 2057 Ex
285 2021 360 2058 hac
399 2023 492 2058 vero
535 2021 867 2070 contemplatione
909 2020 1030 2058 diuini
1063 2019 1177 2058 huius
1205 2021 1240 2057 δι
1269 2018 1442 2057 salutaris
1471 2018 1638 2068 speculi,
1667 2029 1736 2055 sua
1766 2017 1904 2055 effecta
1933 2028 2070 2054 conse-

131 2079 301 2122 quuntur
340 2073 381 2111 in
420 2073 663 2121 hominibus,
692 2074 832 2123 quibus
860 2080 949 2112 ante
979 2075 1116 2112 oculos
1147 2073 1321 2111 oblatum
1351 2078 1426 2122 est,
1456 2071 1654 2110 attributis
1676 2069 1750 2108 illis
1777 2067 2070 2119 respondentia.

130 2127 233 2164 Nam
273 2137 364 2165 cum
404 2127 502 2165 haec
542 2126 722 2165 doctrina
763 2126 932 2165 veritatis
970 2133 1124 2176 sancta,
1153 2126 1271 2175 iusta,
1300 2132 1420 2174 atque
1448 2125 1622 2174 perfecta
1649 2124 1709 2174 fit,
1739 2135 1897 2161 causam
1923 2122 2070 2160 bonam

133 2179 247 2218 edere
275 2180 422 2218 fructus
452 2181 581 2219 bonos
609 2192 770 2218 necesse
801 2187 878 2230 est,
908 2182 943 2218 &
971 2180 1130 2229 quidem
1159 2179 1198 2216 in
1227 2191 1275 2217 eo
1304 2179 1389 2216 solo
1418 2177 1555 2229 edere,
1583 2177 1624 2215 in
1655 2188 1733 2226 quo
1747 2189 1818 2226 per
1831 2176 2072 2214 voluntatem

133 2231 210 2270 Dei
236 2233 411 2282 plantata
438 2232 644 2273 radicatur.
683 2235 753 2271 Est
780 2240 910 2271 autem
939 2234 1037 2271 haec
1066 2231 1245 2270 doctrina
1271 2231 1321 2269 ad
1349 2231 1528 2269 homines
1557 2231 1672 2269 allata
1699 2228 1964 2279 coelitus,qui
1981 2240 2074 2278 ager

131 2285 224 2332 Dei,
268 2285 490 2324 aedificium
531 2286 625 2337 Dei,
667 2287 703 2324 &
745 2285 975 2336 agricolatio
1017 2285 1094 2324 Dei
1133 2285 1389 2335 appellantur.
1432 2297 1447 2321 1
1483 2285 1654 2322 Corinth.
1683 2296 1719 2332 3.
1749 2296 1784 2333 9.
1826 2283 1916 2320 Hos
1943 2281 2072 2330 itaque

135 2340 297 2376 effectus
324 2339 591 2390 exposuimus,
620 2339 813 2389 dicentes,
843 2341 1051 2389 propterea
1076 2339 1180 2376 hanc
1209 2337 1430 2376 doctrinam
1460 2337 1576 2376 fuisse
1604 2337 1760 2387 datam,
1789 2341 1906 2385 atque
1934 2336 1957 2372 a
1984 2335 2072 2372 Deo

133 2391 402 2440 informatam,
444 2399 486 2431 vt
524 2395 564 2430 z'n
603 2394 891 2431 sanctimoniam
934 2394 974 2430 in
1016 2393 1143 2436 nobis,
1184 2392 1368 2429 iustitiam
1411 2403 1508 2439 erga
1544 2403 1692 2440 omnes,
1721 2390 1770 2427 ἐφ’
1797 2388 2073 2440 perfectionem

122 2451 202 2495 per
229 2447 356 2483 omnia
383 2459 498 2495 qnam
515 2447 801 2497 perfectissimo
827 2447 1067 2494 defigamur:
1097 2443 1292 2482 Videlicet
1320 2450 1507 2493 tanquam
1535 2444 1621 2481 face
1649 2450 1738 2480 ante
1763 2443 1900 2481 oculos
1914 2445 2071 2479 nostros

131 2499 155 2534 a
195 2498 282 2536 Deo
322 2497 522 2548 deposita,
564 2506 605 2537 vt
647 2512 693 2537 ea
733 2500 982 2549 praelucente
1018 2498 1282 2536 indesinenter
1318 2497 1357 2534 in
1384 2496 1446 2535 via
1483 2495 1655 2535 veritatis
1682 2494 1782 2534 illius
1811 2495 2069 2533 ambulemus.

134 2549 291 2588 Etenim
332 2550 427 2600 quid
470 2557 550 2589 tam
591 2553 852 2590 necessarium
893 2550 1044 2590 homini
1079 2563 1161 2589 esse
1201 2557 1351 2600 potest,
1390 2562 1509 2599 quam
1545 2557 1587 2588 vt
1614 2551 1744 2587 Deum
1772 2553 2010 2598 cognoscat,
2039 2545 2072 2585 si

133 2615 215 2641 non
256 2616 328 2653 pro
370 2612 411 2643 vt
453 2612 531 2655 est,
570 2606 707 2643 saltem
742 2611 784 2643 vt
811 2604 999 2655 cognosci
1026 2601 1182 2654 potest?
1211 2602 1318 2651 Quid
1346 2610 1426 2641 tam
1453 2602 1561 2654 vtile,
1593 2604 1712 2652 quam
1742 2609 1783 2639 vt
1809 2603 1921 2651 Deo,
1951 2610 2070 2649 quem

135 2656 361 2706 cognoscit,
396 2665 513 2707 prout
551 2657 756 2708 cognoscit
783 2658 929 2708 homo,
957 2671 1003 2695 ac
1031 2656 1160 2707 potius
1188 2662 1305 2706 prout
1333 2669 1374 2694 se
1402 2657 1509 2694 Deus
1538 2654 1861 2705 cognoscendum
1889 2653 2072 2703 praebet,

137 2709 429 2748 conformetur?
471 2710 578 2758 Quid
620 2717 698 2749 tam
739 2710 974 2761 gloriosum,
1008 2711 1125 2759 quam
1163 2717 1205 2747 vt
1238 2708 1394 2748 salutari
1421 2710 1496 2748 hac
1524 2706 1839 2748 conformatione
1867 2707 1918 2745 ad
1945 2707 2075 2744 Deum

139 2763 372 2815 contendat,
416 2769 457 2800 vt
498 2775 710 2813 perennem
751 2765 901 2803 fontem
943 2761 1242 2813 sanctimoniae,
1285 2763 1326 2812 (f.
1374 2763 1502 2810 1408.)
1538 2761 1723 2812 iustitiae,
1762 2763 1797 2799 δε
1824 2757 2074 2811 perfectionis

1957 2823 2074 2862 suae,
