2334 3020
745 97 958 123 THESES
1001 96 1436 123 THEOLOGICAE.
1985 97 2054 122 221

169 218 227 255 17.
283 207 457 256 Ideoque
484 207 534 244 ab
562 213 650 244 actu
677 204 906 243 iustificandi
934 204 1160 243 charitatem
1190 206 1225 243 δι
1253 204 1345 242 alias
1373 203 1531 242 virtutes
1555 203 1797 242 excludimus
1816 234 1824 249 „
1851 216 1929 241 non
1947 203 2054 252 quod

112 260 208 297 fides
251 259 298 297 sit
338 261 445 308 sola,
484 260 524 298 id
563 267 619 297 est
661 258 786 297 otiosa
819 260 855 296 &
894 265 1067 306 mortua,
1096 258 1164 295 sed
1194 258 1301 307 quod
1331 257 1510 295 iustificet
1538 258 1620 295 sola
1646 256 1991 294 instrumentaliter
2022 257 2057 294 δι

113 313 415 362 metonymico-33.
442 314 571 361 Atque
600 313 690 350 clun
721 310 1074 349 Sanctificationem
1102 311 1138 348 ἃ
1170 312 1274 349 bona
1304 323 1424 360 opera
1452 313 1476 348 it
1504 309 1629 348 causis
1661 309 1939 348 iustificationis
1972 309 2060 347 :ilie-

114 378 267 410 namusq
298 378 376 404 non
406 365 592 404 continuo
622 366 737 413 haec,
767 376 866 414 quae
896 363 1099 402 indiuiduo
1130 375 1231 402 nexu
1260 363 1359 401 inter
1387 377 1427 402 se
1457 365 1669 402 cohaerent
1699 362 1941 411 diuellimus,
1971 363 2006 400 δι
2037 365 2060 400 ἐι

115 418 325 457 iustificatis
355 419 548 468 tollimus,
578 417 748 467 peccatis
777 421 833 466 (vt
864 429 936 455 nos
965 416 1216 466 impudentur
1246 417 1546 466 calumniantur)
1577 418 1684 454 frena
1711 417 1902 453 laxantes:
1933 416 2002 454 sed
2020 422 2059 453 vt

115 471 252 509 effecta
292 473 315 509 ἐι
355 471 480 510 causis
522 471 732 521 prudenter
771 469 1062 519 distinguimus3
1107 476 1146 507 vt
1181 472 1285 508 recte
1322 477 1456 509 monet
1487 471 1649 520 August.
1692 471 1809 507 Bona
1837 475 1955 519 opera
1983 482 2057 506 mm

106 526 349 574 placa-edunt
373 525 682 573 ι’,ηςίίήι-ιηιιίγιυι
711 525 780 562 sel
806 529 1019 573 sequuntur
1045 525 1308 572 iustificatam.

174 580 231 614 18.
286 578 337 615 Et
371 577 459 616 licet
488 577 685 626 homines
724 576 867 626 Spiritu
899 575 972 614 Dei
1002 576 1237 626 regenerati
1264 575 1435 625 aliquam
1464 587 1628 626 operum
1657 573 1838 613 iustitiam
1867 575 2057 623 habeant,

114 643 159 667 ea
202 638 331 668 tamen
374 630 458 668 talis
501 644 546 668 ac
586 637 692 668 tanta
731 642 811 668 non
848 636 926 677 est,
966 640 1065 678 quae
1103 628 1293 667 consistat
1320 642 1453 667 coram
1481 628 1626 667 iudicio
1655 627 1750 667 Dei:
1781 634 1864 665 tum
1892 627 1983 676 quia
2013 640 2059 665 ea

114 695 235 731 opera
281 696 358 720 non
402 682 578 733 illorum,
621 683 690 721 sed
726 682 797 721 Dei
838 690 945 720 sunt:
986 688 1068 720 tum
1107 682 1198 732 quia
1227 681 1358 720 debita
1386 682 1595 731 obsequiati
1626 689 1708 720 tum
1738 680 1992 739 imperfectam
2022 682 2056 718 ἃ

113 736 304 784 if.1693)
334 735 503 785 peccatis
533 736 812 774 contaminata:
844 734 1008 784 proinde
1036 735 1156 772 fixum
1184 734 1280 773 illud
1310 743 1460 773 manet:
1492 736 1573 773 Nos
1588 735 1665 773 fide
1682 733 1819 772 solam
1837 733 2057 781 Christum,

113 790 258 837 absque
288 788 472 838 operibus
501 801 580 827 non
610 791 737 828 solum
765 788 873 827 initio
902 787 1190 837 conuersionis,
1220 788 1288 827 sed
1317 795 1402 826 toto
1432 787 1531 826 vitae
1561 787 1777 836 curriculo,
1807 786 2016 825 iustificari.

170 855 228 888 19.
284 842 432 880 Contra
473 844 592 891 quum
633 842 749 892 impia
793 844 828 880 &
871 842 1097 890 blasphema
1137 841 1184 879 sit
1226 839 1538 879 aduersariorum
1569 842 1643 878 hac
1672 841 1721 878 de
1753 853 1793 878 re
1822 839 1981 889 opinio7
2011 853 2058 877 ex

112 895 168 932 his
197 894 312 932 etiam
343 895 454 933 facile
482 895 618 944 liquet.
645 896 747 933 Cum
776 907 915 933 eorum
946 893 1012 943 qui
1043 894 1242 944 duplicem
1273 893 1476 941 iustitiam,
1506 907 1553 932 ac
1582 894 1613 932 si
1645 907 1718 931 vna
1742 892 1887 932 Christi
1918 892 2059 942 imper-

115 948 214 985 fecta
256 947 303 985 sit
351 955 593 997 statuentes,
635 949 860 986 inhaerente
902 947 1073 997 quadam
1117 948 1152 984 &
1195 946 1385 996 acquisita
1428 947 1553 996 potius
1582 959 1654 985 nos
1682 945 1881 984 iustificari
1911 946 2058 984 dicunt.

113 1002 235 1046 Tum,
277 1000 342 1050 qui
386 1001 553 1039 iustitiae
596 1001 756 1051 quidem
799 1013 892 1039 suae
934 999 1080 1038 Christi
1110 999 1294 1038 iustitiam
1323 1002 1566 1049 praeferunt,
1597 1007 1728 1037 tamen
1758 1011 1867 1038 suain
1899 1011 2057 1048 quoque

114 1065 350 1092 concurrere
391 1054 441 1092 ad
484 1054 798 1093 iustificationem
841 1055 978 1092 volunt
1020 1052 1252 1091 necessario.
1295 1054 1497 1091 Praeterea
1539 1052 1606 1102 qui
1645 1051 1828 1090 iustitiam
1858 1052 2058 1101 quandam

113 1106 378 1156 essentialem,
409 1107 605 1155 diuinam,
635 1107 832 1157 (quamuis
862 1120 909 1144 ea
937 1105 986 1144 sit
1014 1105 1416 1154 incommunicabilis)
1445 1105 1664 1144 transfundi
1695 1105 1733 1143 in
1758 1105 1937 1143 homines
1954 1118 2060 1143 com-

118 1159 387 1198 miniscuntur.
429 1160 610 1210 Denique
653 1160 719 1209 qui
748 1159 932 1198 iustitiam
961 1158 1106 1197 Christi
1135 1158 1242 1197 initio
1265 1166 1416 1197 tantum
1445 1166 1601 1198 nostrae
1631 1158 1900 1196 conum-sionis
1932 1171 2061 1196 neccs-

114 1213 251 1251 sariam
296 1213 452 1260 dicunt„
496 1221 586 1263 post
624 1226 734 1252 suam
776 1214 1004 1262 subrogant.
1048 1213 1274 1261 Postremo,
1315 1212 1381 1262 qui
1411 1212 1595 1251 iustitiam
1625 1211 1767 1250 Christi
1798 1213 2060 1260 exemplarem

118 1267 290 1313 tantum„
333 1266 395 1304 cui
436 1280 509 1305 nos
539 1266 705 1305 similem
735 1266 766 1305 si
796 1266 917 1304 modo
949 1264 1112 1303 velimus
1140 1268 1334 1315 praestare
1363 1277 1593 1315 possumus,
1625 1273 1663 1302 vt
1693 1264 1786 1303 olim
1819 1264 1995 1314 Pelagius
2026 1268 2061 1303 ἃ

117 1321 412 1367 Samosatenus,
455 1319 573 1358 hodie
617 1319 792 1369 plerique
830 1317 1133 1368 Anabaptistae.,
1163 1317 1393 1367 Ebionitae,
1424 1318 1724 1357 Samosatiniani
1752 1320 1787 1356 δι
1816 1326 1970 1356 caetera
1998 1320 2061 1355 lex

115 1372 364 1412 Arianorum.
407 1374 590 1422 Quorum
632 1375 667 1411 &
708 1372 893 1411 similium
922 1371 1154 1410 sententiam
1184 1372 1305 1410 verbo
1335 1372 1409 1411 Dei
1440 1374 1501 1415 δὶς
1531 1373 1596 1410 διὰ
1628 1374 1759 1409 πασῶν
1788 1372 2062 1409 aduersantem

113 1426 363 1464 detestamur.

887 1532 1113 1569 Absardum
1143 1532 1291 1582 duplex.

170 1638 384 1675 Hominem
427 1651 495 1688 per
539 1652 578 1676 se
621 1640 748 1688 legem
778 1639 852 1677 Dei
887 1638 1047 1688 implere
1075 1650 1215 1687 posse3
1245 1640 1280 1677 δι
1310 1646 1441 1677 tamen
1470 1652 1553 1677 esse
1585 1645 1737 1676 certum
1771 1637 1819 1676 (le
1849 1649 1918 1676 sua
1946 1638 2064 1686 ipsius

115 1692 237 1728 salute
266 1703 347 1729 non
378 1704 508 1741 posse.

553 1986 759 2023 XXXVII.
802 1986 890 2023 DE
931 1987 1102 2024 VITA
1144 1986 1618 2025 CHRISTIANA.

946 2105 1162 2143 THEsrs
1203 2106 1234 2144 Ι.

167 2220 502 2268 QVEMADMODVM
532 2228 659 2259 certos
689 2223 784 2260 fines
813 2222 933 2260 habet
964 2222 1239 2273 Philosophia,
1269 2224 1319 2261 ad
1348 2235 1448 2272 quos
1477 2222 1611 2261 omnia
1638 2223 1738 2260 bene
1765 2222 1922 2260 viuendi
1940 2227 2060 2260 recte'-

117 2284 194 2322 que
222 2273 389 2312 faciendi
421 2274 585 2312 consilia
612 2276 752 2313 referat
769 2306 779 2325 ⁷
808 2275 861 2313 ita
896 2288 1025 2324 neque
1054 2288 1125 2314 suo
1155 2276 1292 2314 ordine
1320 2275 1540 2314 destituitur
1568 2275 1606 2313 in
1636 2277 1710 2314 hac
1739 2284 1847 2325 parte
1876 2278 1915 2313 5.
1938 2275 2065 2325 Scrip-

117 2333 214 2364 tura.
245 2327 349 2375 Quin
379 2327 655 2366 oeconomiam
684 2327 968 2379 philosophicis
999 2329 1183 2368 omnibus
1212 2331 1336 2368 multo
1365 2329 1574 2368 certiorem
1599 2336 1723 2379 tenet⁷
1740 2327 1894 2378 quaein
1912 2330 2063 2367 ‹luabus

117 2379 222 2417 hisce
265 2381 437 2429 partibus
474 2381 721 2430 potissimum
764 2381 835 2420 sita
876 2389 952 2431 est,
994 2384 1140 2421 Amore
1167 2384 1366 2429 Justitiae,
1397 2384 1433 2420 &
1457 2384 1621 2420 eiusdem
1650 2384 1819 2432 Regula.
1865 2383 1931 2420 Ad
1954 2383 2062 2421 illum

117 2432 330 2481 (ordinem)
359 2441 537 2484 spectant
564 2447 798 2484 paraeneses
828 2447 927 2484 quae
956 2436 1101 2486 passim
1131 2435 1169 2474 in
1195 2436 1316 2474 sacris
1345 2443 1572 2474 occurrunt.

169 2499 201 2523 2.
262 2488 377 2524 Hanc
401 2488 480 2525 duo
511 2487 665 2526 termini
695 2487 961 2538 constituunt
992 2491 1029 2526 A
1059 2502 1133 2539 quo
1163 2489 1199 2527 δε
1229 2490 1299 2527 Ad
1321 2502 1443 2539 quem.
1472 2489 1583 2527 Prior
1605 2496 1663 2527 est
1684 2490 1902 2548 ᾼύκιεὸαίὶι)
1919 2490 2068 2534 nostre}

112 2539 191 2576 hoc
233 2545 312 2585 est
354 2541 735 2590 Concupiscentiae..
779 2541 1017 2591 Superbiae
1061 2542 1282 2592 Auaritiae,
1325 2544 1360 2580 δι
1399 2542 1582 2581 similium
1612 2541 1779 2592 pestium
1807 2553 1904 2591 quas
1934 2553 2067 2580 secum

114 2591 264 2629 trahit‹
267 2595 464 2642 ιλαυτία
496 2595 531 2631 δι
560 2607 607 2632 ex
635 2594 777 2644 quibus
808 2602 916 2634 vetus
946 2597 1069 2634 homo
1099 2596 1135 2633 ἃ
1164 2608 1308 2645 corpus
1336 2595 1490 2646 peccati
1519 2603 1693 2645 constat
1722 2594 2068 2645 componiturque.

117 2631 316 2683 Posterior
340 2652 397 2684 est
425 2647 523 2695 oblig
524 2649 609 2685 alm
639 2649 767 2686 nostrl
792 2649 896 2686 facta
926 2648 1116 2686 Domino.

170 2711 206 2746 3.
265 2698 391 2736 Huius
434 2711 585 2738 summa
622 2708 702 2747 est,
750 2715 781 2739 1.
826 2708 866 2739 vt
894 2709 1018 2740 totam
1048 2701 1191 2751 ingenij
1224 2701 1301 2739 vim
1330 2702 1380 2739 ad
1410 2702 1645 2752 obsequium
1677 2704 1763 2740 Deo
1793 2701 1969 2739 ‹lebitum
1998 2714 2062 2750 ap-

118 2750 319 2799 plicemus.
365 2765 399 2790 2.
440 2764 541 2801 quae
579 2767 626 2792 ex
664 2753 826 2792 Domini
854 2756 1056 2793 voluntate
1085 2763 1191 2806 sunt7
1223 2757 1257 2794 δι
1285 2755 1335 2793 ad
1363 2755 1529 2806 gloriam
1560 2755 1641 2793 eius
1668 2756 1983 2805 promouendam
2007 2756 2060 2791 fa-

1935 2815 2062 2854 crunt„
