2334 3020
776 104 994 134 TnEsEs
1035 102 1463 133 THEoL0G1CAE.
2007 103 2081 143 327

197 216 261 265 36.
322 215 504 254 Lz'bermn
550 215 756 253 arbitrium
800 213 837 251 in
880 214 1013 252 Altera
1057 212 1149 251 Vita
1190 211 1219 251 si
1262 211 1351 262 erit,
1394 218 1459 249 aut
1495 222 1630 250 eorum
1662 210 1727 262 qui
1755 212 1915 249 salutem
1946 211 2086 249 fuerint

143 268 359 318 assequuti‚
388 275 453 306 aut
482 267 774 316 damnatorum,
802 266 1012 305 dicendum
1042 274 1110 305 est.

197 332 259 370 37.
314 323 462 359 Eorum
491 319 557 370 qui
586 321 746 358 salutem
776 319 971 369 assequuti
999 319 1138 358 fuerint
1180 318 1344 361 liberum
1383 317 1597 356 Arbitrium
1626 317 1674 367 (si
1701 316 1752 354 ita
1780 316 1990 355 dicendum
2011 318 2083 364 est)

143 375 213 413 erit
255 374 306 412 ad
348 376 497 412 bonum
541 375 691 411 tantum
721 372 851 424 atque2
867 372 1180 420 immutabiliter,
1223 375 1322 414 adeo
1350 377 1390 409 vt
1417 383 1491 409 nec
1519 384 1646 409 errare
1673 369 1713 408 in
1738 369 1964 420 iudicando,
2008 382 2081 408 nec

143 428 243 466 velle
271 427 480 477 quicquam
509 425 581 464 nisi
619 427 767 464 bonum
797 428 831 465 &
861 428 960 465 bene
988 433 1183 476 poterunt.

198 482 261 529 38.
317 481 399 518 Erit
438 480 538 517 enim
568 486 661 518 tunc
689 480 861 529 perfecta
889 478 1130 530 regeneratio
1158 485 1314 527 nostra,
1342 490 1388 516 ac
1416 489 1496 516 non
1525 476 1709 516 inchoata
1737 477 1883 525 solum,
1912 482 1952 514 vt
1979 488 2084 514 nunc

144 541 222 571 cst:
266 533 451 582 quoniam
495 532 714 571 videbimus
751 534 878 571 Deum
917 533 1029 570 sicuti
1058 540 1138 570 est:
1182 542 1470 581 cognoscemus
1497 537 1612 580 prout
1641 528 1787 580 cogniti
1814 528 1997 567 fuerimus
2025 530 2075 566 ab

145 586 251 636 ipso„
280 588 314 624 &
343 587 520 624 volemus
549 585 588 623 in
617 587 731 624 coelo
759 587 1001 624 voluntatem
1032 585 1125 634 Dei„
1165 584 1308 622 similes
1335 583 1462 623 effecti
1491 582 1653 634 Angelis
1680 582 1822 633 ipsius:
1862 581 1953 632 quia
1979 583 2088 620 Deus

144 638 199 677 ibi
227 650 426 688 nunquam
452 638 602 677 deseret
628 651 719 686 nos„
748 639 816 677 sed
845 638 883 676 in
911 639 1093 677 omnibus
1121 638 1253 676 onmia
1280 639 1428 676 futurus
1455 643 1523 676 est.

199 704 263 741 39.
318 693 603 730 Damnatorum
642 693 734 730 vero
780 692 946 730 liberum
973 691 1174 730 arbitrium
1206 693 1262 740 (vt
1289 691 1342 729 ita
1370 691 1560 739 dicamus)
1589 689 1658 728 erit
1685 690 1736 727 ad
1764 690 1909 727 malum
1938 694 2088 726 tantum

145 744 183 782 in
213 757 371 782 omnem
403 745 692 793 aeternitatem,
722 744 813 794 quia
841 744 983 794 Spiritu
1013 751 1149 783 sancto
1178 743 1370 793 destituti7
1393 746 1427 783 &
1458 751 1628 782 exsortes
1656 742 1730 780 Dei
1759 746 1964 792 omnisque
1992 740 2088 779 boni

144 800 167 834 a
195 798 283 835 Deo
313 797 583 848 procedentis,
613 798 661 835 de
691 799 800 836 bono
830 797 1101 847 desperantes,
1131 797 1239 836 omni
1267 799 1371 835 malo
1401 796 1588 841 seruientq
1619 796 1791 846 maligno
1807 796 2089 844 obsequentur,

146 852 181 889 δε
211 851 348 889 flentes
375 850 661 900 stridentesque
691 850 893 900 dentibus,
922 859 1034 889 ruent
1063 852 1250 889 aduersus
1280 851 1410 889 Deum
1439 849 1522 888 tota
1550 856 1682 887 mente
1709 862 1756 886 ac
1784 850 1983 886 voluntate
2010 859 2089 886 sua.

200 916 263 951 40.
321 904 591 954 Quapropter,
634 916 762 953 neque
791 904 931 942 horum
959 916 1086 954 neque
1116 903 1270 942 illorum
1300 903 1338 941 in
1364 904 1494 941 futuro
1523 903 1654 941 seculo
1684 901 1899 939 Arbitrium
1925 900 2091 939 liberum

146 964 211 994 aut
243 958 420 995 voluntas
449 957 570 995 libere
600 957 763 996 electiua
792 956 949 1007 proprie
978 956 1053 996 (lici
1083 964 1238 1007 potest:
1269 957 1359 994 cum
1388 967 1517 1006 neque
1549 955 1780 994 electionem
1809 953 2091 1004 habeant‚‡sed

147 1017 279 1048 actum
321 1010 531 1048 voluntatis
574 1009 855 1048 immutabilem
899 1011 1112 1060 potentiam
1149 1010 1435 1059 aduersantem‚
1465 1020 1592 1058 neque
1620 1007 1732 1046 liberi
1758 1007 1834 1045 sint
1862 1006 2093 1045 disiunctiue

148 1063 196 1101 ad
228 1063 417 1101 vtrumuis
445 1063 643 1102 obiectum
671 1063 782 1102 liberi
810 1063 975 1114 arbitrij,
1004 1065 1072 1102 sed
1099 1063 1136 1101 in
1167 1076 1207 1101 se
1231 1062 1353 1101 libera
1381 1062 1595 1112 voluntate,
1623 1061 1663 1099 hi
1691 1061 1740 1099 ad
1769 1062 1915 1098 malurn
1942 1067 2091 1106 actum,

147 1115 201 1153 illi
230 1117 279 1154 ad
310 1118 456 1155 malum
486 1118 661 1155 feruntur
689 1118 838 1155 solum:
868 1116 908 1154 hi
936 1116 1143 1155 vitiositate
1172 1123 1333 1154 naturae
1359 1128 1428 1165 per
1458 1114 1688 1153 electionem
1714 1125 1822 1152 suam
1842 1112 2010 1159 adscita,
2038 1112 2093 1150 illi

147 1169 289 1207 virtute
319 1169 463 1220 gratiae
489 1183 558 1220 per
587 1169 817 1209 electionem
847 1170 941 1220 Dei,
970 1170 1009 1208 hi
1040 1169 1290 1208 subsistentes
1318 1169 1355 1206 in
1386 1181 1426 1206 se
1455 1167 1746 1206 immutabiliter
1774 1167 1884 1214 mali„
1913 1179 1986 1205 nos
2006 1167 2094 1204 sub·

149 1221 326 1261 sistentes
353 1222 392 1260 in
421 1224 510 1262 Deo
538 1222 839 1262 immutabiliter
866 1223 972 1262 boni.
1017 1222 1154 1262 Gratia
1182 1230 1312 1261 autem
1334 1222 1381 1260 sit
1400 1222 1489 1259 Deo
1513 1233 1629 1272 super
1658 1219 1906 1258 inenarrabili
1933 1231 2094 1258 munere

147 1275 280 1325 ipsius.
335 1277 475 1315 Amen.

991 1896 1245 1934 FINIS.
