2334 3020
267 148 344 191 314
889 144 1104 172 THESES
1145 139 1574 172 THEOLOGICAE.

266 257 357 295 vtile
391 261 447 293 est
476 256 511 292 ἃ
540 251 811 292 necessarium.
843 250 962 299 Quod
990 250 1139 288 bonum
1167 248 1387 298 quicunque
1417 249 1684 300 intercipiunt,
1713 249 1736 298 ij
1767 260 1997 300 permagnas
2023 246 2202 289 Vtilitates

265 311 460 356 auferunt.
492 306 780 354 maximamque
808 305 937 342 labem
966 306 1002 341 &
1029 302 1224 340 exitialem
1252 301 1421 340 inferunt
1449 303 1651 341 Ecclesiae
1679 303 1766 341 Dei.

319 375 380 408 41.
436 361 608 409 Ideoque
637 357 855 407 linguarum
885 357 1034 394 donum
1063 354 1263 392 Ecclesiae
1291 354 1440 404 priscae
1467 358 1490 392 a
1516 357 1603 394 Deo
1632 355 1702 394 fuit
1730 355 1976 405 attributum.
2000 359 2035 394 δι
2059 356 2200 394 nostris

267 412 452 452 Ecclesiis
479 411 777 451 instrumentum
807 410 897 447 vtile
926 415 983 447 est
1011 421 1057 446 ac
1086 406 1361 446 necessarium.

320 481 383 514 42.
439 467 645 517 Ἐξήγησις
686 474 754 501 seu
783 462 974 500 enarratio
1003 461 1124 499 duum
1153 467 1210 499 est
1237 471 1443 510 generum:
1479 473 1556 499 vna
1581 474 1734 511 pressa⁷
1763 463 1882 500 altera
1909 462 2008 499 susa:
2038 473 2200 511 quarum

266 520 371 558 illam
400 517 677 569 paraphrasin,
705 515 908 566 scholion,
937 517 995 554 &c
1023 515 1125 552 hanc
1153 513 1478 551 commentarium
1506 516 1758 564 appellamus.

319 585 384 622 43.
440 569 755 610 Commentarius
799 568 1002 621 ἔγγραφος,
1036 575 1102 605 aut
1136 565 1226 604 huic
1260 567 1501 616 respondens
1530 580 1658 606 sermo
1686 575 1752 606 aut
1780 566 2037 605 scholasticus
2066 573 2123 605 est
2150 569 2199 605 ad

268 625 494 664 docendum
524 628 791 673 comparatus,
830 624 871 669 (f.
905 622 1019 670 1773)
1048 626 1113 658 aut
1141 618 1438 658 Ecclesiasticus
1467 620 1529 657 vel
1558 620 1850 671 demegoricus,
1879 621 1929 657 ad
1956 619 2201 658 afficiendam

268 678 504 717 concionem
532 675 773 726 populariter
801 673 1008 712 institutus.

318 745 381 778 44.
438 732 591 768 Harum
630 727 993 777 interpretationum
1028 724 1188 775 quaeuis
1227 724 1450 763 authentica
1478 732 1555 775 est,
1585 737 1661 775 qua
1692 728 1902 777 respondet
1929 725 2092 775 canoni,
2121 726 2201 764 siue

267 785 317 823 ab
344 796 443 833 vno7
474 782 554 821 siue
582 783 605 819 a
636 781 786 831 multis,
815 779 895 818 siue
923 780 973 817 ab
1003 777 1185 817 omnibus
1213 778 1418 816 adferatur.

321 848 384 887 45.
440 834 593 874 Canoni
621 841 750 873 autem
780 833 990 882 respondet
1018 830 1283 881 interpretatio
1312 831 1528 869 secundum
1551 832 1761 870 verborum
1777 834 1812 870 &
1828 845 1954 870 rerum
1969 831 2201 881 analogiam.

319 892 383 937 46.
438 889 662 927 Verborum
689 885 868 936 analogia
895 885 935 923 in
963 884 1037 923 illis
1065 883 1251 934 strictior,
1278 883 1317 921 in
1346 884 1403 922 his
1432 883 1590 923 liberior
1616 892 1694 935 est,
1725 885 1795 923 sed
1821 892 1987 935 vtroque
2014 886 2134 923 modo
2150 885 2201 922 ad

212 956 215 957 ⁷
268 942 580 982 aedificationem
608 940 666 979 sui
693 938 871 990 corporis
901 937 1017 976 vtitur
1044 937 1221 976 Christus
1248 936 1542 986 sapientissime.

320 1008 381 1044 47.
437 997 585 1033 Rerum
626 995 662 1032 &
704 991 982 1032 sententiarum
1022 990 1202 1041 analogia
1243 989 1281 1027 in
1319 990 1702 1040 interpretationibus
1736 992 1958 1041 exploratur
1986 990 2200 1029 secundum

268 1049 476 1099 principia7
505 1050 540 1086 &
570 1047 786 1085 secundum
815 1046 926 1083 locos
955 1043 1021 1094 qui
1049 1056 1097 1081 ex
1123 1042 1321 1093 principiis
1350 1043 1585 1082 deriuantur.

321 1105 380 1150 48.
439 1099 631 1150 Principia
659 1106 787 1138 autem
815 1100 839 1136 a
866 1104 1003 1135 natura
1031 1097 1240 1146 impressa7
1269 1098 1291 1133 a
1321 1095 1527 1146 Scripturis
1556 1110 1736 1147 expressa
1763 1104 1862 1135 sunt.

320 1168 384 1205 49.
439 1155 516 1193 Sed
558 1151 748 1203 principia
788 1151 853 1189 illa
894 1153 950 1198 (vt
989 1162 1094 1188 nunc
1133 1149 1292 1199 quidem
1333 1151 1454 1188 homo
1488 1152 1560 1199 est)
1595 1157 1682 1188 sunt
1715 1158 1876 1189 naturae
1904 1150 2003 1189 illius
2030 1150 2202 1200 integrae

267 1210 431 1258 rudera,
463 1208 562 1245 haec
590 1205 735 1257 gratiae
763 1205 958 1254 perfectae
986 1215 1160 1241 munera.

323 1272 384 1311 50.
441 1260 692 1310 Quapropter
732 1258 791 1296 his
833 1256 1030 1307 principiis
1065 1256 1129 1294 illa
1165 1268 1323 1294 necesse
1352 1263 1408 1294 est
1436 1255 1614 1303 excitari.
1645 1256 1867 1306 instaurari⁷
1897 1255 1994 1303 6011,
2015 1263 2131 1306 atque
2152 1256 2202 1294 ad

266 1313 547 1365 perfectionem
584 1324 694 1350 suam
730 1310 928 1360 reuocari,
958 1308 1217 1358 diuinitusque
1246 1309 1359 1347 euehi
1388 1308 1607 1358 Scripturae
1636 1309 1891 1348 instrumento
1920 1310 1954 1347 &
1984 1309 2201 1360 linguarum

270 1366 709 1417 interpretationumque
738 1363 977 1401 adiumento.

323 1431 383 1470 51.
440 1421 641 1458 Locorum
670 1416 850 1466 analogia
877 1422 941 1454 aut
969 1429 1016 1454 ex
1043 1414 1212 1465 partium
1241 1427 1340 1464 quae
1368 1415 1405 1453 in
1428 1415 1481 1452 eis
1497 1421 1585 1453 sunt
1599 1429 1788 1466 responso
1804 1414 2204 1464 &determinatione,

270 1480 336 1512 aut
364 1486 411 1511 ex
439 1471 620 1510 similium
648 1471 891 1519 aliorumque
919 1469 1128 1507 collatione
1158 1467 1474 1514 deprehenditur.
2130 1482 2136 1492 1

324 1537 386 1576 52.
443 1527 558 1564 Hanc
599 1523 817 1573 analogiam
860 1521 1117 1560 indubitatam
1160 1521 1374 1570 praestituit
1415 1523 1538 1560 Deus:
1590 1522 1640 1559 ad
1682 1523 1782 1560 hanc
1822 1523 2018 1572 praelucet
2060 1520 2204 1571 Spiritu

271 1580 439 1617 ducente
468 1578 507 1616 in
536 1590 695 1616 omnem
725 1576 944 1614 veritatem:
975 1581 1212 1625 quapropter
1241 1575 1291 1612 ad
1319 1575 1421 1612 hanc
1450 1574 1621 1624 singulos
1648 1575 1876 1625 interpretes
1903 1574 2031 1613 verbis
2060 1577 2095 1613 δι
2123 1587 2205 1612 5611-

271 1631 398 1671 tentiis
439 1637 594 1681 oportet
636 1630 896 1679 contendere,
939 1630 973 1666 &
1009 1628 1224 1666 secundum
1263 1628 1364 1664 hanc
1402 1627 1574 1665 diuinam
1601 1629 1729 1666 lucem
1759 1627 2036 1667 conuenienter
2064 1627 2206 1665 canoni

268 1685 511 1735 incumbere7
541 1683 580 1722 in
609 1682 828 1733 Ecclesiae,
856 1684 891 1720 &
920 1680 1106 1730 cuiusque
1135 1679 1302 1730 proximi
1330 1679 1652 1719 aedificationem.

436 1929 524 1965 DE
565 1927 1146 1965 TRADITIONIBVS
1189 1927 1461 1965 THESES
1503 1924 2045 1963 THEOLOGICAE.

1225 2045 1254 2081 Ι.

324 2162 526 2201 Credimus
553 2162 673 2200 corde
701 2164 736 2200 &
765 2174 833 2200 ore
860 2162 1089 2211 profitemur
1117 2162 1280 2199 verbum
1317 2160 1393 2198 Dei
1420 2166 1567 2198 certam
1599 2171 1681 2198 esse
1709 2160 1882 2208 regulam
1910 2158 2203 2207 perfectamque

270 2216 360 2254 fidei
401 2222 578 2266 nostrae,
613 2217 648 2253 &
677 2214 762 2253 viae
789 2215 839 2253 ad
867 2216 995 2253 Deum
1025 2221 1259 2263 nostraeque
1292 2213 1422 2251 salutis
1450 2214 1489 2251 in
1517 2214 1605 2251 Deo
1634 2211 1803 2250 indicem
1834 2209 2202 2249 constantissimum.

326 2283 360 2307 2.
416 2269 595 2317 Cumque
629 2268 742 2306 huius
773 2268 881 2306 verbi
909 2267 1143 2306 enunciatiui
1170 2267 1311 2304 modus
1338 2265 1451 2304 fuerit
1476 2266 1515 2304 in
1544 2265 1719 2303 Ecclesia
1747 2265 1910 2314 duplex⁷
1939 2275 2140 2307 sermone.
2169 2264 2204 2300 ἃ

270 2322 459 2371 scriptura
500 2334 629 2372 sacra3
672 2320 868 2359 credimus
909 2327 1037 2359 totum
1082 2319 1287 2358 consilium
1330 2319 1425 2369 Dei7
1469 2320 1578 2368 quod
1612 2317 1675 2355 hic
1712 2317 1871 2367 quidem
1904 2317 1954 2354 ab
1982 2315 2204 2353 hominibus

270 2374 456 2424 cognosci
489 2381 617 2424 potest
653 2376 688 2412 &
727 2374 884 2424 expedit
921 2374 1048 2424 credi⁷
1075 2372 1134 2411 his
1162 2372 1306 2411 vltimis
1334 2372 1574 2422 temporibus
1602 2372 1640 2409 in
1670 2371 1865 2420 Scriptura
1892 2382 2000 2408 sacra
2028 2380 2203 2418 compre-

272 2429 435 2466 hensum
465 2439 559 2466 esse.

323 2494 360 2529 3.
414 2482 485 2519 Est
524 2487 654 2518 autem
697 2479 895 2528 Scriptura
937 2480 1160 2528 symbolum
1202 2478 1312 2517 verbi
1348 2477 1603 2516 enunciatiui:
1639 2483 1876 2526 quapropter
1913 2473 2203 2513 enunciatiuum

270 2534 434 2572 verbum
463 2531 568 2582 prius
597 2531 713 2571 fuisse
741 2533 887 2583 scripto
917 2533 1134 2571 secundnm
1163 2538 1316 2581 tempus
1349 2533 1383 2569 &
1412 2538 1588 2569 naturam
1615 2529 1874 2579 agnoscimus.

321 2600 357 2633 4.
413 2587 515 2624 Nam
544 2585 705 2624 verbum
736 2590 926 2637 ἀγραφον,
957 2585 1037 2623 siue
1065 2597 1146 2623 non
1175 2584 1382 2634 scriptum,
1412 2584 1506 2622 illud
1535 2583 1637 2622 idem
1666 2582 1735 2620 fuit
1764 2582 1869 2632 quod
1893 2579 2204 2618 nunchabemus

270 2639 473 2689 scriptum.

325 2702 361 2741 5.
415 2693 476 2729 Ac
513 2692 633 2730 verbo
663 2691 821 2742 quidem
850 2703 931 2729 non
960 2691 1105 2740 scripto
1135 2689 1520 2740 comprehenduntur
1548 2690 1630 2727 tum
1659 2687 1888 2726 Vniuersalia
1916 2686 1951 2723 &
1979 2683 2203 2723 communia

270 2744 403 2782 onmia
446 2755 546 2793 quae
583 2745 691 2782 Deus
732 2743 920 2781 reuelauit
956 2744 991 2780 81
1029 2743 1115 2781 56111
1149 2746 1172 2781 a
1202 2743 1316 2782 nobis
1346 2743 1521 2792 expedit„
1550 2750 1631 2780 tum
1662 2740 1869 2791 singularia
1897 2740 1931 2777 &
1959 2736 2203 2788 particularia

270 2808 371 2846 quae
398 2798 505 2835 Deus
534 2809 705 2847 vnquam
737 2796 960 2834 immediate
988 2796 1204 2835 mediateve
1234 2795 1386 2834 ostendi
1414 2796 1545 2834 voluit.
2029 2845 2050 2878 6
2130 2842 2134 2843 ⁷
2176 2842 2201 2877 d

2056 2872 2064 2880 .
2124 2843 2172 2878 56
