2334 3020
768 113 834 140 DE
876 112 1022 140 VERA
1064 99 1414 141 TI-IrzoLocirA.
2004 117 2048 153 9¹

127 217 166 256 in
207 218 339 258 electis
374 225 554 269 possunt:
589 230 679 256 cum
712 230 806 257 vero
834 231 893 256 res
919 217 1026 269 illae,
1055 229 1151 278 quas
1178 219 1316 258 oculus
1344 219 1535 256 humanus
1565 231 1646 257 non
1673 218 1794 269 capit
1823 218 2051 269 spiritualeis

128 272 273 310 fructus
314 283 404 311 suos
441 271 633 310 radicatae
670 271 771 310 intus
808 284 876 330 per
902 272 978 310 Dei
1005 271 1168 322 gratiam
1196 271 1377 310 emittunt
1404 272 1528 321 foras,
1557 273 1591 310 &
1619 271 1728 320 quasi
1756 274 1858 311 faces
1888 284 2052 323 operum

126 325 391 378 praelucentes
431 323 634 374 exhibent3
676 330 716 362 vt
752 324 819 373 qui
850 337 913 362 eas
951 324 1102 374 vident,
1131 326 1284 363 Patrem
1311 330 1487 362 nostrum
1516 324 1582 373 qui
1609 323 1648 362 in
1676 325 1794 363 coelis
1823 331 1880 363 est
1909 325 2051 385 glorifi-

127 371 477 428 cent3Mczttlz.5.
509 377 567 415 16.
598 383 681 414 tum
708 377 886 426 profecto
915 377 1195 427 amplissimum
1223 383 1282 416 est
1308 376 1406 415 illius
1426 376 1699 436 'lheologiae'
1689 390 1727 414 m
1742 377 1874 416 electis
1889 378 2052 417 viuentis

125 436 242 479 atque
277 429 425 480 agentis
461 428 726 468 efficacissime
764 430 1055 469 documentum.
1097 431 1198 468 Nam
1239 436 1322 468 tum
1350 429 1404 468 1111
1433 428 1507 479 ipsi
1534 429 1602 478 qui
1629 429 1871 480 Theologiae
1899 430 2051 480 partici-

127 482 325 532 pationem
364 481 495 532 adepti
536 488 644 530 sunt,
684 481 831 531 conscij
872 490 960 521 sunt
999 494 1089 521 cum
1129 482 1266 521 animis
1302 482 1379 521 suis
1414 494 1604 521 accensae
1638 482 1740 520 intus
1768 482 1881 533 lucis,
1909 483 2050 522 virtute

127 534 302 585 spiritus,
338 541 419 573 tum
446 534 570 573 libero
598 541 810 585 apertoque
838 547 907 573 vsu
936 538 970 574 &
999 535 1190 586 obsequio
1217 535 1392 574 eiusdem
1419 535 1514 573 lucis
1542 535 1949 585 circumspectantium
1978 538 2048 574 fra-

126 594 228 626 trum
256 587 424 626 excitant
446 594 563 638 atque
590 587 779 626 illustrant
805 588 1081 627 conscientias:
1111 596 1152 628 vt
1180 588 1254 627 Dei
1268 600 1366 638 opus
1380 589 1419 627 in
1435 588 1510 638 eis,
1526 587 1795 626 efficacitatem
1811 589 2052 638 Theologiae

127 639 166 677 in
200 652 336 691 opere,
360 641 568 690 Deumque
596 640 722 690 ipsum
751 640 789 678 in
819 641 1047 680 efficacitate
1074 641 1174 680 illius
1201 643 1524 691 contemplentur.
1561 642 1630 679 Est
1659 640 1763 678 enim
1791 640 2049 680 certissimum

127 692 202 731 Dei
229 704 350 743 opus,
378 694 572 743 longeque
601 706 764 743 operum
793 694 968 732 omnium
995 706 1095 744 quae
1122 694 1186 732 hic
1213 695 1397 744 praestari
1424 701 1586 744 possunt
1613 692 1913 743 amplissimum:
1943 695 2052 743 quoti

127 745 368 796 Theologiae
407 745 520 784 huius
562 745 918 785 communicatione
954 746 1061 785 caeci
1096 747 1248 797 vident,
1284 746 1390 786 surdi
1417 746 1596 797 audiunt,
1624 747 1805 796 adeoque
1832 746 1975 785 mortui
2003 747 2053 784 ad

126 811 266 837 vocem
303 799 367 848 filij
397 798 470 837 Dei
496 799 754 849 reuiuiscunt,
783 811 991 849 veramque
1018 799 1136 846 vitam
1164 813 1209 838 ac
1240 806 1438 838 aeternam
1467 798 1506 837 in
1534 799 1811 837 communione
1837 799 1925 839 eius
1953 812 2051 838 asse-

127 857 309 901 quuntur.
350 853 460 890 Ioan.
501 863 537 902 5.
570 863 629 902 15.
672 853 742 890 Est
773 851 812 889 in
840 852 914 891 isto
939 865 1057 903 opere
1087 852 1467 902 magnificentissima
1496 859 1767 890 sacrosanctae
1795 851 1894 890 illius
1923 853 2052 891 Theo-

123 904 251 954 logiae
292 904 523 955 efficacitas,
564 905 673 954 quod
712 918 759 944 ex
798 905 989 944 cadauere
1016 906 1151 943 vitales
1188 905 1454 955 operationes,
1483 912 1668 954 tanquam
1697 917 1744 943 ex
1772 911 1912 943 trunco
1940 904 2052 943 inter-

125 964 282 995 mortuo
321 959 356 996 ἅν
397 957 478 1008 igni
513 957 706 996 destinato
742 960 848 1006 (nam
882 959 1003 997 homo
1033 957 1216 996 naturalis
1243 959 1304 995 vel
1334 958 1501 1006 ψυχικὸς
1528 957 1580 995 ita
1609 960 1680 1005 est)
1709 957 1926 996 vberrimos
1953 957 2053 996 vitae

123 1009 223 1048 illius
259 1011 405 1049 fructus
441 1010 481 1048 in
508 1011 622 1049 tantis
649 1009 1018 1060 impedimentorum
1047 1009 1237 1059 molibus,
1266 1021 1361 1059 quas
1391 1009 1526 1048 obiicit
1555 1023 1665 1060 caro,
1693 1017 1915 1060 peccatum,
1945 1022 2053 1048 mun-

121 1063 215 1113 dus,
244 1066 277 1101 &
317 1064 498 1114 Satanas,
528 1070 713 1113 tantaque
742 1062 980 1113 infirmitate,
1008 1062 1203 1113 protrudit
1231 1061 1461 1111 Theologia.
1504 1063 1571 1100 Est
1599 1063 1768 1112 denique
1797 1062 2054 1102 manifestissi-

122 1128 230 1154 mum
259 1116 334 1154 Dei
361 1116 572 1166 praesentis
600 1118 635 1155 ἅν
663 1115 874 1154 assistentis
902 1123 1195 1166 argumentum,
1224 1115 1333 1164 quod
1361 1114 1432 1152 ista
1461 1114 1595 1153 omnia
1622 1115 1661 1152 in
1689 1115 1766 1154 suis
1795 1116 1944 1165 perficit
1971 1116 2052 1165 Spi-

122 1168 216 1207 ritus
244 1168 302 1207 sui
330 1168 710 1219 communicatione,
738 1167 937 1217 donatque
964 1168 1051 1218 pios
1077 1169 1151 1206 hac
1179 1167 1320 1218 gratia,
1351 1174 1392 1205 vt
1421 1178 1511 1205 cum
1538 1167 1677 1206 timore
1702 1170 1736 1206 &
1761 1175 1928 1206 tremore
1943 1180 2052 1206 suam

121 1221 297 1271 ipsorum
325 1223 486 1260 salutem
514 1220 736 1260 conficiant.
772 1221 918 1270 Philip.
950 1234 984 1260 2.
1018 1234 1076 1259 12.
1117 1222 1224 1259 Deus
1254 1220 1357 1258 enim
1386 1219 1417 1257 is
1446 1227 1521 1268 est,
1556 1220 1623 1269 qui
1659 1219 1698 1258 in
1725 1220 1840 1258 nobis
1869 1221 1986 1258 efficit
2015 1228 2054 1259 vt

122 1277 156 1312 ἃ
187 1273 348 1312 ν611111115
377 1277 412 1312 &
441 1273 651 1312 efficiamus
680 1286 751 1323 pro
780 1273 945 1323 gratuita
972 1273 1249 1312 beneuolentia
1276 1284 1364 1310 sua:
1394 1284 1470 1322 qua
1492 1272 1658 1322 gloriam
1683 1285 1792 1311 suam
1806 1273 1906 1312 adeo
1921 1281 2057 1323 poten-

121 1334 180 1365 ter
207 1327 390 1365 omnibus
417 1333 596 1366 testatam
624 1325 736 1377 facit,
766 1332 806 1365 vt
833 1326 1035 1376 multiplex
1062 1325 1161 1364 illius
1190 1325 1377 1376 sapientia
1405 1325 1630 1364 iustificetur
1657 1328 1680 1364 a
1707 1325 1793 1364 filiis
1822 1325 1918 1376 suis,
1947 1327 2055 1375 quod

122 1379 278 1419 dicebat
320 1379 517 1430 Christus,
558 1380 705 1418 Matth.
739 1391 780 1419 11.
812 1392 871 1428 19.
912 1381 972 1418 Ita
999 1378 1103 1417 enim
1130 1381 1219 1417 Deo
1261 1380 1296 1416 &
1337 1379 1441 1417 Patri
1481 1378 1628 1428 placuit
1669 1378 1925 1429 euangelizari
1956 1380 2056 1417 inter

121 1432 298 1471 homines
338 1431 710 1482 imperuestigabiles
753 1432 836 1471 illas
877 1445 973 1482 opes
1011 1431 1154 1470 Christi
1185 1443 1285 1482 quae
1313 1431 1414 1469 illius
1442 1431 1685 1481 Theologiae
1713 1443 1816 1481 penu
1845 1438 2055 1470 contentae

121 1492 230 1535 sunt,
268 1485 303 1522 &
336 1484 375 1522 in
403 1486 532 1524 lucem
565 1486 739 1534 proferre
769 1484 950 1524 omnibus
984 1496 1083 1534 quae
1112 1484 1160 1524 sit
1187 1484 1415 1523 communio
1445 1484 1614 1534 mysterij
1644 1485 1753 1534 quod
1779 1491 1861 1523 erat
1889 1485 2057 1523 abscon-

121 1537 244 1576 ditum
271 1539 294 1576 a
321 1537 459 1577 seculis
486 1537 525 1576 in
553 1539 664 1588 Deo,
697 1537 764 1588 qui
792 1537 925 1577 omnia
950 1538 1050 1576 haec
1083 1537 1262 1576 condidit
1294 1551 1364 1588 per
1396 1539 1524 1576 Iesum
1553 1537 1770 1576 Christum:
1801 1544 1842 1575 vt
1869 1543 1963 1575 nota
1992 1539 2058 1575 fiat

120 1604 191 1641 per
230 1589 448 1629 Ecclesiam
485 1590 655 1641 imperiis
692 1598 809 1641 atque
845 1591 1102 1641 potestatibus
1130 1603 1230 1640 quae
1259 1597 1348 1630 sunt
1374 1590 1414 1628 in
1443 1590 1586 1639 coelis,
1615 1589 1862 1629 multiformis
1889 1589 1954 1628 illa
1982 1589 2057 1628 Dei

121 1642 336 1693 Sapientia,
373 1644 588 1682 secundum
621 1644 868 1694 propositum
905 1650 1106 1682 aeternum
1141 1644 1250 1693 quod
1278 1643 1476 1682 constituit
1504 1643 1542 1681 in
1580 1643 1736 1682 Christo
1764 1644 1853 1681 Iesu
1883 1642 2057 1681 Domino

119 1703 275 1747 nostr0,
307 1698 343 1734 &
371 1698 566 1746 Apostolo
595 1696 853 1736 confessionis
881 1704 1056 1747 nostrae,
1083 1708 1201 1747 quam
1229 1696 1278 1735 de
1305 1696 1547 1747 plenitudine
1576 1695 1819 1745 Theologiae
1842 1694 1942 1734 illius
1967 1697 2059 1734 hau-

120 1749 239 1789 simus
276 1749 327 1787 ad
362 1748 526 1799 gloriam
568 1748 656 1788 Dei.
684 1751 829 1800 Ephes.
858 1763 896 1799 3.
927 1763 962 1800 9.
997 1764 1055 1788 10.
1092 1763 1151 1788 11.
1194 1749 1375 1799 Sequitur
1412 1749 1490 1787 iam
1519 1748 1607 1787 finis
1635 1750 1752 1799 alter,
1781 1759 1898 1798 quem
1927 1760 2060 1787 secun-

119 1801 272 1841 darium
313 1804 348 1840 &
391 1801 690 1841 subordinatum
727 1802 1021 1854 appellauimus.
1061 1804 1184 1841 Hunc
1227 1805 1321 1842 vero
1365 1802 1536 1842 breuiter
1583 1801 1866 1852 destringemus
1902 1808 2061 1852 propter

118 1854 345 1894 facilitatem
374 1856 607 1908 argumenti.

179 1909 289 1947 Thes.
330 1920 476 1948 XXXIII.
516 1909 775 1947 Secundarius
807 1909 908 1959 finis
949 1909 1178 1958 Theologiae
1204 1914 1362 1947 nostrae
1387 1910 1450 1948 vel
1473 1909 1748 1946 subordinatus
1777 1912 1833 1945 est
1857 1909 2056 1945 electorum

119 1962 255 2000 bonum
284 1967 495 2012 praesens,
528 1963 578 2000 &⁰
596 1962 807 2011 futurum:
843 1975 932 2000 nam
968 1962 1108 2000 lterum
1126 1963 1268 2011 pietati
1282 1964 1420 2012 factae
1446 1967 1538 1999 sunt
1561 1961 1839 2012 promissiones
1865 1961 1979 1997 liuius
2010 1961 2059 1997 ἐφ’

121 2019 305 2054 venturae
344 2016 467 2054 vitae:
506 2016 598 2052 lzaec
636 2020 760 2053 autem
795 2016 835 2053 T
828 2015 1003 2063 lzeologza
1032 2020 1088 2053 est
1106 2016 1266 2065 pietatis
1295 2027 1409 2054 verae
1436 2015 1636 2063 sapissetztm
1665 2015 1877 2062 Postquam
1905 2012 1953 2051 de
1983 2013 2059 2050 fine

121 2067 257 2105 vltimo
298 2068 361 2105 vel
401 2079 556 2106 summo
597 2067 783 2118 diximus,
826 2068 893 2117 qui
927 2067 1196 2106 conditionem
1226 2079 1355 2106 rerum
1384 2073 1602 2105 creatarum
1631 2065 1807 2104 omnium
1835 2071 2061 2116 exsuperat,

120 2123 374 2169 eternumque
415 2127 662 2171 superaturus
703 2127 778 2159 est:
816 2133 921 2159 nunc
948 2121 1107 2159 demum
1135 2119 1312 2159 venimus
1340 2120 1391 2158 ad
1419 2121 1538 2158 finem
1568 2119 1848 2169 coniunctum,
1876 2125 1992 2167 atque
2022 2117 2062 2156 in

120 2172 235 2212 nobis
273 2172 537 2212 indesinenter
578 2173 839 2212 constiturum
874 2173 1045 2212 maximo
1072 2175 1181 2212 bono
1210 2180 1359 2212 nostro.
1404 2172 1754 2231 Quemadmodum
1781 2170 1897 2221 igitur
1925 2177 2063 2209 natura

121 2225 277 2276 proprie
319 2227 355 2264 &
382 2239 453 2276 per
481 2238 542 2276 se,
570 2227 677 2265 bona
704 2240 857 2277 semper
884 2226 1048 2277 appetit,
1076 2226 1297 2265 communis
1326 2224 1606 2274 communiter,
1636 2225 1671 2262 ἃ
1701 2223 1905 2274 singularis
1933 2223 2060 2273 singu-

100 2278 258 2317 .ariter:
303 2278 486 2317 naturalis
526 2286 657 2318 autem
686 2280 787 2318 ordo
815 2279 924 2318 istius
953 2279 1200 2330 appetentiae
1226 2279 1280 2318 ita
1308 2286 1365 2317 est
1393 2285 1644 2328 comparatus
1673 2284 1714 2316 vt
1741 2276 1883 2327 singuli
1909 2277 2062 2315 bonum

121 2343 234 2371 suum
261 2332 366 2370 velut
392 2331 635 2382 proximum,
663 2334 699 2370 81
726 2334 878 2372 bonum
907 2344 1118 2371 commune
1145 2333 1252 2371 velut
1280 2342 1477 2370 summum
1504 2331 1560 2381 (in
1588 2342 1667 2380 quo
1691 2329 1934 2380 singulorum
1952 2342 2058 2367 com-

119 2396 237 2423 mune
266 2385 418 2424 bonum
445 2385 636 2435 consistit)
665 2392 869 2436 appetant:
897 2386 950 2424 ita
978 2385 1096 2424 etiarn
1124 2387 1231 2424 Deus
1254 2385 1294 2423 in
1317 2384 1469 2423 ratione
1491 2383 1664 2422 salutaris
1688 2382 1836 2434 gratiae
1852 2393 2061 2421 commune

119 2438 292 2485 bonum,
321 2444 436 2488 atque
463 2437 657 2489 singulare
683 2438 723 2477 in
751 2440 859 2477 bono
888 2438 1091 2478 communi
1119 2438 1356 2488 consistens,
1383 2438 1470 2475 luce
1498 2436 1742 2487 Theologiae
1764 2434 2061 2474 demonstrauit.

121 2467 342 2529 Commtine
371 2498 447 2542 est,
475 2492 549 2530 Dei
577 2491 719 2552 gloria:
749 2491 789 2530 111
811 2493 889 2530 1106
903 2494 996 2530 vero
1011 2503 1213 2530 commum
1228 2498 1399 2541 pOSItum
1414 2497 1472 2529 est
1486 2490 1680 2540 singulare
1695 2495 1894 2539 nostrum,
1920 2501 2062 2537 nempe

119 2543 226 2603 quod
252 2543 498 2594 glorificandi
525 2556 657 2584 sumus
684 2545 723 2583 in
751 2544 827 2583 Dei
854 2545 1000 2595 gloria,
1030 2545 1065 2582 &
1094 2557 1212 2583 omne
1241 2545 1391 2582 bonum
1418 2546 1442 2581 a
1469 2543 1594 2594 gloria
1629 2542 1747 2593 ipsius
1773 2544 1808 2580 &
1830 2542 1880 2579 ad
1896 2540 2062 2590 gloriam

119 2595 240 2646 ipsius
280 2597 512 2646 percepturi.
554 2598 806 2648 Quapropter
846 2604 887 2636 vt
913 2598 989 2636 Dei
1016 2597 1142 2648 gloria
1169 2597 1207 2635 in
1236 2598 1314 2636 hoc
1344 2598 1476 2636 seculo
1505 2598 1541 2635 &
1568 2598 1698 2634 futuro
1728 2601 1953 2633 constanter
1980 2606 2064 2643 per-

121 2655 271 2699 manet,
299 2656 434 2699 estque
461 2651 549 2689 fons
577 2650 772 2700 peremnis
799 2650 897 2689 boni
920 2651 970 2689 ad
985 2663 1046 2689 res
1063 2656 1210 2689 creatas
1226 2649 1623 2700 0111116511611111611115.
1649 2649 1701 2687 ita
1716 2648 1832 2686 etiam
1849 2653 2063 2685 statuamus

122 2708 278 2752 oportet
319 2714 410 2741 cum
449 2702 588 2742 animis
629 2703 795 2755 nostris,
838 2705 926 2753 su(f.
959 2714 1070 2754 1415.
1074 2703 1345 2753 )pernaturalis
1386 2703 1486 2741 illius
1525 2714 1665 2741 causae
1703 2713 1856 2750 semper
1891 2698 2062 2750 agentis,

121 2754 364 2807 liberrimae,
393 2758 429 2794 &
457 2768 539 2794 non
565 2755 775 2807 impeditae
803 2768 997 2807 vnquam,
1028 2758 1213 2796 effectum
1240 2769 1395 2807 semper
1422 2755 1603 2806 existet-,e
1632 2767 1706 2793 nec
1735 2764 1925 2803 vnquam,
1956 2753 2061 2843 saleto

1953 2819 1975 2844 v
2007 2816 2064 2843 1115
