2334 3020
2067 94 2086 132 5
2111 93 2116 98 ,

171 205 442 256 Optimatium,
473 204 744 241 Armenterum
775 204 1021 253 Hispanum,
1055 204 1122 253 qui
1151 204 1366 253 Principem
1398 204 1549 241 doceret
1575 217 1650 242 non
1673 210 1789 254 posse
1818 205 1961 242 diutius
1996 207 2091 243 reti-

165 266 254 304 neri
276 266 415 315 plebem
445 265 485 302 in
515 263 670 314 officio,
700 264 799 301 nolle
828 265 941 301 etiam
972 264 1159 301 Proceres
1179 264 1345 314 postilla
1374 277 1485 303 suum
1517 265 1557 302 in
1581 265 1730 303 Rerum
1761 265 2093 304 administratione

163 328 284 364 locum
324 325 448 374 tueri,
490 325 568 362 nisi
605 325 790 373 effraenis
831 323 1094 362 Granuellani
1132 325 1299 362 audacia
1329 325 1589 362 cohiberetur:
1620 326 1719 364 lianc
1750 325 1996 374 Legationem
2028 339 2092 365 eas

166 387 294 424 aiebat
325 385 499 424 habuisse
539 385 660 430 vires,
699 388 742 422 vt
779 384 910 435 homo,
942 385 1039 423 dolis
1070 385 1292 423 consuendis
1321 385 1587 436 admirabilis,
1620 388 1645 423 ὰ
1675 386 1858 436 Principe
1879 386 2015 436 fuerit
2042 399 2091 424 ex

165 447 329 494 Belgica
356 448 572 483 reuocatus.
618 444 882 483 Praedicabat
906 445 1009 496 viri,
1039 457 1204 493 magnas
1234 446 1458 493 tragoedias
1484 446 1670 484 molientis
1683 476 1694 497 ,
1725 447 1889 484 discessu
1919 448 2096 485 nonnihil

163 507 310 556 quidem
341 506 556 555 respirasse
581 505 753 552 Belgas:
786 506 873 556 sed,
904 506 973 544 vix
993 507 1129 555 paucis
1154 506 1339 544 mensibus
1363 507 1589 557 interiectis,
1622 507 1760 544 iterum
1782 511 1949 545 coactum
1968 507 2093 555 fuisse

162 568 340 616 optinncm
382 565 622 615 Principem,
665 567 745 603 suis
780 566 1045 615 Inquisitionis
1075 567 1207 614 iugum
1238 567 1431 616 imperare
1446 579 1460 604 :
1491 567 1726 618 Episcopos,
1758 567 1924 614 Edicta,
1963 568 2092 606 Consi-

161 628 254 665 lium
293 627 406 664 etiam
453 626 716 663 Tridentium
753 638 918 674 vrgere:
957 627 1144 664 atrocium
1175 627 1447 677 suppliciorum
1472 639 1645 675 genera,
1678 628 1718 665 in
1745 640 1829 679 eos,
1861 626 1930 677 qui
1956 628 2092 666 Euan-

156 688 304 735 gelicae
333 687 530 724 doctrinae
559 690 674 724 erant
701 686 867 737 addicti,
899 687 1122 724 decernere:
1161 689 1202 725 in
1231 688 1292 725 his
1303 689 1527 737 praeuisam
1540 687 1666 736 fuisse
1683 689 1731 726 ab
1747 689 1915 727 omnibus
1924 700 2092 736 grauem

162 748 328 797 aliquam
349 747 490 797 populi
516 747 754 792 seditionem,
799 748 849 785 ἂν
878 751 1088 785 extremam
1120 749 1235 785 totius
1264 748 1449 796 Belgicae
1480 749 1645 786 cladem:
1678 749 1742 786 cui
1769 750 2091 787 auerruncandae

161 808 376 856 ablegatum
405 806 530 855 fuisse
559 809 599 845 in
628 808 884 857 Hispaniam,
917 809 1064 845 nomine
1094 807 1327 856 Praefectae
1357 809 1407 846 ὅγ’
1439 809 1683 860 Primorum,
1717 810 1894 848 Comitem
1920 809 2091 857 Egmon-

161 868 326 913 danum,
364 873 520 918 operam
560 867 743 905 daturum
785 869 911 905 animo
953 868 1149 917 Principis
1175 868 1400 918 placando,
1432 869 1661 907 Edictorum
1698 871 1901 908 acerbitati
1921 871 2089 920 paulum

161 928 380 979 leniendae,
412 928 659 978 Inquisitioni
687 927 841 978 denique
872 928 1070 967 tollendae.
1109 928 1327 977 Principem
1342 934 1423 978 per
1444 929 1740 976 Egmondanum
1765 931 1922 979 benigne
1936 936 2090 980 respon-

161 989 283 1027 disse:
323 989 450 1027 omnia
494 989 680 1036 Belgicae
721 1001 859 1026 caussa
892 987 1024 1037 sitisse
1061 989 1293 1038 pollicitum:
1338 990 1533 1036 negocium
1574 990 1821 1029 demandasse
1861 989 1937 1041 zpsi
1975 991 2090 1028 totius

158 1051 383 1099 prouinciae
418 1048 696 1099 Smnmatibus,
735 1053 779 1087 vt
810 1049 962 1099 sedulo,
1004 1061 1050 1086 ne
1089 1049 1184 1097 quid
1207 1049 1325 1099 Resp.
1357 1049 1575 1087 detrimenti
1603 1056 1777 1101 caperet,
1809 1051 2003 1099 viderent,
2038 1052 2088 1089 ὅτ’

152 1109 374 1159 formulam
400 1110 566 1159 aliquam
592 1109 924 1159 praescriberent,
955 1121 1030 1158 qua
1053 1113 1191 1158 posset
1216 1110 1273 1146 iri
1295 1109 1444 1147 obuiam
1470 1110 1589 1148 tantis
1610 1112 1794 1161 periculis
1819 1113 1932 1150 salua
1955 1111 2089 1150 Catlzo-

160 1172 236 1208 lica
266 1170 480 1217 Religione.
513 1170 687 1207 Reuerso
717 1171 757 1207 in
786 1170 989 1217 Belgicam
1014 1169 1295 1221 Egmondano,
1321 1170 1576 1208 concreditam
1589 1170 1715 1218 fuisse
1731 1172 1853 1209 tribus
1869 1172 2090 1221 Episcopis,

162 1231 312 1268 totidem
359 1230 399 1267 T
391 1230 582 1279 heologis,
623 1230 746 1267 tribus
786 1230 872 1267 item
908 1229 1032 1279 suris
1078 1229 1283 1279 Canonici,
1313 1231 1533 1280 totidemque
1569 1231 1705 1269 Ciuilis
1732 1232 1870 1281 peritis
1889 1231 2093 1280 formulae

161 1290 422 1340 concipiendae
446 1302 594 1328 curam.
625 1290 707 1327 Isic
733 1291 860 1327 omnia
885 1288 1010 1336 fuisse
1025 1290 1184 1327 turbata
1200 1291 1226 1327 a
1241 1290 1465 1341 Pontificis,
1489 1290 1754 1329 Granuellani
1763 1321 1773 1342 ,
1791 1291 2009 1344 Inquisi-(f.
2030 1288 2091 1347 2.)

160 1355 285 1388 torum
304 1350 544 1399 factionibus
560 1362 574 1387 :
606 1353 780 1387 extortas
801 1349 908 1397 Regi
930 1351 1163 1399 postremum
1193 1351 1368 1397 litteras,
1401 1352 1533 1401 quibus
1562 1356 1742 1401 suprema
1766 1353 1878 1401 quasi
1899 1354 2092 1390 voluntate

158 1411 448 1461 imperabantur
472 1416 546 1460 per
576 1413 693 1448 totam
724 1410 926 1458 Belgicam
957 1410 1180 1460 Inquisitio,
1213 1411 1442 1449 Edictorum
1468 1412 1526 1449 ad
1546 1413 1686 1462 apicem
1711 1413 1941 1464 obseruatio,
1972 1414 2091 1463 Epis—

158 1477 337 1521 coporum
367 1472 407 1509 in
437 1471 606 1509 omnibus
643 1470 871 1508 Ciuitatibus
900 1470 1187 1521 Inauguratio,
1226 1472 1390 1521 Consilii
1422 1472 1641 1510 Tridentini
1668 1473 1928 1511 Decretorum
1959 1474 2092 1511 edictio

160 1532 210 1569 ἐφ’
236 1532 511 1581 promulgatio.
545 1531 723 1569 Sermoni
739 1531 861 1581 finem
890 1531 1102 1581 imponens,
1136 1531 1224 1570 binc
1258 1537 1368 1571 ortas
1386 1534 1601 1583 praecipue
1627 1537 1704 1571 tam
1729 1535 1870 1572 multas
1891 1534 2095 1572 adserebat

158 1593 356 1630 lacrumas
371 1604 384 1630 :
431 1592 479 1629 ab
507 1592 580 1630 lzac
610 1591 775 1629 maxime
805 1592 908 1630 linea
937 1592 1118 1642 incepisse
1142 1605 1327 1630 summam
1360 1594 1524 1631 omnium
1551 1596 1911 1645 consternationem,
1942 1596 2090 1632 immen-

157 1665 240 1690 sam
285 1653 524 1700 singvlorum
566 1652 865 1703 aegritudinem,
906 1653 956 1690 ἐφ’
974 1653 1173 1703 publicam
1210 1654 1510 1692 Provinciarum
1541 1656 1790 1693 moestitiam:
1820 1656 1908 1693 hinc
1928 1661 2090 1706 proces-

156 1714 250 1751 sisse
278 1714 412 1751 varios
441 1713 640 1751 Nobilium
679 1713 916 1763 Conuentus,
955 1713 1341 1762 Confoederationes,
1366 1714 1562 1766 Supplices
1583 1716 1772 1766 Li'bellos,
1795 1717 1912 1754 Bella
1939 1716 2092 1766 denique

155 1774 248 1812 llaec
269 1773 562 1822 funestissima,
610 1773 660 1811 ἂν
678 1774 887 1823 plusquam
919 1773 1070 1825 ciuilia,
1117 1775 1232 1812 Haec
1264 1776 1314 1813 ἔγ
1345 1777 1450 1821 alia,
1481 1788 1576 1826 quae
1600 1778 1756 1824 longum
1783 1781 1880 1814 esset
1901 1777 2089 1826 scribere,

154 1847 212 1873 me
252 1834 471 1872 admirante
507 1835 557 1872 ἐφ’
597 1835 715 1871 oculis
747 1835 786 1871 in
821 1846 904 1871 eum
934 1834 1094 1885 defixis,
1128 1836 1354 1874 recensebat.
1407 1836 1586 1885 Roganti
1613 1837 1748 1886 ecquid
1769 1837 1906 1875 horum
1937 1838 2095 1875 haberet

154 1897 194 1933 in
224 1896 402 1945 scriptis,
434 1895 694 1943 subnegabat:
725 1895 907 1932 innuebat
935 1899 1059 1933 tamen
1091 1896 1268 1934 nonnihil
1293 1900 1464 1935 notatum
1494 1898 1535 1935 in
1570 1898 1682 1935 breui
1704 1898 1865 1947 quodam
1902 1897 2090 1936 Commen-

153 1957 296 1993 tariolo
306 1984 318 2001 ,
357 1955 463 2005 quod
488 1955 552 1994 M,
595 1955 820 1992 AEmilium
853 1955 1043 1993 Scaurum
1075 1959 1304 2006 magno'sque
1334 1958 1565 2007 antiquioris
1595 1959 1685 1996 aeui
1709 1959 1816 1996 viros
1842 1963 2019 2008 sequutus
2045 1959 2091 1996 de

153 2029 226 2054 sua
270 2017 351 2054 vita
392 2016 577 2065 quondam
618 2016 842 2065 scripserat,
899 2015 1025 2064 Quum
1069 2022 1312 2064 cognosceret
1349 2031 1469 2056 meum
1496 2021 1575 2057 eius
1604 2019 1758 2057 videndi
1788 2020 1838 2057 ἐφ’
1869 2019 2094 2069 inspiciendi

153 2077 272 2114 obiter
314 2076 560 2122 desiderium,
607 2088 683 2125 qua
723 2080 780 2113 est
815 2076 1074 2127 humanitate,
1105 2079 1298 2128 protulit,
1327 2081 1488 2128 prolati
1527 2079 1728 2117 exordium
1769 2080 1826 2117 ita
1845 2080 2018 2130 placuit,
2050 2084 2093 2118 vt

156 2137 258 2174 illud
284 2138 324 2175 in
342 2142 495 2187 paucos
525 2136 604 2173 dies
629 2140 811 2184 rogatum
837 2138 1092 2187 impetrarim.
1125 2139 1247 2186 Legi,
1263 2140 1405 2186 relegi,
1423 2140 1534 2178 lzaud
1543 2142 1750 2178 oscitanter
1765 2141 1894 2178 omnia
1909 2141 2091 2190 expendi:

161 2199 271 2236 vnius
311 2197 467 2236 leontinis
511 2198 629 2234 vitam
671 2199 728 2234 ita
772 2199 970 2235 variatam
1013 2198 1251 2250 admiratus,
1300 2199 1548 2250 Obstupebam
1586 2201 1690 2238 dura
1718 2203 1819 2238 tanti
1845 2202 1927 2239 viri
1954 2203 2090 2239 initia:

159 2260 278 2296 tantis
312 2258 426 2295 malis
454 2259 643 2304 agitatam
670 2258 855 2306 puerilem
887 2262 1068 2305 aetatem,
1102 2264 1339 2298 transactam
1371 2265 1449 2298 tam
1467 2262 1689 2312 periculose
1715 2262 2026 2307 adolescentiam,
2044 2262 2092 2299 ab

162 2318 331 2356 Diabolo
361 2319 473 2356 etiam
505 2313 667 2359 οἷθείαν
696 2319 868 2356 moliente
900 2321 1138 2369 impetitam:
1185 2323 1352 2359 iuvenem
1374 2321 1476 2370 foro
1497 2321 1593 2370 fere
1622 2324 1878 2372 mancipatum
1893 2351 1904 2373 ,
1924 2322 2092 2360 dicatum

162 2379 210 2416 ab
250 2379 338 2416 Deo
379 2379 430 2417 ἐφ’
461 2381 644 2416 secretum
685 2391 777 2415 suae
811 2379 1032 2417 Ecclesiae:
1064 2382 1190 2418 virum
1221 2384 1298 2419 iam
1325 2383 1365 2419 in
1395 2394 1556 2420 arenam
1587 2386 1760 2420 vocatum
1771 2394 1788 2430 ,·
1819 2387 1897 2420 tam
1917 2383 2092 2433 fideliter

163 2440 214 2477 &⁹
232 2439 439 2489 praesenti
482 2439 609 2476 animo
645 2451 724 2476 sese
762 2442 949 2488 gessisse,
993 2453 1108 2478 verae
1148 2442 1193 2478 de
1231 2442 1319 2479 Deo
1359 2442 1556 2481 doctrinae
1586 2445 1723 2481 notitia
1752 2445 1914 2481 nouitios
1946 2445 2091 2481 animos

162 2499 379 2550 imbuendo,
413 2500 463 2538 ἐφ’
493 2494 656 2536 omnium
685 2501 873 2537 virtutum
905 2502 1084 2551 exemplis
1114 2504 1194 2540 suis
1223 2502 1477 2541 Auditoribus
1497 2504 1787 2553 praelucendo:
1820 2504 1969 2542 tandem
2000 2504 2091 2541 verb

162 2560 372 2597 durissima
412 2560 623 2597 certamina
653 2561 856 2597 eluctatum
888 2562 939 2598 ἐφ’
977 2563 1138 2612 mirifice
1174 2564 1391 2601 saeuissime
1421 2565 1631 2602 multarum
1662 2565 1925 2602 calamitatum
1955 2576 2093 2602 oceano

162 2624 344 2670 ereptum.
391 2620 580 2657 Dolebam
606 2624 801 2658 tantorum
828 2621 912 2659 Dei
933 2623 1217 2672 beneficiormn,
1245 2636 1342 2672 quae
1367 2625 1406 2662 in
1431 2637 1544 2662 vnum
1570 2625 1753 2663 hominem
1782 2626 1945 2675 collata,
1971 2627 2091 2662 scien-

163 2682 255 2717 tiam
285 2681 396 2730 apud
419 2693 532 2718 vnum
563 2680 799 2731 delitescere,
832 2682 1032 2731 eademque
1057 2684 1082 2719 ὰ
1108 2687 1186 2720 tam
1217 2685 1349 2722 multis
1378 2687 1574 2732 ignorari.
1607 2685 1800 2736 Scriptum
1826 2687 1852 2723 a
1881 2698 1938 2723 me
1962 2685 2094 2723 reddi-

162 2745 240 2778 tum
270 2741 430 2792 repetis,
464 2753 539 2779 non
571 2741 648 2778 alio
671 2742 779 2792 fine,
811 2744 925 2791 qicam
958 2747 1001 2780 vt
1028 2744 1118 2781 aliis
1144 2745 1222 2782 eius
1247 2746 1399 2793 legendi
1416 2743 1597 2796 facerem
1633 2748 1802 2797 copiam:
1837 2747 1893 2784 de,
1911 2746 2092 2784 Editione

2045 2818 2091 2843 ne
