2334 3020
262 106 337 155 338

263 222 441 271 quendo,
465 223 500 258 δι
528 219 800 258 conclusiones
829 220 1001 271 diuinas,
1035 232 1135 270 quae
1164 220 1255 259 iuris
1284 221 1406 260 diuini
1429 234 1477 260 ex
1491 221 1807 272 sacraScriptura
1821 227 1927 272 sunt,
1941 222 2190 264 conscientiis

261 273 543 323 laboranfibus,
571 280 637 311 aut
664 285 791 311 nunus
819 273 933 312 cerffis
962 275 1210 324 exponendo.

315 329 599 376 Argumentum
626 337 764 376 graue,
795 326 972 377 difficile,
1014 326 1297 376 periculosum,
1333 340 1498 379 anceps,
1525 335 1564 366 at
1591 327 1868 367 necessarium:
1897 339 1976 377 quo
1999 330 2035 366 &
2062 330 2186 378 priua-

263 386 391 417 torum
418 378 682 417 conscientiae
710 379 1012 443 conquiescant
1041 381 1078 417 &
1106 380 1172 429 qui
1200 379 1359 430 publica
1386 380 1614 419 auctoritate
1641 387 1747 431 sunt,
1783 392 1945 419 munera
1969 382 2187 421 vocationis

262 444 352 470 suae
394 433 499 470 bona
537 432 615 470 fide
656 431 795 470 certius
840 439 1116 492 exsequantur:
1158 433 1506 481 Quemadmodum
1544 435 1723 484 profecto
1751 433 1903 472 omneis
1930 446 1999 472 eos
2027 436 2185 474 confido

261 486 456 535 facturos,
479 484 546 534 qui
572 497 620 522 ex
647 484 748 523 veris
774 485 970 535 principiis
997 486 1267 524 conclusiones
1293 487 1403 525 Vtiles
1431 489 1467 525 &
1493 486 1728 525 necessarias
1753 487 1967 525 seeundum
1994 487 2186 526 rationem

260 544 405 576 rectam
444 538 483 575 in
523 549 594 576 suo
617 550 779 588 genere
809 540 844 576 &
872 551 920 576 ex
947 538 1265 577 conclusionibus
1293 539 1634 579 determinationes
1662 540 1877 579 secundum
1905 540 2069 578 modum
2095 554 2187 580 con-

262 589 580 656 stitutionemque
603 602 731 629 rerum
760 591 903 630 confici
929 592 1116 630 videbunt
1143 598 1338 642 oportere.

313 645 408 681 Hoc
435 646 529 681 vero
557 650 845 694 argumentum
873 645 1044 684 Illustres
1072 645 1261 705 Ordines,
1290 645 1381 695 quia
1407 647 1443 684 &
1466 659 1527 684 res
1555 645 1706 697 attingit
1732 644 1928 696 politicas,
1956 656 2120 695 quarum
2147 646 2187 685 in

259 696 318 734 his
345 696 517 756 partibus
537 708 670 734 curam
698 697 915 736 felicissime
939 698 1144 749 sustinetis,
1173 699 1208 736 &
1237 699 1287 737 ad
1314 698 1527 738 fulciendas
1554 699 1709 749 piorum
1739 698 1995 737 conscientias
2024 699 2186 739 omnino

260 749 445 800 pertinet,
475 756 515 787 vt
543 750 610 799 qui
637 758 820 800 praesunt
847 752 952 789 bona
981 751 1219 790 conscientia
1236 764 1444 811 pr3aeesse
1473 753 1508 790 &
1536 752 1603 801 qui
1628 753 1915 802 obsequuntur,
1943 752 2080 790 eadem
2095 766 2187 791 con-

260 801 420 840 scientia
447 803 610 852 obsequi
638 805 673 842 δε
701 817 835 853 parere
861 803 1035 854 possint:
1065 806 1114 842 V.
1130 806 1179 843 A.
1207 804 1331 844 visum
1360 812 1418 843 est
1442 808 1680 856 προςφωνεῖν,
1696 804 2027 854 &saplentlsslmo
2041 805 2186 844 1ud1c10

259 861 388 893 vestro
416 862 541 894 totum
570 856 804 906 permittere.
833 857 954 906 Quod
984 857 1015 895 si
1045 859 1102 906 (vt
1128 859 1258 908 spero)
1284 858 1522 908 probabitis,
1560 858 1638 896 hoc
1667 857 1852 908 scriptum
1880 870 1960 896 non
1989 866 2186 908 tamquam

260 908 387 958 operis
417 908 515 959 mei,
542 909 610 947 sed
634 915 833 959 tamquam
860 910 1029 949 muneris
1056 911 1171 949 vestri
1199 911 1239 949 in
1265 910 1424 961 publico
1452 917 1603 949 exstare
1630 910 1767 961 cupio:
1793 922 1873 959 quo
1894 913 1930 949 δι
1951 917 2077 949 vestra
2091 912 2187 950 fides

259 961 298 998 in
327 961 381 999 rei
407 962 521 1000 huius
549 963 730 1011 publicae
760 963 1054 1014 procuratione
1085 965 1217 1014 quoad
1245 965 1325 1003 eius
1351 965 1433 1003 fieri
1460 970 1611 1014 potest,
1638 963 1868 1013 illustretur
1897 964 1933 1001 δε
1962 977 2049 1002 mea
2069 964 2186 1014 ipsius

261 1026 352 1064 erga
391 1014 498 1074 pium
536 1015 749 1065 quemlibet
788 994 1076 1068 Magistratuni,
1119 1030 1165 1055 ac
1206 1017 1431 1067 praesertim
1468 1030 1560 1067 erga
1599 1018 1648 1054 V.
1687 1019 1735 1058 Α
1776 1016 1912 1067 religio
1946 1016 1986 1054 in
2027 1030 2185 1056 omnem

260 1068 526 1116 posteritatem
567 1069 633 1106 fiat
673 1070 792 1118 quam
833 1049 1124 1120 spectatissima.
1164 1071 1334 1109 Illustres
1375 1071 1563 1121 Ordines,
1605 1071 1735 1108 Deum
1777 1070 1870 1119 Opt.
1897 1071 2003 1108 Max.
2031 1072 2186 1108 Patrem

260 1120 422 1158 Domini
462 1121 584 1160 nostri
624 1123 711 1159 Iesu
752 1123 895 1161 Christi
923 1135 1014 1169 oro,
1058 1136 1127 1162 vos
1140 1123 1278 1183 ’gratia
1305 1124 1460 1162 caelesti
1497 1135 1565 1161 sua
1592 1130 1719 1161 seruet
1744 1122 1977 1170 incolumes,
2019 1123 2188 1172 consilijs

260 1174 422 1233 praesit,
463 1173 682 1213 actionibus
722 1175 950 1227 benedicat,
992 1178 1028 1215 δε
1069 1175 1237 1227 regionis
1276 1177 1388 1215 huius
1430 1176 1649 1215 ciuitatibus
1689 1175 1847 1227 singulis
1868 1175 2068 1214 veritatem
2097 1188 2186 1214 cum

260 1225 400 1265 iustitia
441 1229 477 1265 δε
519 1227 776 1267 sanctimonia
816 1230 938 1279 Refq3
980 1229 1054 1267 toti
1081 1229 1261 1279 publicae
1289 1230 1508 1269 felicitatem
1531 1231 1603 1268 sub
1627 1236 1757 1268 vestro
1784 1228 1976 1279 praesidio
2004 1228 2187 1279 largiatur

260 1281 377 1328 quam
406 1280 629 1319 diutissime.
658 1282 854 1332 Lugduno
882 1283 1030 1321 Bataua
1058 1294 1129 1321 1111.
1158 1283 1249 1322 Idus
1277 1283 1472 1322 Octobres
1499 1285 1582 1323 clo.
1608 1284 1664 1323 Io.
1692 1294 1797 1320 xc111.

1914 2815 2187 2854 THESES
