<?xml version="1.0" encoding="UTF-8"?>
<!DOCTYPE html PUBLIC "-//W3C//DTD XHTML 1.0 Transitional//EN"
    "http://www.w3.org/TR/xhtml1/DTD/xhtml1-transitional.dtd">
<html xmlns="http://www.w3.org/1999/xhtml" xml:lang="en" lang="en">
 <head>
  <title>
</title>
<meta http-equiv="Content-Type" content="text/html;charset=utf-8" />
  <meta name='ocr-system' content='tesseract 3.04.00' />
  <meta name='ocr-capabilities' content='ocr_page ocr_carea ocr_par ocr_line ocrx_word'/>
</head>
<body>
  <div class='ocr_page' id='page_1' title='image "./opusculatheologi00juni/opusculatheologi00juni_0026.png"; bbox 0 0 2334 3020; ppageno 0'>
   <div class='ocr_carea' id='block_1_1' title="bbox 233 39 1395 73">
    <p class='ocr_par' dir='ltr' id='par_1_1' title="bbox 233 39 1395 73">
     <span class='ocr_line' id='line_1_1' title="bbox 233 39 1395 73; baseline -0.003 -1"><span class='ocrx_word' id='word_1_1' title='bbox 233 42 315 73; x_wconf 86' lang='lat' dir='ltr'>XVI</span> <span class='ocrx_word' id='word_1_2' title='bbox 1042 39 1395 69; x_wconf 78' lang='lat' dir='ltr'>RAEFATIO.</span> 
     </span>
    </p>
   </div>
   <div class='ocr_carea' id='block_1_2' title="bbox 232 152 2170 240">
    <p class='ocr_par' dir='ltr' id='par_1_2' title="bbox 232 152 2170 240">
     <span class='ocr_line' id='line_1_2' title="bbox 280 152 2170 196; baseline 0 -10"><span class='ocrx_word' id='word_1_3' title='bbox 280 162 328 195; x_wconf 86' lang='lat'>17.</span> <span class='ocrx_word' id='word_1_4' title='bbox 375 154 490 185; x_wconf 82' lang='lat' dir='ltr'>Oratio</span> <span class='ocrx_word' id='word_1_5' title='bbox 519 156 551 185; x_wconf 92' lang='lat' dir='ltr'>in</span> <span class='ocrx_word' id='word_1_6' title='bbox 577 155 689 185; x_wconf 85' lang='lat' dir='ltr'>sunere</span> <span class='ocrx_word' id='word_1_7' title='bbox 713 154 824 185; x_wconf 84' lang='lat' dir='ltr'>Lucae</span> <span class='ocrx_word' id='word_1_8' title='bbox 851 153 1029 184; x_wconf 86' lang='lat' dir='ltr'>Trelcatii.</span> <span class='ocrx_word' id='word_1_9' title='bbox 1063 152 1248 193; x_wconf 81' lang='lat' dir='ltr'>Leydensis</span> <span class='ocrx_word' id='word_1_10' title='bbox 1272 152 1431 193; x_wconf 73' lang='lat' dir='ltr'><strong>theologi.</strong></span> <span class='ocrx_word' id='word_1_11' title='bbox 1478 153 1515 184; x_wconf 91' lang='lat' dir='ltr'>In</span> <span class='ocrx_word' id='word_1_12' title='bbox 1540 153 1753 194; x_wconf 61' lang='lat' dir='ltr'>TRELCATII.</span> <span class='ocrx_word' id='word_1_13' title='bbox 1780 155 1955 196; x_wconf 55' lang='lat' dir='ltr'>Opus-culis</span> <span class='ocrx_word' id='word_1_14' title='bbox 1978 155 2170 196; x_wconf 77' lang='lat' dir='ltr'>llteologicis.</span> 
     </span>
     <span class='ocr_line' id='line_1_3' title="bbox 232 199 607 240; baseline -0.003 -10"><span class='ocrx_word' id='word_1_15' title='bbox 232 199 339 240; x_wconf 86' lang='lat' dir='ltr'>Lugd.</span> <span class='ocrx_word' id='word_1_16' title='bbox 362 199 433 230; x_wconf 83' lang='lat' dir='ltr'>Bat.</span> <span class='ocrx_word' id='word_1_17' title='bbox 456 210 488 240; x_wconf 89' lang='lat' dir='ltr'>p.</span> <span class='ocrx_word' id='word_1_18' title='bbox 516 199 607 238; x_wconf 88' lang='lat'>1614.</span> 
     </span>
    </p>
   </div>
   <div class='ocr_carea' id='block_1_3' title="bbox 599 305 1838 345">
    <p class='ocr_par' dir='ltr' id='par_1_3' title="bbox 599 305 1838 345">
     <span class='ocr_line' id='line_1_4' title="bbox 599 305 1838 345; baseline 0.001 -1"><span class='ocrx_word' id='word_1_19' title='bbox 599 307 655 344; x_wconf 87' lang='lat' dir='ltr'>D.</span> <span class='ocrx_word' id='word_1_20' title='bbox 711 307 893 344; x_wconf 90' lang='lat' dir='ltr'>OPERA</span> <span class='ocrx_word' id='word_1_21' title='bbox 933 305 1187 343; x_wconf 91' lang='lat' dir='ltr'><strong>ALIORUM</strong></span> <span class='ocrx_word' id='word_1_22' title='bbox 1215 306 1284 343; x_wconf 87' lang='lat' dir='ltr'>AB</span> <span class='ocrx_word' id='word_1_23' title='bbox 1313 305 1384 343; x_wconf 88' lang='lat' dir='ltr'>EO</span> <span class='ocrx_word' id='word_1_24' title='bbox 1413 306 1616 344; x_wconf 91' lang='lat' dir='ltr'>LATINA</span> <span class='ocrx_word' id='word_1_25' title='bbox 1646 307 1838 345; x_wconf 90' lang='lat' dir='ltr'><strong>FACTA.</strong></span> 
     </span>
    </p>
   </div>
   <div class='ocr_carea' id='block_1_4' title="bbox 226 400 2170 887">
    <p class='ocr_par' dir='ltr' id='par_1_4' title="bbox 230 400 2170 491">
     <span class='ocr_line' id='line_1_5' title="bbox 280 400 2170 446; baseline -0.001 -11"><span class='ocrx_word' id='word_1_26' title='bbox 280 414 305 435; x_wconf 92' lang='lat'>1.</span> <span class='ocrx_word' id='word_1_27' title='bbox 347 405 484 446; x_wconf 87' lang='lat' dir='ltr'>Joannis</span> <span class='ocrx_word' id='word_1_28' title='bbox 513 404 635 434; x_wconf 85' lang='lat' dir='ltr'>Bodini</span> <span class='ocrx_word' id='word_1_29' title='bbox 670 403 712 434; x_wconf 91' lang='lat' dir='ltr'>de</span> <span class='ocrx_word' id='word_1_30' title='bbox 744 404 921 442; x_wconf 80' lang='lat' dir='ltr'>Magorum</span> <span class='ocrx_word' id='word_1_31' title='bbox 966 400 1252 433; x_wconf 68' lang='lat' dir='ltr'>daemonomanifi</span> <span class='ocrx_word' id='word_1_32' title='bbox 1285 401 1344 433; x_wconf 86' lang='lat' dir='ltr'>lib.</span> <span class='ocrx_word' id='word_1_33' title='bbox 1376 402 1445 438; x_wconf 72' lang='lat' dir='ltr'>IV,</span> <span class='ocrx_word' id='word_1_34' title='bbox 1471 401 1488 433; x_wconf 83' lang='grc' dir='ltr'>ὲ</span> <span class='ocrx_word' id='word_1_35' title='bbox 1512 403 1636 443; x_wconf 88' lang='lat' dir='ltr'>gallico</span> <span class='ocrx_word' id='word_1_36' title='bbox 1660 404 1693 434; x_wconf 88' lang='lat' dir='ltr'>in</span> <span class='ocrx_word' id='word_1_37' title='bbox 1718 403 1857 434; x_wconf 85' lang='lat' dir='ltr'>latinum</span> <span class='ocrx_word' id='word_1_38' title='bbox 1878 404 1963 434; x_wconf 79' lang='lat' dir='ltr'>velsi</span> <span class='ocrx_word' id='word_1_39' title='bbox 1989 402 2007 433; x_wconf 73' lang='lat' dir='ltr'>a</span> <span class='ocrx_word' id='word_1_40' title='bbox 2030 403 2170 434; x_wconf 88' lang='lat' dir='ltr'>Losario</span> 
     </span>
     <span class='ocr_line' id='line_1_6' title="bbox 230 445 1710 491; baseline -0.001 -11"><span class='ocrx_word' id='word_1_41' title='bbox 230 449 437 491; x_wconf 63' lang='lat' dir='ltr'>Philopono7</span> <span class='ocrx_word' id='word_1_42' title='bbox 463 448 575 485; x_wconf 61' lang='lat' dir='ltr'>Basil...</span> <span class='ocrx_word' id='word_1_43' title='bbox 606 446 705 489; x_wconf 89' lang='grc'>1581,</span> <span class='ocrx_word' id='word_1_44' title='bbox 730 447 765 477; x_wconf 90' lang='lat' dir='ltr'>in</span> <span class='ocrx_word' id='word_1_45' title='bbox 780 447 842 485; x_wconf 71' lang='lat'>4⁰3</span> <span class='ocrx_word' id='word_1_46' title='bbox 867 446 1001 477; x_wconf 87' lang='lat' dir='ltr'>Francf.</span> <span class='ocrx_word' id='word_1_47' title='bbox 1031 454 1133 487; x_wconf 88' lang='grc'>1590,</span> <span class='ocrx_word' id='word_1_48' title='bbox 1158 445 1272 486; x_wconf 77' lang='lat' dir='ltr'>in-803</span> <span class='ocrx_word' id='word_1_49' title='bbox 1297 447 1456 487; x_wconf 48' lang='lat' dir='ltr'>Argent..</span> <span class='ocrx_word' id='word_1_50' title='bbox 1484 446 1583 487; x_wconf 72' lang='lat'>1638,</span> <span class='ocrx_word' id='word_1_51' title='bbox 1607 448 1710 479; x_wconf 73' lang='lat' dir='ltr'>in—80.</span> 
     </span>
    </p>

    <p class='ocr_par' dir='ltr' id='par_1_5' title="bbox 231 489 2169 576">
     <span class='ocr_line' id='line_1_7' title="bbox 274 489 2169 534; baseline -0.001 -9"><span class='ocrx_word' id='word_1_52' title='bbox 274 502 303 524; x_wconf 88' lang='lat'>2.</span> <span class='ocrx_word' id='word_1_53' title='bbox 345 494 486 534; x_wconf 89' lang='lat' dir='ltr'>Joannis</span> <span class='ocrx_word' id='word_1_54' title='bbox 522 492 614 523; x_wconf 92' lang='lat' dir='ltr'>Tillii</span> <span class='ocrx_word' id='word_1_55' title='bbox 650 491 967 522; x_wconf 79' lang='lat' dir='ltr'>commentariorum</span> <span class='ocrx_word' id='word_1_56' title='bbox 1006 495 1039 521; x_wconf 88' lang='lat' dir='ltr'>et</span> <span class='ocrx_word' id='word_1_57' title='bbox 1080 489 1352 532; x_wconf 81' lang='lat' dir='ltr'>disquisitionum</span> <span class='ocrx_word' id='word_1_58' title='bbox 1386 490 1428 521; x_wconf 88' lang='lat' dir='ltr'>de</span> <span class='ocrx_word' id='word_1_59' title='bbox 1466 492 1565 522; x_wconf 87' lang='lat' dir='ltr'>rebus</span> <span class='ocrx_word' id='word_1_60' title='bbox 1596 492 1727 532; x_wconf 76' lang='lat' dir='ltr'>gallicis</span> <span class='ocrx_word' id='word_1_61' title='bbox 1752 491 1808 523; x_wconf 90' lang='lat' dir='ltr'>lib.</span> <span class='ocrx_word' id='word_1_62' title='bbox 1838 491 1893 532; x_wconf 89' lang='grc' dir='ltr'>ΙΙ,</span> <span class='ocrx_word' id='word_1_63' title='bbox 1918 502 2002 522; x_wconf 85' lang='lat' dir='ltr'>nunc</span> <span class='ocrx_word' id='word_1_64' title='bbox 2027 492 2169 533; x_wconf 87' lang='lat' dir='ltr'>primum</span> 
     </span>
     <span class='ocr_line' id='line_1_8' title="bbox 231 534 881 576; baseline -0.005 -8"><span class='ocrx_word' id='word_1_65' title='bbox 231 536 332 568; x_wconf 70' lang='lat' dir='ltr'>latine</span> <span class='ocrx_word' id='word_1_66' title='bbox 357 537 475 568; x_wconf 79' lang='lat' dir='ltr'><strong>redditi</strong></span> <span class='ocrx_word' id='word_1_67' title='bbox 499 535 626 567; x_wconf 88' lang='lat' dir='ltr'>Francf.</span> <span class='ocrx_word' id='word_1_68' title='bbox 657 542 747 576; x_wconf 79' lang='grc'>1579,</span> <span class='ocrx_word' id='word_1_69' title='bbox 772 534 881 565; x_wconf 89' lang='lat' dir='ltr'>in-fol.</span> 
     </span>
    </p>

    <p class='ocr_par' dir='ltr' id='par_1_6' title="bbox 226 578 2168 753">
     <span class='ocr_line' id='line_1_9' title="bbox 275 578 2167 623; baseline -0.001 -10"><span class='ocrx_word' id='word_1_70' title='bbox 275 591 305 623; x_wconf 88' lang='lat'>3.</span> <span class='ocrx_word' id='word_1_71' title='bbox 351 581 491 612; x_wconf 84' lang='lat' dir='ltr'>Antonii</span> <span class='ocrx_word' id='word_1_72' title='bbox 526 580 688 619; x_wconf 59' lang='lat' dir='ltr'>Arnoldi„</span> <span class='ocrx_word' id='word_1_73' title='bbox 722 579 875 609; x_wconf 87' lang='lat' dir='ltr'>advocati</span> <span class='ocrx_word' id='word_1_74' title='bbox 911 579 1126 619; x_wconf 64' lang='lat' dir='ltr'>parisiensis.</span> <span class='ocrx_word' id='word_1_75' title='bbox 1163 578 1249 609; x_wconf 87' lang='lat' dir='ltr'>actio</span> <span class='ocrx_word' id='word_1_76' title='bbox 1273 589 1332 619; x_wconf 91' lang='lat' dir='ltr'>pro</span> <span class='ocrx_word' id='word_1_77' title='bbox 1357 578 1529 609; x_wconf 68' lang='lat' dir='ltr'>academia</span> <span class='ocrx_word' id='word_1_78' title='bbox 1552 580 1727 620; x_wconf 81' lang='lat' dir='ltr'>parisiensi</span> <span class='ocrx_word' id='word_1_79' title='bbox 1751 579 1871 611; x_wconf 77' lang='lat' dir='ltr'>actrice</span> <span class='ocrx_word' id='word_1_80' title='bbox 1895 579 2010 611; x_wconf 68' lang='lat' dir='ltr'>contra</span> <span class='ocrx_word' id='word_1_81' title='bbox 2023 581 2167 621; x_wconf 86' lang='lat' dir='ltr'>Jesuitus</span> 
     </span>
     <span class='ocr_line' id='line_1_10' title="bbox 231 622 2168 666; baseline 0.001 -11"><span class='ocrx_word' id='word_1_82' title='bbox 231 637 312 658; x_wconf 76' lang='lat' dir='ltr'>reos.</span> <span class='ocrx_word' id='word_1_83' title='bbox 359 626 501 656; x_wconf 81' lang='lat' dir='ltr'>Litterae</span> <span class='ocrx_word' id='word_1_84' title='bbox 525 625 613 664; x_wconf 84' lang='lat' dir='ltr'>regis</span> <span class='ocrx_word' id='word_1_85' title='bbox 636 624 677 654; x_wconf 92' lang='lat' dir='ltr'>de</span> <span class='ocrx_word' id='word_1_86' title='bbox 702 623 884 654; x_wconf 88' lang='lat' dir='ltr'>homicidio</span> <span class='ocrx_word' id='word_1_87' title='bbox 908 623 941 653; x_wconf 93' lang='lat' dir='ltr'>in</span> <span class='ocrx_word' id='word_1_88' title='bbox 970 622 1076 663; x_wconf 86' lang='lat' dir='ltr'>ipsum</span> <span class='ocrx_word' id='word_1_89' title='bbox 1102 626 1277 663; x_wconf 68' lang='lat' dir='ltr'>attentato,</span> <span class='ocrx_word' id='word_1_90' title='bbox 1313 627 1344 653; x_wconf 91' lang='lat' dir='ltr'>et</span> <span class='ocrx_word' id='word_1_91' title='bbox 1379 623 1565 654; x_wconf 81' lang='lat' dir='ltr'>consultum</span> <span class='ocrx_word' id='word_1_92' title='bbox 1601 623 1780 656; x_wconf 86' lang='lat' dir='ltr'>iudicatum</span> <span class='ocrx_word' id='word_1_93' title='bbox 1813 624 2021 666; x_wconf 79' lang='lat' dir='ltr'>parliamenti</span> <span class='ocrx_word' id='word_1_94' title='bbox 2052 623 2168 656; x_wconf 63' lang='lat' dir='ltr'>eontra</span> 
     </span>
     <span class='ocr_line' id='line_1_11' title="bbox 230 665 1745 709; baseline -0.001 -8"><span class='ocrx_word' id='word_1_95' title='bbox 230 671 256 707; x_wconf 84' lang='grc' dir='ltr'>Ῑ.</span> <span class='ocrx_word' id='word_1_96' title='bbox 282 670 462 701; x_wconf 74' lang='lat' dir='ltr'>Castellum</span> <span class='ocrx_word' id='word_1_97' title='bbox 486 679 526 699; x_wconf 83' lang='lat' dir='ltr'>ex</span> <span class='ocrx_word' id='word_1_98' title='bbox 552 668 694 709; x_wconf 51' lang='lat' dir='ltr'>gallico.</span> <span class='ocrx_word' id='word_1_99' title='bbox 718 666 840 707; x_wconf 61' lang='lat' dir='ltr'>latine,</span> <span class='ocrx_word' id='word_1_100' title='bbox 867 667 975 699; x_wconf 71' lang='lat' dir='ltr'>Paris.</span> <span class='ocrx_word' id='word_1_101' title='bbox 1002 673 1105 708; x_wconf 89' lang='grc'>1595,</span> <span class='ocrx_word' id='word_1_102' title='bbox 1132 665 1248 705; x_wconf 77' lang='lat' dir='ltr'>in-8⁰;</span> <span class='ocrx_word' id='word_1_103' title='bbox 1275 668 1392 708; x_wconf 71' lang='lat' dir='ltr'>Opera.</span> <span class='ocrx_word' id='word_1_104' title='bbox 1417 667 1494 698; x_wconf 91' lang='lat' dir='ltr'>Vol.</span> <span class='ocrx_word' id='word_1_105' title='bbox 1522 665 1572 699; x_wconf 94' lang='lat' dir='ltr'>II.</span> <span class='ocrx_word' id='word_1_106' title='bbox 1597 679 1628 709; x_wconf 90' lang='lat' dir='ltr'>p.</span> <span class='ocrx_word' id='word_1_107' title='bbox 1654 674 1745 709; x_wconf 90' lang='lat'>1723.</span> 
     </span>
     <span class='ocr_line' id='line_1_12' title="bbox 226 706 1754 753; baseline -0.002 -7"><span class='ocrx_word' id='word_1_108' title='bbox 226 706 235 711; x_wconf 45' lang='lat'>⁵</span> <span class='ocrx_word' id='word_1_109' title='bbox 273 723 305 753; x_wconf 90' lang='lat'>4.</span> <span class='ocrx_word' id='word_1_110' title='bbox 352 713 607 745; x_wconf 87' lang='lat' dir='ltr'>Confessionem</span> <span class='ocrx_word' id='word_1_111' title='bbox 630 711 706 742; x_wconf 87' lang='lat' dir='ltr'>fidei</span> <span class='ocrx_word' id='word_1_112' title='bbox 730 711 900 742; x_wconf 85' lang='lat' dir='ltr'>Frederici</span> <span class='ocrx_word' id='word_1_113' title='bbox 926 709 985 740; x_wconf 93' lang='lat' dir='ltr'>III</span> <span class='ocrx_word' id='word_1_114' title='bbox 1009 711 1172 742; x_wconf 87' lang='lat' dir='ltr'>Electoris</span> <span class='ocrx_word' id='word_1_115' title='bbox 1195 711 1337 742; x_wconf 77' lang='lat' dir='ltr'>Palatini</span> <span class='ocrx_word' id='word_1_116' title='bbox 1364 710 1442 742; x_wconf 83' lang='lat' dir='ltr'>fecit</span> <span class='ocrx_word' id='word_1_117' title='bbox 1465 711 1632 743; x_wconf 83' lang='lat' dir='ltr'>Gallicam</span> <span class='ocrx_word' id='word_1_118' title='bbox 1662 717 1754 753; x_wconf 87' lang='grc'>1577.</span> 
     </span>
    </p>

    <p class='ocr_par' dir='ltr' id='par_1_7' title="bbox 276 755 1637 799">
     <span class='ocr_line' id='line_1_13' title="bbox 276 755 1637 799; baseline -0.001 -10"><span class='ocrx_word' id='word_1_119' title='bbox 276 765 304 799; x_wconf 87' lang='grc'>5.</span> <span class='ocrx_word' id='word_1_120' title='bbox 351 757 493 788; x_wconf 83' lang='lat' dir='ltr'>Primam</span> <span class='ocrx_word' id='word_1_121' title='bbox 512 756 651 797; x_wconf 85' lang='lat' dir='ltr'>Joannis</span> <span class='ocrx_word' id='word_1_122' title='bbox 676 755 852 796; x_wconf 85' lang='lat' dir='ltr'>epistolam</span> <span class='ocrx_word' id='word_1_123' title='bbox 876 765 916 786; x_wconf 79' lang='lat' dir='ltr'>ex</span> <span class='ocrx_word' id='word_1_124' title='bbox 940 755 1084 786; x_wconf 85' lang='lat' dir='ltr'>Arabice</span> <span class='ocrx_word' id='word_1_125' title='bbox 1108 755 1284 786; x_wconf 86' lang='lat' dir='ltr'>transtulit.</span> <span class='ocrx_word' id='word_1_126' title='bbox 1309 765 1376 786; x_wconf 87' lang='lat' dir='ltr'>non</span> <span class='ocrx_word' id='word_1_127' title='bbox 1401 760 1515 787; x_wconf 87' lang='lat' dir='ltr'>exstat.</span> <span class='ocrx_word' id='word_1_128' title='bbox 1545 763 1637 797; x_wconf 86' lang='lat'>1577.</span> 
     </span>
    </p>

    <p class='ocr_par' dir='ltr' id='par_1_8' title="bbox 273 798 1280 842">
     <span class='ocr_line' id='line_1_14' title="bbox 273 798 1280 842; baseline -0.003 -9"><span class='ocrx_word' id='word_1_129' title='bbox 273 803 303 834; x_wconf 89' lang='lat'>6.</span> <span class='ocrx_word' id='word_1_130' title='bbox 350 801 552 842; x_wconf 80' lang='lat' dir='ltr'>Apologiam</span> <span class='ocrx_word' id='word_1_131' title='bbox 576 799 774 830; x_wconf 80' lang='lat' dir='ltr'>catholicam</span> <span class='ocrx_word' id='word_1_132' title='bbox 799 799 989 830; x_wconf 86' lang='lat' dir='ltr'>Latinorem</span> <span class='ocrx_word' id='word_1_133' title='bbox 1017 799 1101 830; x_wconf 87' lang='lat' dir='ltr'>fecit.</span> <span class='ocrx_word' id='word_1_134' title='bbox 1129 810 1159 831; x_wconf 86' lang='lat' dir='ltr'>a.</span> <span class='ocrx_word' id='word_1_135' title='bbox 1188 798 1280 840; x_wconf 88' lang='grc'>1586.</span> 
     </span>
    </p>

    <p class='ocr_par' dir='ltr' id='par_1_9' title="bbox 273 842 1531 887">
     <span class='ocr_line' id='line_1_15' title="bbox 273 842 1531 887; baseline -0.001 -11"><span class='ocrx_word' id='word_1_136' title='bbox 273 854 301 886; x_wconf 93' lang='grc'>7.</span> <span class='ocrx_word' id='word_1_137' title='bbox 348 846 514 887; x_wconf 71' lang='lat' dir='ltr'>Epistolas</span> <span class='ocrx_word' id='word_1_138' title='bbox 538 844 619 875; x_wconf 77' lang='lat' dir='ltr'>duas</span> <span class='ocrx_word' id='word_1_139' title='bbox 644 843 731 884; x_wconf 83' lang='lat' dir='ltr'>regis</span> <span class='ocrx_word' id='word_1_140' title='bbox 756 848 786 874; x_wconf 91' lang='lat' dir='ltr'>et</span> <span class='ocrx_word' id='word_1_141' title='bbox 807 854 907 874; x_wconf 89' lang='lat' dir='ltr'>unam</span> <span class='ocrx_word' id='word_1_142' title='bbox 932 843 1077 875; x_wconf 88' lang='lat' dir='ltr'>Plessaei</span> <span class='ocrx_word' id='word_1_143' title='bbox 1107 843 1245 875; x_wconf 88' lang='lat' dir='ltr'>latinam</span> <span class='ocrx_word' id='word_1_144' title='bbox 1269 843 1357 875; x_wconf 87' lang='lat' dir='ltr'>fecit.</span> <span class='ocrx_word' id='word_1_145' title='bbox 1380 854 1410 875; x_wconf 91' lang='lat' dir='ltr'>a.</span> <span class='ocrx_word' id='word_1_146' title='bbox 1439 842 1531 885; x_wconf 84' lang='lat'>1587.</span> 
     </span>
    </p>
   </div>
   <div class='ocr_carea' id='block_1_5' title="bbox 220 954 2163 2750">
    <p class='ocr_par' dir='ltr' id='par_1_10' title="bbox 222 954 2163 1795">
     <span class='ocr_line' id='line_1_16' title="bbox 285 954 2163 1011; baseline 0.002 -15"><span class='ocrx_word' id='word_1_147' title='bbox 285 955 336 996; x_wconf 90' lang='grc' dir='ltr'>Χ.</span> <span class='ocrx_word' id='word_1_148' title='bbox 386 954 457 995; x_wconf 86' lang='lat' dir='ltr'>Ex</span> <span class='ocrx_word' id='word_1_149' title='bbox 490 960 612 1008; x_wconf 87' lang='lat' dir='ltr'>parte</span> <span class='ocrx_word' id='word_1_150' title='bbox 644 954 753 995; x_wconf 87' lang='lat' dir='ltr'>haec</span> <span class='ocrx_word' id='word_1_151' title='bbox 786 969 932 1008; x_wconf 88' lang='lat' dir='ltr'>opera,</span> <span class='ocrx_word' id='word_1_152' title='bbox 972 955 1122 1007; x_wconf 88' lang='lat' dir='ltr'>quoad</span> <span class='ocrx_word' id='word_1_153' title='bbox 1157 954 1391 1009; x_wconf 85' lang='lat' dir='ltr'>theologici</span> <span class='ocrx_word' id='word_1_154' title='bbox 1433 955 1520 996; x_wconf 90' lang='lat' dir='ltr'>sint</span> <span class='ocrx_word' id='word_1_155' title='bbox 1546 957 1818 1010; x_wconf 86' lang='lat' dir='ltr'>argumenti,</span> <span class='ocrx_word' id='word_1_156' title='bbox 1853 964 2163 1011; x_wconf 87' lang='lat' dir='ltr'>congesserunt</span> 
     </span>
     <span class='ocr_line' id='line_1_17' title="bbox 225 1015 2160 1070; baseline 0.001 -13"><span class='ocrx_word' id='word_1_157' title='bbox 225 1015 526 1064; x_wconf 85' lang='lat' dir='ltr'>Caldorianae,</span> <span class='ocrx_word' id='word_1_158' title='bbox 561 1029 673 1068; x_wconf 89' lang='lat' dir='ltr'>quae</span> <span class='ocrx_word' id='word_1_159' title='bbox 706 1021 810 1055; x_wconf 92' lang='lat' dir='ltr'>tunc</span> <span class='ocrx_word' id='word_1_160' title='bbox 845 1015 1052 1069; x_wconf 89' lang='lat' dir='ltr'>temporis</span> <span class='ocrx_word' id='word_1_161' title='bbox 1071 1015 1257 1056; x_wconf 87' lang='lat' dir='ltr'>Genevis</span> <span class='ocrx_word' id='word_1_162' title='bbox 1285 1015 1482 1066; x_wconf 89' lang='lat' dir='ltr'>florebat,</span> <span class='ocrx_word' id='word_1_163' title='bbox 1507 1016 1831 1070; x_wconf 84' lang='lat' dir='ltr'>typographiae</span> <span class='ocrx_word' id='word_1_164' title='bbox 1850 1019 2160 1059; x_wconf 83' lang='lat' dir='ltr'>moderatores.</span> 
     </span>
     <span class='ocr_line' id='line_1_18' title="bbox 225 1075 2161 1129; baseline 0.001 -12"><span class='ocrx_word' id='word_1_165' title='bbox 225 1077 273 1117; x_wconf 92' lang='lat' dir='ltr'>In</span> <span class='ocrx_word' id='word_1_166' title='bbox 306 1077 446 1116; x_wconf 88' lang='lat' dir='ltr'>lucem</span> <span class='ocrx_word' id='word_1_167' title='bbox 479 1090 630 1116; x_wconf 88' lang='lat' dir='ltr'>eorum</span> <span class='ocrx_word' id='word_1_168' title='bbox 664 1075 797 1116; x_wconf 91' lang='lat' dir='ltr'>editio</span> <span class='ocrx_word' id='word_1_169' title='bbox 831 1077 988 1116; x_wconf 88' lang='lat' dir='ltr'>emissa</span> <span class='ocrx_word' id='word_1_170' title='bbox 1020 1082 1085 1116; x_wconf 91' lang='lat' dir='ltr'>est</span> <span class='ocrx_word' id='word_1_171' title='bbox 1117 1090 1231 1117; x_wconf 86' lang='lat' dir='ltr'>anno</span> <span class='ocrx_word' id='word_1_172' title='bbox 1259 1076 1473 1118; x_wconf 86' lang='lat' dir='ltr'>MDCVII</span> <span class='ocrx_word' id='word_1_173' title='bbox 1507 1077 1588 1117; x_wconf 90' lang='lat' dir='ltr'>sub</span> <span class='ocrx_word' id='word_1_174' title='bbox 1618 1077 1702 1117; x_wconf 94' lang='lat' dir='ltr'>hoc</span> <span class='ocrx_word' id='word_1_175' title='bbox 1726 1077 1880 1118; x_wconf 90' lang='lat' dir='ltr'>titulo:</span> <span class='ocrx_word' id='word_1_176' title='bbox 1912 1078 2161 1129; x_wconf 74' lang='lat' dir='ltr'>„Francisci</span> 
     </span>
     <span class='ocr_line' id='line_1_19' title="bbox 225 1136 2163 1193; baseline 0.001 -16"><span class='ocrx_word' id='word_1_177' title='bbox 225 1137 333 1177; x_wconf 90' lang='lat' dir='ltr'>Iunii</span> <span class='ocrx_word' id='word_1_178' title='bbox 366 1136 581 1189; x_wconf 81' lang='lat' dir='ltr'>Biturigis,</span> <span class='ocrx_word' id='word_1_179' title='bbox 618 1150 837 1177; x_wconf 87' lang='lat' dir='ltr'>sacrarum</span> <span class='ocrx_word' id='word_1_180' title='bbox 870 1136 1107 1177; x_wconf 88' lang='lat' dir='ltr'>litterarum</span> <span class='ocrx_word' id='word_1_181' title='bbox 1142 1138 1183 1177; x_wconf 91' lang='lat' dir='ltr'>in</span> <span class='ocrx_word' id='word_1_182' title='bbox 1208 1137 1460 1179; x_wconf 79' lang='lat' dir='ltr'>Academia</span> <span class='ocrx_word' id='word_1_183' title='bbox 1492 1137 1851 1192; x_wconf 85' lang='lat' dir='ltr'>Heidelbergensi</span> <span class='ocrx_word' id='word_1_184' title='bbox 1878 1144 1920 1179; x_wconf 92' lang='lat' dir='ltr'>et</span> <span class='ocrx_word' id='word_1_185' title='bbox 1947 1138 2163 1193; x_wconf 86' lang='lat' dir='ltr'>Lugduno</span> 
     </span>
     <span class='ocr_line' id='line_1_20' title="bbox 230 1196 2161 1252; baseline 0.001 -15"><span class='ocrx_word' id='word_1_186' title='bbox 230 1198 396 1237; x_wconf 88' lang='lat' dir='ltr'>Batava</span> <span class='ocrx_word' id='word_1_187' title='bbox 443 1196 697 1237; x_wconf 87' lang='lat' dir='ltr'>Professoris</span> <span class='ocrx_word' id='word_1_188' title='bbox 743 1197 1043 1246; x_wconf 82' lang='lat' dir='ltr'>eruditissimi,</span> <span class='ocrx_word' id='word_1_189' title='bbox 1098 1211 1229 1251; x_wconf 86' lang='lat' dir='ltr'>opera</span> <span class='ocrx_word' id='word_1_190' title='bbox 1272 1197 1543 1252; x_wconf 88' lang='lat' dir='ltr'>theologica,</span> <span class='ocrx_word' id='word_1_191' title='bbox 1593 1198 1750 1239; x_wconf 88' lang='lat' dir='ltr'>duobis</span> <span class='ocrx_word' id='word_1_192' title='bbox 1792 1198 1964 1248; x_wconf 88' lang='lat' dir='ltr'>Tomis,</span> <span class='ocrx_word' id='word_1_193' title='bbox 2013 1200 2161 1240; x_wconf 87' lang='lat' dir='ltr'>ordine</span> 
     </span>
     <span class='ocr_line' id='line_1_21' title="bbox 229 1256 2158 1313; baseline 0.003 -17"><span class='ocrx_word' id='word_1_194' title='bbox 229 1256 601 1306; x_wconf 75' lang='lat' dir='ltr'>commodissimo,</span> <span class='ocrx_word' id='word_1_195' title='bbox 650 1271 806 1310; x_wconf 84' lang='lat' dir='ltr'>nempe</span> <span class='ocrx_word' id='word_1_196' title='bbox 842 1258 1065 1311; x_wconf 81' lang='lat' dir='ltr'>exegetica</span> <span class='ocrx_word' id='word_1_197' title='bbox 1097 1259 1267 1311; x_wconf 89' lang='lat' dir='ltr'>primo,</span> <span class='ocrx_word' id='word_1_198' title='bbox 1313 1259 1523 1300; x_wconf 89' lang='lat' dir='ltr'>elenctica</span> <span class='ocrx_word' id='word_1_199' title='bbox 1561 1259 1723 1308; x_wconf 83' lang='lat' dir='ltr'>altero,</span> <span class='ocrx_word' id='word_1_200' title='bbox 1767 1259 2083 1313; x_wconf 88' lang='lat' dir='ltr'>comprehensa</span> <span class='ocrx_word' id='word_1_201' title='bbox 2115 1266 2158 1301; x_wconf 91' lang='lat' dir='ltr'>et</span> 
     </span>
     <span class='ocr_line' id='line_1_22' title="bbox 229 1317 2155 1372; baseline 0.003 -15"><span class='ocrx_word' id='word_1_202' title='bbox 229 1331 341 1357; x_wconf 91' lang='lat' dir='ltr'>nunc</span> <span class='ocrx_word' id='word_1_203' title='bbox 390 1317 576 1370; x_wconf 91' lang='lat' dir='ltr'>primum</span> <span class='ocrx_word' id='word_1_204' title='bbox 623 1317 803 1371; x_wconf 82' lang='lat' dir='ltr'>digesta.</span> <span class='ocrx_word' id='word_1_205' title='bbox 866 1317 1065 1359; x_wconf 81' lang='lat' dir='ltr'>Praefixa</span> <span class='ocrx_word' id='word_1_206' title='bbox 1097 1325 1160 1360; x_wconf 86' lang='lat' dir='ltr'>est</span> <span class='ocrx_word' id='word_1_207' title='bbox 1192 1319 1335 1372; x_wconf 93' lang='lat' dir='ltr'>primo</span> <span class='ocrx_word' id='word_1_208' title='bbox 1367 1319 1511 1360; x_wconf 90' lang='lat' dir='ltr'>Tomo</span> <span class='ocrx_word' id='word_1_209' title='bbox 1542 1319 1646 1360; x_wconf 85' lang='lat' dir='ltr'>Vita</span> <span class='ocrx_word' id='word_1_210' title='bbox 1677 1320 1880 1360; x_wconf 91' lang='lat' dir='ltr'>auctoris.</span> <span class='ocrx_word' id='word_1_211' title='bbox 1925 1319 2155 1362; x_wconf 88' lang='lat' dir='ltr'>Subiuncti</span> 
     </span>
     <span class='ocr_line' id='line_1_23' title="bbox 228 1378 2155 1434; baseline 0.003 -17"><span class='ocrx_word' id='word_1_212' title='bbox 228 1384 330 1418; x_wconf 90' lang='lat' dir='ltr'>sunt</span> <span class='ocrx_word' id='word_1_213' title='bbox 374 1378 561 1430; x_wconf 90' lang='lat' dir='ltr'>denique</span> <span class='ocrx_word' id='word_1_214' title='bbox 601 1378 655 1418; x_wconf 88' lang='lat' dir='ltr'>ad</span> <span class='ocrx_word' id='word_1_215' title='bbox 701 1378 864 1419; x_wconf 84' lang='lat' dir='ltr'>calcem</span> <span class='ocrx_word' id='word_1_216' title='bbox 900 1379 1120 1432; x_wconf 88' lang='lat' dir='ltr'>utriusque</span> <span class='ocrx_word' id='word_1_217' title='bbox 1154 1379 1283 1420; x_wconf 91' lang='lat' dir='ltr'>Tomi</span> <span class='ocrx_word' id='word_1_218' title='bbox 1317 1386 1489 1433; x_wconf 87' lang='lat' dir='ltr'>septem</span> <span class='ocrx_word' id='word_1_219' title='bbox 1523 1380 1700 1421; x_wconf 81' lang='lat' dir='ltr'>indices.</span> <span class='ocrx_word' id='word_1_220' title='bbox 1750 1379 1975 1429; x_wconf 87' lang='lat' dir='ltr'>Genevae,</span> <span class='ocrx_word' id='word_1_221' title='bbox 2009 1395 2155 1434; x_wconf 89' lang='lat' dir='ltr'>sump-</span> 
     </span>
     <span class='ocr_line' id='line_1_24' title="bbox 226 1436 2159 1494; baseline 0.002 -15"><span class='ocrx_word' id='word_1_222' title='bbox 226 1438 343 1479; x_wconf 88' lang='lat' dir='ltr'>tibus</span> <span class='ocrx_word' id='word_1_223' title='bbox 376 1436 645 1478; x_wconf 88' lang='lat' dir='ltr'>Caldorianis</span> <span class='ocrx_word' id='word_1_224' title='bbox 676 1438 933 1480; x_wconf 81' lang='lat' dir='ltr'>MDCVIP‘.</span> <span class='ocrx_word' id='word_1_225' title='bbox 982 1440 1185 1494; x_wconf 88' lang='lat' dir='ltr'>Repetita</span> <span class='ocrx_word' id='word_1_226' title='bbox 1203 1445 1267 1481; x_wconf 87' lang='lat' dir='ltr'>est</span> <span class='ocrx_word' id='word_1_227' title='bbox 1283 1440 1392 1481; x_wconf 89' lang='lat' dir='ltr'>haec</span> <span class='ocrx_word' id='word_1_228' title='bbox 1411 1440 1678 1482; x_wconf 88' lang='lat' dir='ltr'>Genevensis</span> <span class='ocrx_word' id='word_1_229' title='bbox 1696 1441 1830 1482; x_wconf 89' lang='lat' dir='ltr'>editio</span> <span class='ocrx_word' id='word_1_230' title='bbox 1848 1455 1887 1482; x_wconf 87' lang='lat' dir='ltr'>a.</span> <span class='ocrx_word' id='word_1_231' title='bbox 1906 1440 2159 1482; x_wconf 92' lang='lat' dir='ltr'>MDCXIII.</span> 
     </span>
     <span class='ocr_line' id='line_1_25' title="bbox 229 1498 2158 1556; baseline 0.002 -17"><span class='ocrx_word' id='word_1_232' title='bbox 229 1498 431 1539; x_wconf 88' lang='lat' dir='ltr'>Continet</span> <span class='ocrx_word' id='word_1_233' title='bbox 462 1498 627 1539; x_wconf 91' lang='lat' dir='ltr'>Tomus</span> <span class='ocrx_word' id='word_1_234' title='bbox 659 1499 774 1551; x_wconf 91' lang='lat' dir='ltr'>prior</span> <span class='ocrx_word' id='word_1_235' title='bbox 805 1499 1029 1540; x_wconf 90' lang='lat' dir='ltr'>columnas</span> <span class='ocrx_word' id='word_1_236' title='bbox 1062 1501 1179 1541; x_wconf 91' lang='lat' dir='ltr'>mille</span> <span class='ocrx_word' id='word_1_237' title='bbox 1212 1502 1513 1555; x_wconf 84' lang='lat' dir='ltr'>septingentas</span> <span class='ocrx_word' id='word_1_238' title='bbox 1539 1502 1768 1555; x_wconf 86' lang='lat' dir='ltr'>octoginta</span> <span class='ocrx_word' id='word_1_239' title='bbox 1800 1502 2017 1556; x_wconf 85' lang='lat' dir='ltr'>quinque,</span> <span class='ocrx_word' id='word_1_240' title='bbox 2060 1517 2158 1556; x_wconf 93' lang='lat' dir='ltr'>pos-</span> 
     </span>
     <span class='ocr_line' id='line_1_26' title="bbox 222 1558 2156 1616; baseline 0.002 -17"><span class='ocrx_word' id='word_1_241' title='bbox 222 1558 356 1599; x_wconf 87' lang='lat' dir='ltr'>terius</span> <span class='ocrx_word' id='word_1_242' title='bbox 394 1558 595 1599; x_wconf 88' lang='lat' dir='ltr'>volumen</span> <span class='ocrx_word' id='word_1_243' title='bbox 632 1559 747 1600; x_wconf 90' lang='lat' dir='ltr'>mille</span> <span class='ocrx_word' id='word_1_244' title='bbox 780 1561 1041 1614; x_wconf 85' lang='lat' dir='ltr'>quingentas</span> <span class='ocrx_word' id='word_1_245' title='bbox 1072 1562 1350 1615; x_wconf 82' lang='lat' dir='ltr'>septuaginta</span> <span class='ocrx_word' id='word_1_246' title='bbox 1383 1568 1585 1616; x_wconf 84' lang='lat' dir='ltr'>quatuor.</span> <span class='ocrx_word' id='word_1_247' title='bbox 1637 1562 1753 1604; x_wconf 89' lang='lat' dir='ltr'>Usus</span> <span class='ocrx_word' id='word_1_248' title='bbox 1784 1576 1879 1603; x_wconf 91' lang='lat' dir='ltr'>sum</span> <span class='ocrx_word' id='word_1_249' title='bbox 1912 1563 2156 1616; x_wconf 85' lang='lat' dir='ltr'>exemplari</span> 
     </span>
     <span class='ocr_line' id='line_1_27' title="bbox 226 1618 2157 1674; baseline 0.003 -16"><span class='ocrx_word' id='word_1_250' title='bbox 226 1618 527 1659; x_wconf 86' lang='lat' dir='ltr'>Bibliothecae</span> <span class='ocrx_word' id='word_1_251' title='bbox 569 1619 667 1659; x_wconf 89' lang='lat' dir='ltr'>novi</span> <span class='ocrx_word' id='word_1_252' title='bbox 696 1619 865 1673; x_wconf 86' lang='lat' dir='ltr'>collegii</span> <span class='ocrx_word' id='word_1_253' title='bbox 899 1620 1130 1662; x_wconf 88' lang='lat' dir='ltr'>Edinensis</span> <span class='ocrx_word' id='word_1_254' title='bbox 1162 1622 1385 1664; x_wconf 88' lang='lat' dir='ltr'>Ecclesiae</span> <span class='ocrx_word' id='word_1_255' title='bbox 1417 1623 1604 1664; x_wconf 85' lang='lat' dir='ltr'>Liberae</span> <span class='ocrx_word' id='word_1_256' title='bbox 1637 1621 1861 1674; x_wconf 76' lang='lat' dir='ltr'>scoticae,</span> <span class='ocrx_word' id='word_1_257' title='bbox 1895 1623 2157 1664; x_wconf 85' lang='lat' dir='ltr'>liberalitate</span> 
     </span>
     <span class='ocr_line' id='line_1_28' title="bbox 226 1678 2154 1736; baseline 0.004 -18"><span class='ocrx_word' id='word_1_258' title='bbox 226 1678 303 1719; x_wconf 91' lang='lat' dir='ltr'>viri</span> <span class='ocrx_word' id='word_1_259' title='bbox 351 1679 583 1731; x_wconf 86' lang='lat' dir='ltr'>plurimum</span> <span class='ocrx_word' id='word_1_260' title='bbox 626 1681 858 1721; x_wconf 91' lang='lat' dir='ltr'>venerandi</span> <span class='ocrx_word' id='word_1_261' title='bbox 898 1681 1155 1736; x_wconf 76' lang='lat' dir='ltr'>summaque</span> <span class='ocrx_word' id='word_1_262' title='bbox 1199 1683 1302 1723; x_wconf 91' lang='lat' dir='ltr'>mihi</span> <span class='ocrx_word' id='word_1_263' title='bbox 1347 1683 1515 1724; x_wconf 91' lang='lat' dir='ltr'>colendi</span> <span class='ocrx_word' id='word_1_264' title='bbox 1559 1683 1861 1734; x_wconf 87' lang='lat' dir='ltr'>observantia,</span> <span class='ocrx_word' id='word_1_265' title='bbox 1910 1683 2154 1733; x_wconf 90' lang='lat' dir='ltr'>Kennedii,</span> 
     </span>
     <span class='ocr_line' id='line_1_29' title="bbox 227 1738 1610 1795; baseline 0.005 -17"><span class='ocrx_word' id='word_1_266' title='bbox 227 1738 298 1792; x_wconf 91' lang='lat' dir='ltr'>qui</span> <span class='ocrx_word' id='word_1_267' title='bbox 331 1739 471 1780; x_wconf 90' lang='lat' dir='ltr'>dictae</span> <span class='ocrx_word' id='word_1_268' title='bbox 503 1739 802 1782; x_wconf 87' lang='lat' dir='ltr'>Bibliothecae</span> <span class='ocrx_word' id='word_1_269' title='bbox 836 1748 1029 1795; x_wconf 87' lang='lat' dir='ltr'>praeest,</span> <span class='ocrx_word' id='word_1_270' title='bbox 1065 1744 1108 1783; x_wconf 91' lang='lat' dir='ltr'>in</span> <span class='ocrx_word' id='word_1_271' title='bbox 1141 1757 1265 1784; x_wconf 90' lang='lat' dir='ltr'>usum</span> <span class='ocrx_word' id='word_1_272' title='bbox 1299 1743 1404 1784; x_wconf 90' lang='lat' dir='ltr'>mihi</span> <span class='ocrx_word' id='word_1_273' title='bbox 1434 1744 1610 1785; x_wconf 91' lang='lat' dir='ltr'>tradito.</span> 
     </span>
    </p>

    <p class='ocr_par' dir='ltr' id='par_1_11' title="bbox 220 1798 2156 2703">
     <span class='ocr_line' id='line_1_30' title="bbox 281 1798 2153 1855; baseline 0.004 -18"><span class='ocrx_word' id='word_1_274' title='bbox 281 1798 357 1838; x_wconf 90' lang='lat' dir='ltr'>XI.</span> <span class='ocrx_word' id='word_1_275' title='bbox 421 1798 548 1852; x_wconf 78' lang='lat' dir='ltr'>Quod</span> <span class='ocrx_word' id='word_1_276' title='bbox 572 1806 717 1841; x_wconf 90' lang='lat' dir='ltr'>autem</span> <span class='ocrx_word' id='word_1_277' title='bbox 740 1802 933 1854; x_wconf 90' lang='lat' dir='ltr'>inprimis</span> <span class='ocrx_word' id='word_1_278' title='bbox 956 1803 1278 1845; x_wconf 90' lang='lat' dir='ltr'>observandum</span> <span class='ocrx_word' id='word_1_279' title='bbox 1309 1811 1398 1854; x_wconf 89' lang='lat' dir='ltr'>est,</span> <span class='ocrx_word' id='word_1_280' title='bbox 1428 1805 1622 1846; x_wconf 89' lang='lat' dir='ltr'>secunda</span> <span class='ocrx_word' id='word_1_281' title='bbox 1645 1805 1734 1845; x_wconf 87' lang='lat' dir='ltr'>sive</span> <span class='ocrx_word' id='word_1_282' title='bbox 1758 1805 1906 1855; x_wconf 88' lang='lat' dir='ltr'>tertia,</span> <span class='ocrx_word' id='word_1_283' title='bbox 1939 1805 1974 1844; x_wconf 91' lang='lat' dir='ltr'>si</span> <span class='ocrx_word' id='word_1_284' title='bbox 1992 1805 2050 1845; x_wconf 88' lang='lat' dir='ltr'>ita</span> <span class='ocrx_word' id='word_1_285' title='bbox 2067 1805 2153 1854; x_wconf 85' lang='lat' dir='ltr'>vis,</span> 
     </span>
     <span class='ocr_line' id='line_1_31' title="bbox 222 1857 2153 1919; baseline 0.005 -22"><span class='ocrx_word' id='word_1_286' title='bbox 222 1857 367 1899; x_wconf 86' lang='lat' dir='ltr'>huisce</span> <span class='ocrx_word' id='word_1_287' title='bbox 385 1860 579 1900; x_wconf 89' lang='lat' dir='ltr'>eiusdem</span> <span class='ocrx_word' id='word_1_288' title='bbox 596 1861 737 1914; x_wconf 92' lang='lat' dir='ltr'>operis</span> <span class='ocrx_word' id='word_1_289' title='bbox 756 1863 887 1903; x_wconf 91' lang='lat' dir='ltr'>editio</span> <span class='ocrx_word' id='word_1_290' title='bbox 905 1877 1040 1917; x_wconf 89' lang='lat' dir='ltr'>eaque</span> <span class='ocrx_word' id='word_1_291' title='bbox 1056 1863 1172 1906; x_wconf 86' lang='lat' dir='ltr'>haud</span> <span class='ocrx_word' id='word_1_292' title='bbox 1191 1866 1251 1906; x_wconf 89' lang='lat' dir='ltr'>ita</span> <span class='ocrx_word' id='word_1_293' title='bbox 1268 1866 1421 1918; x_wconf 86' lang='lat' dir='ltr'>paucis</span> <span class='ocrx_word' id='word_1_294' title='bbox 1439 1866 1628 1906; x_wconf 88' lang='lat' dir='ltr'>adaucta</span> <span class='ocrx_word' id='word_1_295' title='bbox 1645 1879 1668 1905; x_wconf 90' lang='lat' dir='ltr'>e</span> <span class='ocrx_word' id='word_1_296' title='bbox 1685 1864 1981 1919; x_wconf 85' lang='lat' dir='ltr'>typographia</span> <span class='ocrx_word' id='word_1_297' title='bbox 1998 1863 2153 1906; x_wconf 90' lang='lat' dir='ltr'>Sanct-</span> 
     </span>
     <span class='ocr_line' id='line_1_32' title="bbox 222 1917 2155 1979; baseline 0.004 -21"><span class='ocrx_word' id='word_1_298' title='bbox 222 1917 462 1960; x_wconf 88' lang='lat' dir='ltr'>Andreana</span> <span class='ocrx_word' id='word_1_299' title='bbox 478 1920 565 1960; x_wconf 90' lang='lat' dir='ltr'>iam</span> <span class='ocrx_word' id='word_1_300' title='bbox 583 1934 699 1962; x_wconf 90' lang='lat' dir='ltr'>anno</span> <span class='ocrx_word' id='word_1_301' title='bbox 716 1924 932 1976; x_wconf 87' lang='lat' dir='ltr'>sequenti,</span> <span class='ocrx_word' id='word_1_302' title='bbox 953 1924 978 1964; x_wconf 90' lang='lat' dir='ltr'>i.</span> <span class='ocrx_word' id='word_1_303' title='bbox 997 1939 1031 1965; x_wconf 91' lang='lat' dir='ltr'>e.</span> <span class='ocrx_word' id='word_1_304' title='bbox 1052 1930 1096 1965; x_wconf 84' lang='grc' dir='ltr'>3ο</span> <span class='ocrx_word' id='word_1_305' title='bbox 1113 1924 1365 1974; x_wconf 89' lang='lat' dir='ltr'><strong>MDCVIII‚</strong></span> <span class='ocrx_word' id='word_1_306' title='bbox 1385 1926 1704 1979; x_wconf 85' lang='lat' dir='ltr'>Heidelbergae</span> <span class='ocrx_word' id='word_1_307' title='bbox 1720 1926 1907 1974; x_wconf 85' lang='lat' dir='ltr'>exierat,</span> <span class='ocrx_word' id='word_1_308' title='bbox 1925 1926 2046 1966; x_wconf 91' lang='lat' dir='ltr'>cuius</span> <span class='ocrx_word' id='word_1_309' title='bbox 2065 1926 2155 1979; x_wconf 91' lang='lat' dir='ltr'>ipse</span> 
     </span>
     <span class='ocr_line' id='line_1_33' title="bbox 223 1979 2155 2041; baseline 0.004 -23"><span class='ocrx_word' id='word_1_310' title='bbox 223 1979 423 2031; x_wconf 88' lang='lat' dir='ltr'>possideo</span> <span class='ocrx_word' id='word_1_311' title='bbox 435 1980 670 2034; x_wconf 62' lang='lat' dir='ltr'>exemplar,</span> <span class='ocrx_word' id='word_1_312' title='bbox 692 1982 793 2023; x_wconf 90' lang='lat' dir='ltr'>Fert</span> <span class='ocrx_word' id='word_1_313' title='bbox 804 1982 918 2024; x_wconf 92' lang='lat' dir='ltr'>hunc</span> <span class='ocrx_word' id='word_1_314' title='bbox 930 1984 1118 2026; x_wconf 88' lang='lat' dir='ltr'>titulum:</span> <span class='ocrx_word' id='word_1_315' title='bbox 1131 1985 1307 2040; x_wconf 81' lang='lat' dir='ltr'>„Opera</span> <span class='ocrx_word' id='word_1_316' title='bbox 1318 1986 1587 2041; x_wconf 85' lang='lat' dir='ltr'>Theologica</span> <span class='ocrx_word' id='word_1_317' title='bbox 1597 1986 1817 2027; x_wconf 86' lang='lat' dir='ltr'>Francisci</span> <span class='ocrx_word' id='word_1_318' title='bbox 1827 1986 2155 2041; x_wconf 86' lang='lat' dir='ltr'>IuniiBiturigii‚</span> 
     </span>
     <span class='ocr_line' id='line_1_34' title="bbox 225 2040 2155 2101; baseline 0.005 -23"><span class='ocrx_word' id='word_1_319' title='bbox 225 2052 443 2079; x_wconf 90' lang='lat' dir='ltr'>sacrarum</span> <span class='ocrx_word' id='word_1_320' title='bbox 467 2040 706 2082; x_wconf 77' lang='lat' dir='ltr'>litterarum</span> <span class='ocrx_word' id='word_1_321' title='bbox 732 2043 983 2096; x_wconf 85' lang='lat' dir='ltr'>professoris</span> <span class='ocrx_word' id='word_1_322' title='bbox 1010 2046 1170 2096; x_wconf 83' lang='lat' dir='ltr'>eximii,</span> <span class='ocrx_word' id='word_1_323' title='bbox 1203 2061 1386 2100; x_wconf 90' lang='lat' dir='ltr'>quorum</span> <span class='ocrx_word' id='word_1_324' title='bbox 1418 2047 1629 2088; x_wconf 88' lang='lat' dir='ltr'>nonnulla</span> <span class='ocrx_word' id='word_1_325' title='bbox 1655 2061 1771 2088; x_wconf 90' lang='lat' dir='ltr'>nunc</span> <span class='ocrx_word' id='word_1_326' title='bbox 1801 2048 1992 2101; x_wconf 90' lang='lat' dir='ltr'>primum</span> <span class='ocrx_word' id='word_1_327' title='bbox 2018 2047 2155 2101; x_wconf 90' lang='lat' dir='ltr'>publi-</span> 
     </span>
     <span class='ocr_line' id='line_1_35' title="bbox 225 2100 2154 2148; baseline 0.005 -10"><span class='ocrx_word' id='word_1_328' title='bbox 225 2105 387 2140; x_wconf 88' lang='lat' dir='ltr'>cantur.</span> <span class='ocrx_word' id='word_1_329' title='bbox 423 2100 619 2141; x_wconf 83' lang='lat' dir='ltr'>Praefixa</span> <span class='ocrx_word' id='word_1_330' title='bbox 646 2109 712 2143; x_wconf 88' lang='lat' dir='ltr'>est</span> <span class='ocrx_word' id='word_1_331' title='bbox 738 2104 826 2145; x_wconf 88' lang='lat' dir='ltr'>vita</span> <span class='ocrx_word' id='word_1_332' title='bbox 853 2106 1052 2146; x_wconf 91' lang='lat' dir='ltr'>auctoris.</span> <span class='ocrx_word' id='word_1_333' title='bbox 1086 2105 1247 2147; x_wconf 91' lang='lat' dir='ltr'>Omnia</span> <span class='ocrx_word' id='word_1_334' title='bbox 1268 2122 1366 2148; x_wconf 92' lang='lat' dir='ltr'>cum</span> <span class='ocrx_word' id='word_1_335' title='bbox 1384 2108 1600 2148; x_wconf 88' lang='lat' dir='ltr'>indicibus</span> <span class='ocrx_word' id='word_1_336' title='bbox 1615 2107 1699 2148; x_wconf 93' lang='lat' dir='ltr'>VII</span> <span class='ocrx_word' id='word_1_337' title='bbox 1715 2108 2063 2148; x_wconf 86' lang='lat' dir='ltr'>accuratissimis.</span> <span class='ocrx_word' id='word_1_338' title='bbox 2106 2108 2154 2148; x_wconf 94' lang='lat' dir='ltr'>In</span> 
     </span>
     <span class='ocr_line' id='line_1_36' title="bbox 225 2158 2154 2222; baseline 0.006 -24"><span class='ocrx_word' id='word_1_339' title='bbox 225 2158 409 2199; x_wconf 87' lang='lat' dir='ltr'>Officina</span> <span class='ocrx_word' id='word_1_340' title='bbox 428 2159 838 2205; x_wconf 85' lang='lat' dir='ltr'>Sanct-Andreana.</span> <span class='ocrx_word' id='word_1_341' title='bbox 857 2165 1138 2208; x_wconf 90' lang='lat' dir='ltr'>MDCVIII”.</span> <span class='ocrx_word' id='word_1_342' title='bbox 1173 2167 1464 2208; x_wconf 90' lang='lat' dir='ltr'>Commeliani</span> <span class='ocrx_word' id='word_1_343' title='bbox 1483 2174 1526 2209; x_wconf 90' lang='lat' dir='ltr'>et</span> <span class='ocrx_word' id='word_1_344' title='bbox 1542 2168 1773 2209; x_wconf 86' lang='lat' dir='ltr'>Bonutiani</span> <span class='ocrx_word' id='word_1_345' title='bbox 1793 2169 1865 2222; x_wconf 91' lang='lat' dir='ltr'>qui</span> <span class='ocrx_word' id='word_1_346' title='bbox 1883 2174 1985 2209; x_wconf 90' lang='lat' dir='ltr'>tunc</span> <span class='ocrx_word' id='word_1_347' title='bbox 2003 2166 2154 2209; x_wconf 87' lang='lat' dir='ltr'>Sanct-</span> 
     </span>
     <span class='ocr_line' id='line_1_37' title="bbox 222 2219 2152 2280; baseline 0.006 -22"><span class='ocrx_word' id='word_1_348' title='bbox 222 2219 491 2262; x_wconf 84' lang='lat' dir='ltr'>Andreanae</span> <span class='ocrx_word' id='word_1_349' title='bbox 522 2223 841 2276; x_wconf 84' lang='lat' dir='ltr'>typographiae</span> <span class='ocrx_word' id='word_1_350' title='bbox 869 2227 1098 2280; x_wconf 89' lang='lat' dir='ltr'>praepositi</span> <span class='ocrx_word' id='word_1_351' title='bbox 1132 2235 1269 2276; x_wconf 89' lang='lat' dir='ltr'>erant,</span> <span class='ocrx_word' id='word_1_352' title='bbox 1305 2229 1418 2269; x_wconf 91' lang='lat' dir='ltr'>hanc</span> <span class='ocrx_word' id='word_1_353' title='bbox 1446 2229 1681 2269; x_wconf 90' lang='lat' dir='ltr'>secundam</span> <span class='ocrx_word' id='word_1_354' title='bbox 1708 2229 1945 2270; x_wconf 87' lang='lat' dir='ltr'>editionem</span> <span class='ocrx_word' id='word_1_355' title='bbox 1975 2242 2152 2278; x_wconf 78' lang='lat' dir='ltr'>„conse-</span> 
     </span>
     <span class='ocr_line' id='line_1_38' title="bbox 223 2280 2154 2330; baseline 0.006 -12"><span class='ocrx_word' id='word_1_356' title='bbox 223 2280 462 2320; x_wconf 72' lang='lat' dir='ltr'>crandam”</span> <span class='ocrx_word' id='word_1_357' title='bbox 496 2290 755 2324; x_wconf 86' lang='lat' dir='ltr'>censuerunt</span> <span class='ocrx_word' id='word_1_358' title='bbox 788 2283 965 2327; x_wconf 87' lang='lat' dir='ltr'>Senatui</span> <span class='ocrx_word' id='word_1_359' title='bbox 998 2287 1305 2329; x_wconf 87' lang='lat' dir='ltr'>Ecclesiastico</span> <span class='ocrx_word' id='word_1_360' title='bbox 1337 2288 1553 2330; x_wconf 87' lang='lat' dir='ltr'>Electoris</span> <span class='ocrx_word' id='word_1_361' title='bbox 1579 2289 1787 2330; x_wconf 91' lang='lat' dir='ltr'>Friderici</span> <span class='ocrx_word' id='word_1_362' title='bbox 1819 2289 1895 2329; x_wconf 91' lang='lat' dir='ltr'>IV.</span> <span class='ocrx_word' id='word_1_363' title='bbox 1945 2288 2064 2329; x_wconf 87' lang='lat' dir='ltr'>Data</span> <span class='ocrx_word' id='word_1_364' title='bbox 2089 2296 2154 2330; x_wconf 90' lang='lat' dir='ltr'>est</span> 
     </span>
     <span class='ocr_line' id='line_1_39' title="bbox 224 2338 2154 2402; baseline 0.006 -24"><span class='ocrx_word' id='word_1_365' title='bbox 224 2338 392 2379; x_wconf 90' lang='lat' dir='ltr'>illorum</span> <span class='ocrx_word' id='word_1_366' title='bbox 422 2342 685 2384; x_wconf 89' lang='lat' dir='ltr'>dedicatoria</span> <span class='ocrx_word' id='word_1_367' title='bbox 713 2345 898 2398; x_wconf 89' lang='lat' dir='ltr'>epistola</span> <span class='ocrx_word' id='word_1_368' title='bbox 925 2347 1244 2402; x_wconf 81' lang='lat' dir='ltr'>Heidelbergae</span> <span class='ocrx_word' id='word_1_369' title='bbox 1275 2362 1331 2388; x_wconf 90' lang='lat' dir='ltr'>m.</span> <span class='ocrx_word' id='word_1_370' title='bbox 1357 2349 1515 2390; x_wconf 89' lang='lat' dir='ltr'>Martio</span> <span class='ocrx_word' id='word_1_371' title='bbox 1542 2348 1804 2399; x_wconf 92' lang='lat' dir='ltr'><strong>MDCVIII‚</strong></span> <span class='ocrx_word' id='word_1_372' title='bbox 1838 2355 1931 2390; x_wconf 89' lang='lat' dir='ltr'>tota</span> <span class='ocrx_word' id='word_1_373' title='bbox 1963 2362 2066 2389; x_wconf 89' lang='lat' dir='ltr'>vero</span> <span class='ocrx_word' id='word_1_374' title='bbox 2098 2364 2154 2390; x_wconf 87' lang='lat' dir='ltr'>ex</span> 
     </span>
     <span class='ocr_line' id='line_1_40' title="bbox 224 2399 2156 2463; baseline 0.006 -25"><span class='ocrx_word' id='word_1_375' title='bbox 224 2399 372 2440; x_wconf 89' lang='lat' dir='ltr'>fraude</span> <span class='ocrx_word' id='word_1_376' title='bbox 402 2407 445 2441; x_wconf 91' lang='lat' dir='ltr'>et</span> <span class='ocrx_word' id='word_1_377' title='bbox 472 2401 649 2443; x_wconf 87' lang='lat' dir='ltr'>fallaciis</span> <span class='ocrx_word' id='word_1_378' title='bbox 676 2410 858 2446; x_wconf 88' lang='lat' dir='ltr'>constat.</span> <span class='ocrx_word' id='word_1_379' title='bbox 907 2405 1082 2448; x_wconf 89' lang='lat' dir='ltr'>Etenim</span> <span class='ocrx_word' id='word_1_380' title='bbox 1110 2408 1406 2449; x_wconf 89' lang='lat' dir='ltr'>fraudulenter</span> <span class='ocrx_word' id='word_1_381' title='bbox 1432 2423 1478 2450; x_wconf 90' lang='lat' dir='ltr'>se</span> <span class='ocrx_word' id='word_1_382' title='bbox 1502 2415 1657 2463; x_wconf 84' lang='lat' dir='ltr'>gerunt</span> <span class='ocrx_word' id='word_1_383' title='bbox 1679 2409 1968 2450; x_wconf 90' lang='lat' dir='ltr'>Commeliani</span> <span class='ocrx_word' id='word_1_384' title='bbox 2011 2409 2156 2450; x_wconf 91' lang='lat' dir='ltr'>Bonu-</span> 
     </span>
     <span class='ocr_line' id='line_1_41' title="bbox 223 2459 2151 2522; baseline 0.006 -23"><span class='ocrx_word' id='word_1_385' title='bbox 223 2459 437 2512; x_wconf 86' lang='lat' dir='ltr'>tianique,</span> <span class='ocrx_word' id='word_1_386' title='bbox 487 2476 635 2503; x_wconf 89' lang='lat' dir='ltr'>eorum</span> <span class='ocrx_word' id='word_1_387' title='bbox 668 2465 791 2513; x_wconf 89' lang='lat' dir='ltr'>socii,</span> <span class='ocrx_word' id='word_1_388' title='bbox 841 2468 964 2518; x_wconf 89' lang='lat' dir='ltr'>quasi</span> <span class='ocrx_word' id='word_1_389' title='bbox 998 2469 1125 2521; x_wconf 88' lang='lat' dir='ltr'>primi</span> <span class='ocrx_word' id='word_1_390' title='bbox 1159 2469 1247 2508; x_wconf 90' lang='lat' dir='ltr'>suis</span> <span class='ocrx_word' id='word_1_391' title='bbox 1281 2469 1363 2521; x_wconf 92' lang='lat' dir='ltr'>ipsi</span> <span class='ocrx_word' id='word_1_392' title='bbox 1398 2470 1551 2522; x_wconf 88' lang='lat' dir='ltr'>prelis,</span> <span class='ocrx_word' id='word_1_393' title='bbox 1600 2470 1642 2509; x_wconf 91' lang='lat' dir='ltr'>in</span> <span class='ocrx_word' id='word_1_394' title='bbox 1675 2470 1780 2510; x_wconf 89' lang='lat' dir='ltr'>urbe</span> <span class='ocrx_word' id='word_1_395' title='bbox 1813 2470 2151 2522; x_wconf 86' lang='lat' dir='ltr'>Heidelbergae‚</span> 
     </span>
     <span class='ocr_line' id='line_1_42' title="bbox 220 2519 2153 2584; baseline 0.006 -26"><span class='ocrx_word' id='word_1_396' title='bbox 220 2519 334 2560; x_wconf 88' lang='lat' dir='ltr'>hanc</span> <span class='ocrx_word' id='word_1_397' title='bbox 357 2520 463 2561; x_wconf 91' lang='lat' dir='ltr'>Iunii</span> <span class='ocrx_word' id='word_1_398' title='bbox 492 2536 670 2575; x_wconf 91' lang='lat' dir='ltr'>operum</span> <span class='ocrx_word' id='word_1_399' title='bbox 699 2524 998 2568; x_wconf 90' lang='lat' dir='ltr'>collectionem</span> <span class='ocrx_word' id='word_1_400' title='bbox 1026 2529 1342 2569; x_wconf 86' lang='lat' dir='ltr'>submisissent.</span> <span class='ocrx_word' id='word_1_401' title='bbox 1370 2527 1585 2570; x_wconf 82' lang='lat' dir='ltr'>Simulant</span> <span class='ocrx_word' id='word_1_402' title='bbox 1611 2543 1767 2584; x_wconf 90' lang='lat' dir='ltr'>nempe</span> <span class='ocrx_word' id='word_1_403' title='bbox 1794 2544 1953 2570; x_wconf 86' lang='lat' dir='ltr'>novam</span> <span class='ocrx_word' id='word_1_404' title='bbox 1980 2543 2153 2583; x_wconf 90' lang='lat' dir='ltr'>prorsus</span> 
     </span>
     <span class='ocr_line' id='line_1_43' title="bbox 221 2579 2152 2643; baseline 0.005 -23"><span class='ocrx_word' id='word_1_405' title='bbox 221 2579 452 2620; x_wconf 87' lang='lat' dir='ltr'>editionem</span> <span class='ocrx_word' id='word_1_406' title='bbox 486 2583 526 2622; x_wconf 91' lang='lat' dir='ltr'>in</span> <span class='ocrx_word' id='word_1_407' title='bbox 566 2583 707 2624; x_wconf 91' lang='lat' dir='ltr'>lucem</span> <span class='ocrx_word' id='word_1_408' title='bbox 739 2598 785 2625; x_wconf 90' lang='lat' dir='ltr'>se</span> <span class='ocrx_word' id='word_1_409' title='bbox 817 2586 967 2636; x_wconf 86' lang='lat' dir='ltr'>edere;</span> <span class='ocrx_word' id='word_1_410' title='bbox 1012 2589 1114 2629; x_wconf 92' lang='lat' dir='ltr'>dolo</span> <span class='ocrx_word' id='word_1_411' title='bbox 1147 2588 1448 2629; x_wconf 89' lang='lat' dir='ltr'>Genevensem</span> <span class='ocrx_word' id='word_1_412' title='bbox 1481 2589 1715 2630; x_wconf 90' lang='lat' dir='ltr'>editionem</span> <span class='ocrx_word' id='word_1_413' title='bbox 1743 2604 1919 2643; x_wconf 87' lang='lat' dir='ltr'>prorsus</span> <span class='ocrx_word' id='word_1_414' title='bbox 1950 2589 2152 2639; x_wconf 88' lang='lat' dir='ltr'>reticent;</span> 
     </span>
     <span class='ocr_line' id='line_1_44' title="bbox 221 2639 2153 2703; baseline 0.006 -24"><span class='ocrx_word' id='word_1_415' title='bbox 221 2639 388 2693; x_wconf 90' lang='lat' dir='ltr'>sibique</span> <span class='ocrx_word' id='word_1_416' title='bbox 404 2641 593 2683; x_wconf 90' lang='lat' dir='ltr'>fucatam</span> <span class='ocrx_word' id='word_1_417' title='bbox 612 2645 894 2698; x_wconf 87' lang='lat' dir='ltr'>expostulant</span> <span class='ocrx_word' id='word_1_418' title='bbox 910 2647 1097 2701; x_wconf 84' lang='lat' dir='ltr'>gloriam</span> <span class='ocrx_word' id='word_1_419' title='bbox 1114 2681 1122 2698; x_wconf 82' lang='lat'><em>,</em></span> <span class='ocrx_word' id='word_1_420' title='bbox 1153 2662 1198 2699; x_wconf 87' lang='lat' dir='ltr'>se</span> <span class='ocrx_word' id='word_1_421' title='bbox 1215 2648 1409 2699; x_wconf 82' lang='lat' dir='ltr'>omnium</span> <span class='ocrx_word' id='word_1_422' title='bbox 1429 2650 1591 2703; x_wconf 90' lang='lat' dir='ltr'>primos</span> <span class='ocrx_word' id='word_1_423' title='bbox 1609 2650 1755 2690; x_wconf 88' lang='lat' dir='ltr'>eximii</span> <span class='ocrx_word' id='word_1_424' title='bbox 1777 2650 1992 2703; x_wconf 86' lang='lat' dir='ltr'>Theologi</span> <span class='ocrx_word' id='word_1_425' title='bbox 2010 2649 2153 2690; x_wconf 89' lang='lat' dir='ltr'>elucu-</span> 
     </span>
    </p>

    <p class='ocr_par' dir='ltr' id='par_1_12' title="bbox 1928 2710 2149 2750">
     <span class='ocr_line' id='line_1_45' title="bbox 1928 2710 2149 2750; baseline -0.005 0"><span class='ocrx_word' id='word_1_426' title='bbox 1928 2710 2149 2750; x_wconf 84' lang='lat' dir='ltr'>brationes</span> 
     </span>
    </p>
   </div>
  </div>
 </body>
</html>
