2334 3020
260 110 333 146 270
874 103 1091 132 THESES
1133 104 1568 132 THEOLOGICAE.

252 213 449 260 sitionem,
487 211 580 248 nihil
616 213 706 249 inde
742 211 933 262 sequitur,
973 218 1247 260 praeterquam
1285 210 1471 260 baptizari
1501 212 1644 250 debere
1674 210 1739 260 qui
1768 219 1953 261 possunt,
1981 213 2016 250 &
2047 212 2182 251 doceri

254 280 321 305 eos
355 265 419 316 qui
447 264 648 302 doctrinae
677 273 765 303 sunt
792 278 966 315 capaces.
1010 265 1110 301 Nam
1136 263 1200 301 hic
1230 264 1447 313 Apostolici
1475 263 1644 303 muneris
1673 264 1961 302 constituuntur
1989 273 2116 314 partes
2143 265 2180 303 in

253 319 510 368 baptizando,
540 319 575 354 &
604 318 808 368 docendo,
837 317 942 356 nulla
970 316 1116 355 ordinis
1143 316 1245 354 facta
1268 316 1478 356 mentione.
1507 319 1640 356 Genus
1668 324 1799 355 autem
1822 317 2046 367 praefigitur
2060 319 2182 356 verbo

250 377 502 422 μαθηεειιειν,
540 370 630 420 quia
668 370 846 421 discipuli
881 372 978 408 fiunt
1015 370 1282 419 docemurque
1309 369 1428 420 signis
1457 371 1493 408 &
1521 369 1720 408 doctrina:
1751 369 1901 419 paruuli
1929 370 2036 420 prius
2064 370 2182 421 signis

253 427 370 475 quam
398 423 598 473 doctrina,
627 432 667 462 vt
703 436 803 474 quae
828 424 868 462 in
896 435 1052 462 sensum
1081 422 1256 473 ipsorum
1284 424 1429 461 cadant
1458 425 1500 473 (f.
1535 424 1662 472 1735).

311 490 369 515 12.
425 477 546 525 Quod
587 476 690 515 circa
730 477 985 515 differentiam
1027 475 1344 514 Circumcisionis
1385 476 1420 513 δι
1463 475 1650 526 Baptismi
1691 475 1942 525 cauillantur,
1980 475 2087 514 futile
2115 483 2182 514 est.

255 530 403 567 Dicunt
444 531 636 568 masculos
677 531 828 568 tantiam
868 528 1144 579 baptizandos,
1185 540 1306 578 quum
1343 528 1416 567 soli
1450 528 1837 578 circumciderentur,
1871 529 2183 578 seruandumque

255 583 371 621 etiam
408 590 593 620 octauum
628 582 745 621 diem.
787 583 864 620 Sed
897 584 973 620 hoc
1001 581 1095 619 nihil
1123 582 1173 619 ad
1201 594 1295 620 rem.
1338 583 1632 620 Sacramentum
1661 581 1762 619 enim
1793 581 2072 631 Euangelicum
2100 593 2184 620 suc-

255 636 368 674 cessit
409 636 540 685 legali
583 636 652 674 sed
691 637 840 673 tantum
882 635 990 684 quod
1032 636 1168 684 finem7
1212 646 1343 684 1150111,
1379 636 1414 673 &
1450 649 1529 673 rer·
1565 634 1838 684 significatam3
1867 637 2047 684 expresse
2076 636 2184 672 Deus

253 689 498 727 restrinxerat
533 683 862 726 Cicumcisionem
900 689 950 726 ad
979 701 1125 737 mares,
1153 687 1243 746 quia
1270 687 1325 726 sic
1351 687 1552 726 infirmiori
1580 687 1686 725 sexui
1715 700 1874 736 parcere
1903 689 2081 736 volebat,
2111 687 2184 725 soli

255 751 342 780 sunt
370 741 619 792 praeputiati
648 749 736 779 sunt
764 742 945 779 authores
973 740 1248 791 generationis
1278 740 1336 778 vir
1363 748 1480 791 caput
1508 750 1564 778 est
1591 740 1806 788 foeminae
1834 740 1874 777 in
1901 740 1946 778 iis
1974 747 2088 790 typus
2118 740 2188 778 fuit

254 795 520 833 ceremonialis
555 794 717 832 Christi.
757 794 926 844 denique
955 794 1133 832 mulieres
1162 794 1200 831 in
1230 793 1399 832 maribus
1428 794 1687 832 censebantur
1715 770 1984 843 circumcisae,
2013 792 2186 832 Circum-

253 848 398 886 cisione
427 861 507 885 non
534 860 652 886 manu
678 847 781 885 facta
821 847 941 896 Quod
969 846 1105 885 attinet
1132 847 1181 884 ad
1208 846 1312 885 diem
1340 854 1542 898 octauum,
1578 846 1701 884 Nullis
1729 858 1860 884 sumus
1883 846 2056 884 adstricti
2083 858 2186 884 cere-

255 901 413 952 moniis3
454 903 498 938 In
536 900 692 939 Christo
720 902 1052 950 complementum
1079 901 1310 938 habuerunt.
1348 900 1498 938 Causae
1524 906 1656 938 autem
1683 898 1914 949 praecipuae
1943 901 1996 937 ob
2024 911 2120 948 quas
2147 898 2186 936 in

254 954 359 992 diem
401 961 584 992 octauum
622 953 872 992 differebatur
905 952 1181 1012 Circumcitsio,
1219 953 1498 991 ceremoniales
1525 954 1700 1002 fuerunt3
1729 951 1832 1000 Quia
1859 959 2010 1002 septem
2038 951 2186 1001 primos

255 1008 336 1045 dies
378 1007 551 1057 impurus
593 1013 674 1045 erat
713 1014 844 1056 partus
885 1019 931 1044 ex
973 1006 1159 1056 sanguine
1196 1014 1416 1056 menstruo3
1451 1007 1576 1044 Exod.
1608 1019 1668 1042 22.
1699 1018 1761 1054 30.
1789 1006 1915 1044 Leuzsst
1950 1019 2008 1043 12.
2037 1018 2073 1053 3.
2103 1006 2185 1043 &a

257 1062 409 1099 Octauo
452 1067 581 1098 autem
624 1071 741 1118 purus
782 1061 1011 1098 habebatur
1048 1061 1251 1097 Praeterea
1283 1066 1366 1097 erat
1394 1060 1690 1097 Sacramentum
1717 1057 1847 1096 octaui
1873 1058 1973 1096 illius
2000 1057 2077 1095 diei
2105 1069 2186 1106 quo

255 1113 448 1151 Dominus
477 1113 682 1151 resurrexit
709 1114 760 1151 ad
788 1113 909 1151 nostri
935 1112 1248 1151 iustificationem
1275 1113 1311 1149 δε
1335 1111 1763 1161 55001100511000111,ν1
1787 1111 1961 1149 Patribus
1986 1109 2186 1149 nonnullis

258 1166 416 1218 placuit.
448 1169 496 1211 Cy
476 1169 630 1218 JJQprzan
659 1168 716 1203 ad
728 1167 804 1216 fid.
832 1167 896 1204 lu).
925 1179 961 1215 3.
991 1167 1117 1217 Epzssst
1151 1179 1210 1204 10.

1107 1272 1343 1310 Corollaria.

317 1392 348 1415 1.
404 1378 772 1428 Paedobaptisrnum
812 1391 859 1416 ex
900 1376 1105 1428 Scripturis
1146 1376 1303 1427 probari
1344 1390 1424 1415 non
1465 1389 1602 1427 posse,
1644 1376 1752 1425 quod
1781 1375 1960 1414 dixerunt
1990 1375 2181 1424 Pontificij

262 1431 456 1469 nonnulli:
487 1432 536 1469 N.

317 1498 351 1522 2.
406 1484 645 1533 Baptismum
674 1490 875 1522 externum
904 1483 1113 1521 infantibus
1142 1485 1306 1520 salutem
1333 1484 1511 1521 conferre
1539 1496 1587 1520 ex
1615 1496 1735 1532 opere
1765 1488 1948 1531 operato:
1979 1482 2028 1519 N.

315 1551 350 1587 3.
405 1539 575 1575 Infantes
600 1536 682 1575 sine
711 1544 870 1575 externo
901 1536 1095 1586 baptismo
1125 1536 1162 1573 in
1192 1544 1392 1574 aeternum
1420 1535 1563 1586 perire:
1592 1537 1641 1574 N.

816 1803 902 1839 LII.
957 1803 1042 1840 DE
1092 1801 1329 1840 COENA
1370 1801 1644 1839 DOMINI.

320 1923 454 1962 Recte
485 1928 690 1962 statuunt
717 1927 885 1962 veteres
916 1921 1157 1961 Dominum
1190 1927 1389 1961 nostrum
1421 1919 1565 1960 Iesum
1604 1918 1857 1966 Christum,
1886 1924 2126 1971 postquam
2144 1917 2195 1957 de

260 1997 391 2023 carne
421 1996 502 2023 sua
535 1982 845 2035 spiritualiter
877 1981 1202 2028 manducanda,
1235 1981 1342 2022 &de
1358 1980 1576 2033 sanguine
1593 1994 1670 2020 suo
1688 1979 1998 2031 spiritualiter
2015 1978 2194 2018 bibendo

260 2044 565 2091 disseruisset,
600 2043 774 2083 tandem
806 2049 1037 2083 externum
1069 2042 1257 2094 aliquod
1285 2041 1622 2081 Sacramentum
1649 2042 1752 2080 aute
1769 2039 2046 2087 instituisse,
2065 2041 2196 2091 quam

263 2105 351 2144 iret
386 2104 447 2144 ad
485 2104 695 2152 Patrem,
737 2117 820 2156 quo
863 2105 926 2156 (vt
960 2103 1158 2156 loquitur
1190 2101 1478 2154 Augustinus
1511 2107 1663 2140 contra
1695 2100 1850 2140 Faust.
1887 2099 1960 2140 lib.
2002 2111 2065 2151 19.
2101 2106 2194 2151 cap.

268 2163 355 2220 11.)
389 2164 488 2217 ipScz
527 2162 722 2212 Christi,
756 2163 808 2203 de
839 2163 1081 2216 spirituali
1111 2162 1470 2210 manducatione,
1505 2163 1549 2202 &
1574 2167 1704 2214 potu,
1733 2161 1866 2201 verba
1884 2159 2196 2213 quodammodo

259 2225 551 2277 aspectabilia
582 2224 883 2265 redderentur.
918 2223 1071 2278 Itaque
1102 2237 1179 2263 nos
1212 2223 1260 2263 in
1285 2221 1520 2276 praesenti
1543 2228 1691 2274 pauca
1722 2220 1774 2261 de
1805 2221 1883 2261 lzoc
1902 2219 2194 2261 Sacramento

263 2285 480 2333 di‚cemus
514 2286 558 2326 ἃ
583 2285 785 2337 primum
817 2284 869 2324 de
900 2285 1087 2325 nomine.

1096 2425 1310 2461 THEs1s
1350 2425 1380 2460 I.

317 2544 614 2580 sacrosanctum
643 2543 719 2580 hoc
753 2542 977 2591 mysterium
1005 2541 1108 2579 varia
1144 2540 1323 2579 sortitum
1351 2547 1408 2578 est
1434 2539 1613 2588 nomina3
1643 2538 1788 2588 primo,
1816 2537 1967 2575 ratione
1997 2536 2200 2578 materiae

263 2596 435 2634 secundo
463 2595 612 2633 ratione
641 2595 1036 2645 circunistantiarum3
1065 2594 1214 2631 ratione
1243 2592 1445 2643 materiae,
1471 2592 1608 2640 triplex
1637 2590 1834 2628 Primum
1824 2604 1847 2627 a
1864 2589 2023 2627 materia
2038 2589 2200 2627 coelesti

263 2650 374 2687 huius
415 2649 603 2697 cmuiuij,
646 2648 802 2697 quando
837 2647 1018 2685 nimirum
1048 2646 1222 2685 Christus
1251 2647 1327 2683 hoc
1355 2645 1600 2693 mysterium7
1630 2645 1777 2682 llatllz.
1809 2646 1868 2681 26.
1903 2644 1962 2680 26.
1995 2654 2137 2692 corpus
2166 2644 2200 2680 ἃ

266 2701 492 2751 sanguinem
535 2714 646 2739 suum
688 2709 815 2739 vocat.
858 2700 1080 2739 Secundum
1123 2702 1158 2737 &
1195 2698 1348 2737 tertium
1386 2712 1408 2735 a
1442 2696 1601 2735 materia
1646 2697 1837 2745 terrestri,
1880 2698 1915 2734 δι
1954 2695 2200 2742 elementari,

268 2762 428 2793 vocatur
457 2755 560 2792 enim
588 2757 609 2791 a
638 2755 781 2804 Paulo,
815 2768 846 2792 1.
879 2755 965 2791 Cor.
999 2767 1058 2792 10.
1092 2753 1150 2791 16.
1179 2754 1228 2790 ξφ
1259 2765 1318 2789 21.
1349 2750 1459 2801 panis
1487 2752 1523 2789 &
1552 2750 1758 2800 poculum,
1788 2750 1859 2789 &c.
1885 2752 1919 2788 δι
1948 2749 2065 2798 paulo
2089 2755 2200 2798 post,

2067 2814 2200 2840 mensa
