2334 3020
786 100 852 132 DE
892 102 1040 131 VERA
1082 101 1435 132 THEoLocra.
2032 84 2101 142 63¹

163 215 230 262 qui
266 214 305 251 in
347 216 456 251 terra
496 212 662 260 degunt,·
695 213 896 249 secundum
921 220 1046 261 'quam
1075 213 1215 249 lumine
1244 213 1506 259 intellectuali,
1536 212 1686 248 ratione
1713 217 1836 248 tamen
1866 216 2087 248 transeunte

162 271 274 315 atque
301 266 544 316 imperfecta,
571 266 874 314 contemplantur
894 265 1022 302 Deum
1039 265 1088 302 ὃν
1116 278 1179 302 res
1207 266 1359 302 dc'm'nas
1387 266 1505 314 istsim
1529 270 1601 313 per
1624 277 1694 301 17777
1709 266 1958 312 incrementa,
1974 265 2088 301 donec

153 319 367 369 perfectam
409 319 592 358 visionem
621 319 699 355 eius
727 323 1007 366 consequantur
1038 319 1094 355 77771
1112 319 1284 366 gloriam
1313 319 1444 366 ipsius.
1481 319 1525 354 In
1554 319 1628 355 hac
1656 316 1881 355 definitione
1910 316 2087 366 exposito

162 372 361 410 communi
401 383 542 421 genere
583 372 618 408 &
655 370 872 408 differentia
911 371 959 408 ad
1000 370 1266 408 definitionem
1302 369 1439 408 iustam
1475 370 1713 420 pertinente,
1751 369 1922 420 singulae
1950 381 2089 408 causae

162 424 302 462 eodem
347 423 484 463 ordine
525 423 747 474 traduntur,
788 435 904 472 quem
946 430 1036 461 ante
1073 423 1225 472 sequuti
1261 435 1405 462 sumus.
1448 425 1549 461 Nam
1578 423 1746 473 primum
1775 435 1891 460 causa
1919 422 2090 460 efficiens

161 477 384 515 nominatur
423 477 534 514 Deus
565 482 644 526 per
685 478 861 526 spiritum
903 478 1135 514 renelatione
1172 476 1490 526 communicans,
1525 477 1560 514 &
1597 476 1756 525 quidem
1785 482 1951 513 natm-ae
1977 477 2090 512 huius

160 535 316 568 nostrae
345 535 415 568 aut
433 530 594 578 gratiae
621 530 798 579 beneficio
826 542 917 579 erga
945 542 1012 567 eos
1040 529 1219 568 homines
1246 529 1312 579 qui
1340 529 1378 566 in
1407 537 1508 567 terra
1537 530 1705 579 degunt,
1736 528 1864 566 vocati
1895 528 2027 566 Sancti
2054 530 2088 566 δε

159 582 461 632 promissionum
503 581 728 620 salutarium
769 583 957 620 haeredes
998 582 1036 619 in
1078 582 1234 620 Christo
1271 584 1373 621 Iesu.
1414 584 1517 620 Tum
1554 581 1715 620 materia
1739 581 1977 629 ostenditur,
2006 581 2088 621 siue

160 635 378 682 obiectum,
421 635 529 686 quod
569 634 787 685 Theologia
828 634 943 674 nobis
984 635 1080 673 sistit
1113 636 1487 685 apprehendendum
1518 636 1612 673 fide:
1643 646 1784 684 nempe
1811 635 1921 671 Deus
1949 636 1998 672 ἐφ’
2026 647 2088 671 res

159 689 312 727 diuinae
336 690 468 739 77917771.
496 687 650 726 Deinde
677 689 802 727 forma
828 688 1052 738 exponitur,
1085 688 1193 736 quod
1220 689 1421 725 sccmzdum
1450 689 1550 726 lcanc
1574 688 1807 738 Sapientiam
1831 689 1971 724 lumine
1984 689 2089 725 intel-

156 742 311 779 lectlcalz
329 755 369 792 [t
362 755 404 779 cr
426 742 602 790 gyatc'am
631 743 844 779 naturalem
872 748 937 779 aut
960 742 1291 790 supernaturalem
1316 754 1482 779 accenso
1498 741 1536 779 in
1551 740 1666 780 nobis
1681 742 1979 789 contemplamur
1995 740 2089 778 illud

157 793 357 834 obiectum
385 801 582 844 nostrum,
611 794 682 832 sed
709 800 840 832 transt
842 799 929 832 unte
949 799 1073 831 tamen
1102 795 1241 831 lumme
1257 795 1621 843 atquezmperfecto:
1638 807 1683 831 ac
1698 793 1863 843 proinde
1879 795 1935 841 (vt
1949 794 2089 831 Paulus

156 841 342 896 loquittfr)
384 855 467 886 tum
506 823 693 896 teniporis
736 847 896 886 demum
931 847 1152 894 abolendo,
1190 857 1311 896 quum
1339 846 1379 884 id
1410 848 1519 894 quod
1547 854 1603 884 est
1634 847 1848 896 perfectum
1876 846 2090 884 aduenerit.

151 911 271 948 quam
298 901 457 950 quidem
485 899 767 950 perfectionem
796 906 1066 958 exspectantes
1093 899 1325 937 adolescunt
1353 899 1403 948 pij
1434 912 1503 947 per
1530 912 1599 938 sua
1627 899 1867 937 incrementa
1896 899 1935 937 in
1964 899 2088 937 virum

152 954 369 1001 perfectum
398 955 448 991 ad
477 964 699 991 mensuram
728 960 895 991 staturae
922 951 1045 990 adulti
1073 951 1238 999 Christi,
1266 960 1550 1001 assurguntque
1579 953 1627 990 ad
1658 954 1870 1001 perfectam
1900 952 2088 990 visionem

151 1005 253 1056 eius,
295 1008 439 1056 Eplzes.
466 1020 502 1053 4.
537 1019 596 1054 13.
638 1007 842 1044 Postremo
879 1005 965 1043 finis
993 1004 1110 1043 totius
1138 1004 1251 1041 huius
1279 1004 1498 1053 Sapientiae
1533 1006 1673 1042 Gloria
1701 1006 1800 1052 Dei,
1829 1005 1893 1042 hic
1921 1005 2088 1054 primum

150 1058 241 1096 fidei
279 1068 454 1107 nostrae,
489 1059 528 1096 id
562 1064 640 1108 est,
678 1059 918 1096 credentium
949 1057 1146 1107 exposita3
1176 1060 1265 1106 post
1292 1064 1421 1095 autem
1447 1057 1485 1094 in
1515 1057 1635 1095 coelis
1664 1069 1779 1105 quam
1810 1058 2088 1106 perfectissime

151 1113 383 1160 perfruenda
410 1112 450 1150 in
478 1113 565 1150 Deo
595 1113 708 1148 Patre
736 1114 770 1149 δε
799 1110 973 1149 Ι)01111110
1002 1112 1090 1148 Iesu
1120 1109 1290 1148 Christo.

943 1402 1173 1440 CAPVT
1214 1404 1296 1441 IX.

568 1522 787 1572 Quotuplex
818 1525 870 1560 sn
904 1520 943 1556 Τ
937 1523 1133 1570 lzeologiae
1163 1525 1494 1561 communicandae
1522 1525 1666 1563 modas.

199 1643 260 1680 Ex
303 1641 348 1680 iis
388 1653 488 1691 quae
525 1645 615 1680 ante
643 1642 748 1680 dicta
777 1651 886 1689 sunt,
915 1643 1136 1681 vniuersam
1164 1643 1424 1694 Theologiam
1455 1644 1640 1694 distingui
1668 1645 1823 1683 duobus
1851 1645 1978 1684 modis
2006 1647 2087 1684 ani-

149 1695 472 1759 maduertimusff.
507 1697 656 1747 1390),
680 1708 771 1734 nam
800 1708 875 1733 vna
903 1695 1070 1746 infinita,
1098 1698 1218 1735 altera
1245 1697 1354 1735 finita
1368 1697 1535 1736 dicenda
1550 1706 1620 1736 est.
1648 1698 1914 1736 Acinfinitam
1929 1699 2088 1748 quidem

147 1748 308 1798 proprie
338 1748 642 1814 simpliciterque
670 1761 756 1787 eam
785 1761 869 1787 esse
898 1726 1114 1799 credimlis,
1145 1761 1245 1799 quae
1273 1751 1486 1801 ἁρχέτυπος
1514 1752 1549 1789 δι
1579 1751 1653 1788 Dei
1681 1751 1892 1790 essentialis
1916 1760 1991 1803 est·
2007 1752 2088 1790 infi-

147 1801 269 1840 nitam
300 1804 396 1840 vero
426 1802 642 1840 secundnm
670 1801 766 1851 quid
794 1804 850 1851 (vt
877 1803 1106 1852 loquuntur)
1136 1804 1171 1840 &
1200 1810 1378 1861 respectu
1401 1804 1543 1854 nostri,
1566 1804 1804 1843 habltualem
1819 1805 1924 1843 illam
1940 1805 2088 1855 sapien-

149 1849 242 1892 tiam
286 1854 451 1905 Christi,
494 1867 632 1893 omnes
672 1856 876 1893 thesauros
917 1855 1136 1905 Sapientiae
1174 1857 1209 1893 &
1251 1855 1485 1906 cognitionis
1526 1857 1702 1896 salutaris
1739 1859 2086 1908 complectentem:

149 1907 296 1945 finitam
325 1907 580 1946 consimiliter
607 1920 694 1946 eam
721 1908 982 1958 Theologiam
1011 1909 1168 1968 proprie
1199 1908 1500 1960 simpliciterque
1525 1911 1733 1961 appellari,
1749 1922 1849 1960 quae
1865 1923 1955 1950 cum
1972 1912 2088 1950 rebus

150 1960 288 1999 creatis
324 1960 615 1999 communicata
643 1968 721 2012 est,
749 1961 831 2000 siue
858 1963 1029 2011 perfecte
1057 1961 1097 2000 in
1126 1964 1281 2001 caelesti
1309 1962 1449 2012 gloria,
1480 1963 1561 2001 siue
1589 1963 1815 2013 imperfecte
1838 1964 1876 2002 in
1905 1966 1982 2003 hoc
2013 1972 2086 2003 ter-

149 2013 259 2052 restri
299 2013 443 2064 stadio,
485 2014 524 2052 in
567 2026 646 2064 quo
687 2014 834 2053 lumine
876 2014 1022 2065 gratiae
1061 2027 1153 2053 suae
1196 2015 1312 2054 nobis
1353 2017 1553 2065 praelucet
1592 2017 1769 2055 Christus
1819 2018 2015 2056 Dominus
2050 2019 2086 2056 &

151 2067 335 2105 Seruator
361 2075 508 2106 noster.
535 2068 614 2106 Sed
642 2067 734 2117 quia
759 2068 857 2105 haec
885 2074 1021 2106 nostra
1047 2068 1284 2120 Theologia,
1313 2069 1648 2128 quemadmodum
1678 2071 1713 2107 &
1741 2071 1919 2109 coelestis
1947 2071 2012 2109 illa
2034 2073 2086 2110 ad

148 2127 343 2158 creaturas
370 2120 587 2171 pertinens,
617 2127 723 2159 certa
750 2120 813 2159 via
840 2122 876 2158 δε
904 2120 1055 2159 ratione
1081 2135 1104 2159 a
1131 2123 1219 2160 Deo
1249 2122 1540 2160 communicata
1567 2130 1641 2161 est:
1670 2129 1879 2173 antequam
1905 2124 1955 2162 de
1977 2136 2084 2163 reue-

148 2172 293 2212 latione
318 2173 557 2224 Theologiae
586 2173 763 2212 dicamus
791 2174 1027 2225 accuratius
1055 2175 1267 2213 videndum
1295 2174 1411 2213 nobis
1431 2183 1503 2226 est,
1520 2182 1562 2214 vt
1577 2177 1718 2215 modos
1734 2177 2085 2216 communicandae

149 2237 239 2264 cum
274 2227 390 2265 rebus
418 2227 557 2265 creatis
585 2227 849 2277 Theologiae,
876 2230 995 2288 quam
1026 2228 1313 2266 euidentissime
1341 2228 1423 2266 fieri
1451 2230 1613 2280 poterit,
1644 2229 1937 2280 distinguamus.
1972 2233 2012 2268 T
2007 2233 2084 2269 hes

151 2290 233 2317 xlv.
274 2281 352 2317 Est
389 2282 512 2328 zgztur
554 2281 696 2329 duplex
736 2281 923 2329 lecolog
901 2294 966 2318 tae
1002 2283 1333 2319 commumcandae
1359 2283 1513 2331 modus,
1540 2283 1707 2320 Natura
1735 2284 1784 2320 &³
1806 2285 1967 2332 gratza:
1994 2286 2085 2334 illa,

149 2333 252 2371 velut
289 2335 480 2371 internum
518 2335 749 2383 prmcszinm
793 2335 1165 2380 commmzicatz'oms;
1200 2336 1313 2378 haec
1350 2336 1453 2373 zelza
1471 2337 1707 2385 [77777777477777777
1736 2343 1931 2374 eaeternum
1959 2339 2085 2387 z'llzus,

150 2397 196 2422 σω
231 2399 304 2434 quo
323 2388 380 2436 fit
405 2392 448 2425 vt
475 2387 515 2424 T
510 2387 686 2435 heologza
714 2400 790 2426 vna
818 2388 970 2424 dicatur
996 2389 1210 2438 naturali,s
1239 2388 1275 2425 &
1303 2388 1626 2437 Supeznatmalis
1653 2392 1792 2428 altera.
1835 2391 1951 2427 Hanc
1980 2403 2085 2428 00111-

152 2438 423 2477 municationis
451 2439 749 2489 distinguendae
777 2439 879 2478 viam
907 2447 987 2478 tam
1015 2443 1148 2490 aperte
1175 2441 1290 2479 nobis
1317 2446 1467 2490 apermt
1495 2443 1638 2480 Paulus
1665 2453 1786 2492 quum
1807 2443 1857 2480 ad
1880 2445 2085 2482 Romanos

152 2490 361 2543 scriberet,
402 2505 488 2542 cap.
531 2504 558 2531 1.
596 2499 637 2530 vt
673 2492 808 2542 negari
844 2495 868 2531 a
899 2492 1057 2532 nemine
1084 2493 1257 2553 sapiente
1286 2494 1420 2543 possit.
1462 2496 1564 2533 Nam
1593 2507 1713 2545 quum
1744 2508 1879 2534 omnes
1907 2497 2085 2535 homines

152 2543 325 2582 imbutos
365 2545 493 2594 aliqua
533 2545 609 2584 Dei
643 2546 679 2583 &
717 2544 775 2584 sui
802 2545 977 2595 ipsorum
1005 2546 1231 2597 cognitione
1259 2547 1513 2598 pronunciat,
1542 2548 1711 2608 primsrm
1738 2549 1897 2598 quidem
1925 2556 2084 2588 naturae

149 2598 259 2647 luce,
300 2597 442 2637 deinde
480 2601 573 2637 vero
605 2598 835 2637 auctoritate
863 2599 1097 2649 scripturae,
1127 2612 1174 2637 ex
1201 2601 1343 2649 quibus
1371 2600 1601 2640 testimoniis
1628 2603 1691 2640 vel
1717 2613 1836 2639 vnum
1865 2602 2007 2640 sufficit
2033 2604 2085 2641 ad

149 2649 462 2699 praeripiendam
488 2664 648 2689 omnem
687 2652 961 2711 peccatoribus
989 2652 1280 2691 excusationem
1308 2653 1459 2704 peccati
1486 2654 1564 2705 sui,
1593 2654 1755 2692 omnino
1784 2655 1980 2714 duplicem
1996 2668 2087 2693 con-

147 2703 268 2741 stituit
302 2704 464 2742 modum
503 2704 890 2763 communicationis,
924 2717 1001 2755 qua
1028 2705 1271 2756 Theologiae
1300 2706 1413 2745 huius
1441 2708 1570 2746 effecti
1597 2720 1728 2746 sumus
1754 2708 1974 2758 participes.
2015 2710 2084 2748 Est

145 2755 262 2806 igitur
301 2757 446 2806 duplex
482 2756 716 2807 prinmpium
746 2757 1110 2797 communicationis
1137 2758 1257 2811 illius,
1292 2772 1340 2798 ex
1366 2771 1445 2810 quo
1473 2761 1620 2811 duplex
1647 2762 1740 2799 item
1768 2761 1948 2820 procedit
1976 2774 2081 2800 com-

1807 2815 2079 2854 municationis
