2334 3020
865 119 1131 147 EIRENICI
1175 119 1312 146 PARS
1355 117 1378 145 1.
2018 118 2091 158 455

157 232 281 269 sactus
318 243 378 275 63,
417 227 618 279 respondit
655 227 777 278 illice,
816 228 865 266 Et
902 235 939 266 te
975 240 1054 266 non
1080 227 1223 277 pudet,
1260 226 1369 276 quod
1398 239 1535 265 mones
1562 223 1739 264 ebrium?
1768 225 1848 264 Hic
1876 224 1979 264 enim
2007 227 2097 263 vere

158 283 304 323 dictum
346 283 441 321 illud
485 289 540 320 est
581 283 603 319 a
646 282 862 320 Solomone
890 281 1181 331 adhibendum,
1211 282 1329 318 Velut
1357 280 1459 317 mala
1487 292 1602 318 aurea
1630 291 1719 317 cuni
1749 278 1879 329 figuris
1907 278 2098 328 argenteis

157 345 214 375 est
243 337 406 375 verbum
436 334 584 373 dictum
612 334 837 372 commode
867 341 906 372 vt
934 334 1079 372 monile
1105 346 1283 380 aureum,
1313 334 1347 370 ἃς
1378 339 1650 371 ornamentum
1680 345 1725 370 ex
1754 331 1893 381 insigni
1922 344 2017 370 auro
2042 339 2099 370 est

159 391 415 440 reprehensor
443 388 596 437 sapiens
624 388 729 437 apud
756 399 890 425 aurem
919 389 1217 426 auscultantem.
1247 388 1291 434 (s.
1324 388 1430 435 728.)

210 443 331 491 Qued
363 441 393 481 si
422 440 639 491 ignorantia
668 440 837 479 veritatis
866 441 1065 479 hominem
1093 440 1312 478 videbimus
1339 441 1443 488 Deo,
1472 439 1692 487 Ecclesiae
1722 441 1756 477 ἃ*
1789 438 1938 476 veritati
1967 437 2065 475 Dei
2057 450 2093 476 111

158 495 334 534 Ecclesia
360 494 578 543 aduersari,
608 493 771 532 omnino
800 494 1011 532 videndum
1041 493 1155 532 nobis
1183 501 1261 534 est
1290 501 1329 531 vt
1358 493 1394 530 in
1426 493 1612 530 ‹liaritate
1640 500 1868 542 expetamus
1895 491 2096 530 institutio-

157 561 246 587 nem
284 547 453 586 hominis
488 547 606 596 1111113·
644 547 848 585 nitendum
877 554 917 585 vt
946 547 1223 596 praebeamus
1255 548 1372 595 quam
1404 545 1702 595 prudentissime
1733 545 2096 593 modestissimeque

156 602 389 660 poterimus,
428 602 555 638 lucem
585 599 776 642 veritatis
806 612 882 650 qua
910 600 1090 638 tenebras
1119 599 1259 638 mentis
1288 599 1388 637 illius
1416 600 1657 648 depellamus
1701 599 1778 637 Sed
1807 610 1897 635 cum
1927 597 1986 635 his
2016 611 2097 635 om

156 655 270 693 nibus
297 654 497 701 vniuerse,
537 653 603 702 qui
631 652 776 691 inimici
805 660 914 702 sunt,
943 653 982 691 id
1012 666 1167 702 semper
1195 652 1310 691 nobis
1339 652 1551 690 videndum
1581 658 1636 689 est
1664 658 1704 689 vt
1733 664 1869 701 pacem
1899 653 1932 688 Ι
1936 651 2100 688 eclesiae

157 714 454 758 praeoptemus,
493 707 528 744 δι
562 713 652 744 ante
681 706 813 744 omnia
841 713 1078 765 expetamus.
1109 707 1228 754 Qued
1257 706 1286 743 si
1317 718 1405 743 cum
1437 706 1541 743 bona
1571 705 1772 743 Fcclesiae
1800 717 1896 754 pace
1926 704 1983 742 1113
2013 717 2099 753 pro

158 762 270 799 desse
299 771 527 810 possumus,
556 760 742 797 faciamus
771 759 1016 798 sanctissimo
1046 759 1174 797 studio
1202 758 1332 797 salutis
1361 758 1554 809 ipsorum:
1585 758 1641 795 sin
1665 765 1793 795 autem
1811 770 1883 807 pax
1903 757 2103 795 Ecclesiae

157 823 222 852 aut
261 814 529 852 membrorum
569 812 649 851 eius
683 813 964 862 periclitabitur
992 821 1153 871 propter
1177 813 1435 851 voluntatem
1461 811 1816 861 perturbationem
1847 817 1912 848 aut
1939 810 2102 848 inscien-

155 867 248 905 tiam
277 867 461 915 istorum,
490 865 754 904 abstineamus
782 865 910 915 potius
938 867 987 903 ab
1016 865 1070 904 eis
1099 865 1419 911 commonendis,
1448 867 1565 914 quam
1595 872 1636 902 vt
1664 877 1802 914 pacem
1830 863 2102 902 dimoueamus

155 920 375 971 Ecclesiae,
411 919 540 957 donec
578 918 798 957 misericors
836 919 899 956 ille
934 919 1148 969 Dominus,
1188 918 1254 967 qui
1292 917 1414 956 nostri
1444 917 1621 955 misertus
1650 924 1706 955 est
1734 919 1822 955 611111
1853 917 1926 955 sibi
1955 917 2099 955 inimici

156 985 351 1020 essemus,
393 972 496 1011 viam
527 971 754 1022 patefecerit
780 971 852 1010 illis
883 971 1184 1010 misericordiae.
1213 972 1276 1009 Ad
1307 984 1518 1018 summam,
1556 971 1664 1020 quod
1693 978 1842 1009 veteres
1865 978 2100 1008 monuerunt

156 1026 250 1065 olim
279 1039 359 1065 non
390 1039 472 1065 esse
500 1027 744 1064 mouendum
774 1026 919 1063 malum
949 1025 1058 1074 quod
1084 1026 1186 1063 bene
1215 1024 1386 1075 positum
1415 1031 1493 1072 est,
1523 1024 1563 1061 id
1591 1023 1630 1061 in
1646 1024 1724 1062 1106
1739 1023 1943 1062 hominum
1959 1035 2100 1073 genere

155 1079 358 1119 obseruari
387 1091 486 1129 opus
515 1086 572 1117 est
600 1077 901 1117 accuratissime.
930 1079 1156 1116 Videndum
1187 1085 1227 1116 vt
1255 1079 1304 1115 ab
1333 1077 1377 1115 iis
1407 1077 1473 1127 qui
1495 1089 1648 1127 semper
1670 1077 1760 1115 mali
1779 1084 1885 1126 sunt,
1915 1082 2102 1126 certoque

155 1133 321 1172 consilio
350 1133 444 1171 dant
473 1145 633 1182 operam
663 1133 789 1179 malo,
817 1144 866 1169 ne
894 1132 1045 1169 bonum
1075 1131 1234 1181 quidem
1264 1139 1508 1180 expetamus
1539 1139 1603 1168 aut
1621 1142 1942 1168 commoneamus
1958 1142 2102 1188 magno

155 1186 237 1225 siue
278 1185 500 1245 Ecclesiae,
544 1185 625 1224 siue
667 1192 802 1223 nostro
832 1184 1024 1234 ipsorum,
1053 1192 1118 1222 aut
1147 1184 1311 1222 aliorum
1341 1185 1463 1221 malo:
1495 1184 1558 1220 Ab
1587 1183 1632 1221 iis
1662 1187 1754 1222 vero
1783 1183 1849 1233 qui
1878 1182 2101 1221 infirmitate

156 1247 222 1277 aut
249 1239 497 1290 ignoratione
525 1238 726 1288 rapiuntur
755 1238 791 1276 in
823 1239 989 1283 111,ε1]11111
1019 1237 1224 1275 mouendis
1239 1237 1426 1287 tantisper
1442 1248 1672 1285 caueamUS,
1702 1237 1797 1274 dum
1812 1244 1864 1274 ita
1880 1249 1920 1274 se
1935 1237 2101 1274 habent:

155 1293 225 1331 sed
267 1292 397 1342 potius
434 1292 661 1330 studeamus
697 1291 751 1329 eis
786 1267 1035 1334 benefacere·
1075 1292 1164 1328 cum
1200 1290 1270 1328 erit
1298 1291 1577 1349 commodum,
1607 1300 1725 1339 quam
1754 1290 1898 1327 malum
1928 1289 2101 1339 ipsorum

155 1346 393 1391 accendere,
422 1358 471 1384 ne
500 1358 568 1395 spe
596 1344 879 1384 beneficiorum
907 1343 1023 1383 nobis
1050 1355 1295 1382 accersamus
1323 1343 1547 1393 importune
1575 1343 1737 1380 malum.

209 1400 286 1437 Sed
315 1398 408 1449 quid
439 1398 468 1436 si
496 1397 676 1436 homines
706 1404 818 1436 erunt
846 1410 925 1435 non
953 1397 1113 1435 inimico
1142 1409 1234 1446 erga
1259 1396 1474 1435 Ecclesiam
1503 1398 1539 1435 &
1568 1396 1654 1445 pios
1682 1394 1835 1434 animo?
1863 1396 2003 1433 110111111
2020 1396 2100 1433 (1110

154 1465 316 1503 genera,
346 1464 445 1502 quae
473 1453 562 1489 ante
590 1450 837 1500 dicebamus,
867 1463 1020 1509 semper
1049 1450 1232 1500 distingui
1260 1463 1420 1488 necesse
1436 1457 1511 1487 est:
1542 1451 1644 1487 Nam
1661 1449 1722 1497 alij
1741 1457 1830 1487 sunt
1845 1461 1924 1487 non
1942 1448 2101 1508 1111111161,

152 1506 214 1554 alij
259 1508 352 1544 vere
393 1504 507 1542 amici
550 1504 696 1563 reipsa,
726 1505 761 1541 &
790 1505 898 1542 bono
926 1503 1059 1542 animo
1088 1503 1126 1541 in
1158 1503 1374 1542 Ecclesiam
1404 1503 1477 1541 Dei
1508 1516 1553 1541 ac
1578 1504 1754 1541 membra
1783 1502 1896 1540 illius.
1926 1502 2027 1540 Cum
2057 1502 2102 1540 113

152 1565 283 1597 autem
313 1558 380 1608 qui
409 1570 488 1596 non
516 1557 662 1596 inimici
692 1564 801 1603 sunt,
832 1557 896 1595 hic
925 1557 1066 1595 modus
1096 1557 1146 1594 ad
1175 1556 1494 1606 procurationem
1525 1555 1631 1605 pacis
1659 1556 1697 1594 in
1715 1555 1893 1593 Ecclesia
1908 1556 2100 1594 tenendus

151 1618 228 1662 est,
256 1618 297 1650 vt
324 1610 454 1661 potius
482 1610 615 1648 vincas
643 1610 795 1648 animos
823 1610 999 1660 ipsorum
1029 1612 1063 1648 &
1091 1609 1302 1648 amicitiam
1319 1609 1504 1648 concilies
1521 1609 1635 1648 bonis
1651 1609 1917 1655 sermonibus,
1948 1608 2103 1658 officiis,

151 1664 359 1715 exemplis,
386 1666 422 1703 δε
450 1665 564 1703 rebus
593 1663 883 1711 consimilibus,
912 1665 1030 1713 quam
1058 1670 1100 1701 vt
1122 1663 1344 1713 importune
1360 1663 1498 1701 abillis
1513 1662 1642 1713 exigas
1658 1663 1882 1701 benefacta:
1915 1662 2101 1700 Animum

151 1718 311 1757 istorum
349 1717 493 1756 adduci
530 1716 769 1767 priuisquam
806 1729 943 1754 manus
979 1729 1138 1755 necesse
1176 1724 1245 1755 est.
1284 1717 1350 1766 qui
1387 1717 1493 1755 secus
1522 1716 1676 1766 feeerit,
1714 1715 1744 1754 is
1774 1719 2024 1766 praepostere
2053 1717 2102 1754 de

152 1772 284 1810 officio
312 1771 456 1809 iudicat
484 1770 660 1820 illorum,
690 1771 725 1807 &
750 1781 843 1809 suo:
872 1769 980 1819 quod
1009 1783 1174 1821 magnae
1204 1777 1262 1808 est
1289 1770 1586 1820 imprudentiae.

205 1825 270 1863 Sin
299 1831 428 1863 autem
456 1824 636 1862 homines
664 1823 778 1861 amici
809 1830 917 1873 sunt,
947 1823 1012 1873 qui
1041 1823 1216 1861 animum
1245 1824 1346 1862 vitre
1375 1823 1564 1861 adiecturi
1592 1822 1667 1860 sint
1695 1822 1745 1861 ad
1774 1821 2100 1860 benefaciendum

151 1877 371 1927 Ecclesiae,
400 1877 463 1915 hic
494 1880 704 1926 vtrumque
732 1876 813 1915 fieri
841 1890 914 1926 pro
944 1876 1227 1915 commoditate
1257 1884 1404 1927 potest,
1433 1884 1566 1914 nostra
1593 1875 1723 1914 officia
1751 1875 1892 1913 inillos
1909 1875 2101 1926 exerceri,

151 1933 186 1970 &
215 1930 383 1970 vicissim
411 1930 565 1968 illorum
594 1943 686 1980 erga
712 1930 931 1968 Ecclesiam
960 1930 1166 1980 occupari:
1195 1937 1235 1968 vt
1251 1938 1334 1968 tum
1350 1929 1491 1968 nostris
1506 1929 1705 1968 beneficiis
1721 1928 1913 1967 lucrifiant
1931 1929 2103 1979 Christo,

152 1984 376 2034 praesertim
412 1983 556 2021 fiducia
590 1990 724 2022 nostra
752 1984 801 2022 de
833 1983 926 2033 ipsis
955 1985 1175 2034 explorata,
1202 1991 1284 2022 tum
1315 1983 1430 2022 etiarn
1461 1983 1538 2022 suis
1568 1983 1743 2033 ipsorum
1773 1982 1883 2020 factis
1913 1983 2102 2032 quodam-

151 2038 274 2076 modo
312 2037 604 2086 obstringamur
637 2037 688 2075 ad
724 2037 986 2076 constantiam
1024 2037 1124 2075 illius
1160 2036 1219 2075 sui
1258 2037 1296 2075 in
1325 2037 1608 2075 benefaciendo
1639 2036 1770 2084 studij.
1796 2037 1899 2073 Nam
1928 2047 1997 2073 cur
2025 2037 2102 2074 1106

152 2091 274 2129 modo
314 2103 396 2128 non
438 2097 631 2129 certemus
672 2090 958 2129 benefaciendo
1001 2102 1091 2128 cum
1121 2090 1194 2129 illis
1224 2087 1475 2129 hominibus?
1513 2089 1655 2139 quibus
1684 2090 1792 2127 Deus
1821 2089 1911 2127 fecit
1940 2089 2102 2138 promis-

150 2143 281 2183 siones
310 2155 427 2182 causa
455 2143 658 2182 Ecclesiae
687 2154 801 2192 suae,
831 2144 866 2181 &
894 2143 1172 2193 amplissimam
1202 2144 1401 2193 quandam
1431 2155 1564 2181 earum
1594 2149 1744 2193 partem
1774 2154 1863 2180 cum
1893 2142 1964 2192 piis
1988 2142 2103 2192 assig-

151 2196 270 2235 nauit.
311 2198 413 2236 Gen.
457 2210 516 2236 12.
558 2211 592 2235 2.
627 2209 663 2245 3.
702 2208 801 2246 quos
839 2196 1016 2235 Christus
1054 2210 1126 2247 pro
1156 2196 1271 2235 nobis
1298 2197 1394 2234 dixit
1423 2209 1524 2244 esse,
1552 2194 1874 2245 quandoquidem
1903 2208 1983 2233 non
2013 2203 2100 2234 sunt

149 2250 336 2290 aduersus
361 2262 454 2289 nos:
485 2252 583 2288 Luc.
612 2264 649 2300 9.
678 2249 820 2299 quibus
847 2250 1027 2300 promisit
1055 2251 1278 2289 mercedem
1307 2250 1548 2300 Prophetae,
1578 2248 1608 2287 si
1625 2262 1692 2287 vas
1707 2249 1870 2299 frigidae
1886 2248 1924 2286 in
1940 2248 2100 2288 nomine

150 2304 370 2354 Prophetae
407 2302 729 2342 ministrauerint:
764 2305 876 2342 Matt.
910 2317 966 2341 10.
999 2317 1062 2352 42.
1092 2315 1258 2353 quorum
1288 2303 1516 2341 societatem
1550 2303 1773 2347 Abraham,
1804 2302 1953 2352 Dauid,
1982 2303 2017 2339 &
2047 2301 2098 2352 pij

150 2369 287 2395 omnes
316 2356 354 2395 in
384 2358 639 2395 Testamento
668 2363 833 2406 vtroque
861 2357 1073 2395 conciliare
1101 2356 1174 2395 sibi
1203 2369 1283 2395 non
1312 2357 1608 2404 dubitauerunt,
1637 2356 1727 2393 cum
1757 2357 1792 2393 δι
1819 2355 2100 2394 communitate

149 2416 335 2460 naturae,
378 2411 413 2447 δι
456 2409 761 2460 promissionum
803 2409 1023 2448 diuinarum
1066 2409 1361 2448 consociatione
1402 2411 1474 2448 hos
1515 2409 1588 2447 sibi
1630 2409 1863 2447 coniunctos
1892 2422 1975 2447 esse
2006 2408 2100 2447 boni

149 2463 508 2502 animaduerterint.
537 2462 762 2502 Temeraria
792 2463 840 2501 de
868 2462 927 2501 his
954 2463 1096 2501 iudicia
1124 2463 1318 2501 interdum
1347 2463 1477 2501 audiui
1506 2464 1591 2513 plus
1621 2462 1734 2500 satis:
1763 2465 1784 2499 a
1815 2461 1957 2512 quibus
1972 2462 2100 2500 Chris-

148 2515 242 2554 tiani
279 2516 500 2555 abstineant
537 2529 608 2554 oro
646 2517 681 2554 δι
720 2518 908 2567 obsecro,
936 2529 987 2554 ne
1014 2516 1052 2554 in
1082 2516 1284 2555 veritatem
1314 2516 1486 2555 diuinam
1515 2519 1846 2565 communemque
1875 2516 2101 2554 charitatem

146 2569 365 2620 impingant
393 2569 733 2619 periculosissime.

201 2623 323 2672 Qued
361 2622 392 2661 si
429 2622 489 2661 his
518 2622 700 2661 benefieri
730 2624 754 2660 a
781 2622 896 2661 nobis
925 2629 1131 2673 oportere,
1159 2625 1195 2661 ἅν
1224 2628 1430 2673 (quantum
1460 2622 1620 2672 quidem
1652 2635 1721 2671 per
1749 2634 1817 2660 eos
1844 2621 1926 2660 fieri
1956 2625 2100 2672 potest)

148 2689 286 2726 pacem
329 2675 530 2714 Ecclesiae
567 2676 617 2714 ab
654 2676 712 2714 1113
749 2676 964 2714 secundum
1003 2677 1132 2714 Deum
1168 2675 1356 2716 conuenit
1384 2676 1535 2727 expeti,
1563 2677 1710 2725 quante
1733 2675 1856 2725 magis
1885 2677 1920 2714 ἃ
1950 2675 2098 2714 maiore

147 2729 262 2767 etiam
285 2729 426 2767 fiducia
447 2729 525 2767 hoc
552 2729 679 2779 ipsum
709 2729 837 2779 expeti
864 2730 915 2768 ab
944 2729 989 2767 iis
1016 2742 1177 2768 necesse
1205 2738 1282 2780 est,
1320 2729 1387 2779 qui
1416 2736 1625 2768 censentur
1652 2729 1688 2766 in
1719 2741 1884 2766 numero
1914 2728 2097 2766 domesti-

147 2794 286 2820 corum
324 2780 547 2821 Ecclesiae?
584 2784 715 2831 Atque
749 2783 846 2820 'naec
883 2794 999 2820 causa
1037 2789 1115 2828 est,
1156 2794 1226 2821 cur
1258 2796 1332 2822 nos
1368 2783 1510 2833 passim
1546 2783 1761 2832 Apostolus
1799 2783 1849 2820 ad
1877 2781 2097 2820 Christiana

2006 2847 2099 2886 erga
