2334 3020
817 109 1033 148 ‘russas
1071 117 1506 147 Tnnoroorcmz.
2030 90 2116 144 161¹

593 262 741 300 XVIII.
798 261 884 299 DE
924 259 1147 298 PRIMO
1191 259 1421 296 ADAMI
1460 257 1689 295 LAPSV.

919 379 1131 415 THESIS
1173 377 1369 414 PR1MA.

234 513 266 537 ι.
322 499 444 536 ΠΕνΜ
485 509 567 535 esse
605 497 751 534 fontem
790 495 964 533 omnium
1002 495 1218 544 bonorum,
1244 493 1322 532 imo
1351 494 1386 530 &
1415 503 1608 531 summum
1639 493 1812 541 bonum,
1838 490 1972 541 suique
2002 503 2105 529 com-

178 550 475 599 municatiuum,
504 549 608 600 apud
636 549 721 598 pios
752 561 888 587 omnes
918 555 1025 586 extra
1053 546 1359 586 controuersiam
1388 553 1466 597 est,
1496 548 1530 584 &
1555 546 1591 584 S.
1609 543 2102 595 Scriptura&experientia

176 605 266 643 satis
301 614 490 653 superque
528 603 754 652 probatum:
791 601 821 639 si
849 600 1007 651 quidem
1037 613 1125 639 cum
1154 614 1194 639 re
1221 601 1327 638 nulla
1355 606 1504 650 egeret,
1534 598 1733 637 hominem
1764 611 1810 636 ex
1839 604 1962 636 terrae
1989 597 2106 646 limo,

177 658 226 695 ad
264 656 470 706 imaginem
512 655 899 705 similitudinemque,
936 667 1015 693 non
1046 656 1209 694 vllarum
1238 652 1372 691 mundi
1400 659 1679 701 creaturarum,
1708 662 1807 700 quae
1836 652 1916 690 eius
1946 650 2107 700 imperio

177 709 441 759 subijciendae
470 716 598 759 erant,
628 709 695 746 sed
725 719 834 746 suam
863 708 1027 746 creauit:
1056 715 1097 745 vt
1125 713 1341 745 creatorem
1372 707 1501 743 Deum
1530 716 1639 743 suum
1666 706 1700 742 &
1728 703 1943 742 Dominum
1972 716 2108 753 agnos*

177 770 300 813 ceret,
330 764 365 801 &
393 763 539 800 coleret
566 775 612 800 ac
639 763 840 799 aeternum
869 762 1004 799 beatus
1035 773 1079 798 ex
1104 760 1212 798 omni
1240 766 1348 809 parte
1376 759 1534 797 viueret.
1565 760 1662 797 Gen.
1699 771 1731 796 1.
1764 759 1823 795 26.

232 829 266 855 2.
322 817 457 865 Imago
499 814 563 853 illa
600 817 634 853 ἃ
663 814 873 853 similitudo
903 814 942 852 in
971 825 1048 862 qua
1077 815 1197 851 factus
1226 813 1316 861 fuit,
1345 813 1586 850 demonstrat
1611 818 1756 860 quanta
1784 809 1973 849 beneficia
2000 822 2107 847 acce-

177 869 275 918 perit
302 869 449 918 primus
477 881 614 917 parens
643 867 705 905 ille
734 874 888 916 noster,
917 867 1025 916 quasi
1053 865 1253 905 communi
1281 865 1454 915 quodam
1483 871 1582 903 statu
1598 864 1696 902 inter
1720 863 1937 913 spirituales
1952 869 2107 900 naturas

175 928 331 959 naturas
373 924 408 960 &
445 928 643 959 terrestres
679 922 846 971 locatus,
885 931 975 958 cum
1003 921 1040 957 in
1070 919 1197 957 anima
1225 918 1384 967 eiusque
1412 918 1585 968 partibus
1614 916 1815 967 omnibus,
1844 918 1926 954 tiun
1955 916 1994 954 in
2023 928 2110 954 cor-

175 987 291 1026 pore,
320 975 583 1025 Integritatem
612 974 792 1012 nimirum
822 977 856 1011 δι
884 972 1164 1023 perfectionem
1194 983 1403 1020 summam,
1433 978 1548 1020 prout
1580 977 1707 1019 potest
1735 971 1784 1007 ab
1801 969 1991 1008 eiusmodi
2007 981 2107 1007 crea-

173 1035 259 1065 tura
300 1027 399 1077 capi.
441 1027 578 1065 Totius
613 1027 742 1076 itaque
779 1026 947 1064 hominis
974 1033 1102 1075 partes
1132 1037 1267 1062 omnes
1296 1023 1554 1074 pulcherrima
1582 1023 1877 1061 concordabant
1905 1022 2109 1060 harmonia

174 1080 274 1119 inter
302 1094 360 1130 se,
391 1082 425 1118 δι
455 1080 717 1130 superioribus
745 1079 929 1117 inferiora
957 1078 996 1116 in
1025 1077 1208 1116 omnibus
1239 1076 1469 1125 obsequium
1492 1076 1668 1114 debitum
1684 1075 1921 1113 reddebant:
1939 1075 2108 1123 denique

175 1146 222 1171 eo
266 1134 303 1171 in
343 1140 443 1172 statu
479 1135 600 1171 homo
642 1132 735 1170 nihil
769 1132 911 1182 agebat
945 1131 1052 1180 quod
1082 1129 1272 1168 voluntati
1301 1129 1456 1167 diuinae
1485 1128 1643 1166 minime
1671 1135 1772 1166 esset
1800 1140 2039 1179 congruum,
2072 1132 2106 1165 δι

178 1188 344 1237 bonum,
373 1189 408 1225 δι
438 1193 610 1237 rectum,
639 1188 674 1224 &
703 1192 908 1235 acceptum
938 1183 1114 1222 creatori.

228 1253 264 1289 3.
319 1239 578 1278 Omnimodas
619 1246 747 1277 autem
781 1238 940 1276 virtutes
973 1236 1331 1287 perfectionemque
1361 1242 1507 1273 tantam
1536 1247 1616 1273 non
1645 1233 1717 1271 sibi
1745 1234 1838 1283 soli,
1868 1234 1936 1272 sed
1966 1238 2000 1272 ἃ
2029 1234 2105 1272 suis

174 1301 395 1343 acceperat,
425 1292 738 1330 transmittendas
767 1290 904 1329 ordine
932 1289 1117 1339 naturali,
1147 1290 1363 1327 secundum
1387 1287 1615 1326 mandatum
1644 1290 1678 1325 δι
1695 1286 2010 1326 benedictionem
2026 1289 2104 1324 Do-

178 1346 290 1395 mini,
320 1359 366 1384 ex
395 1345 511 1395 ipsius
540 1344 684 1383 Adami
713 1346 748 1382 δι
776 1345 882 1382 Euae
910 1342 1052 1382 lumbis
1081 1341 1232 1381 orituris
1262 1341 1462 1391 videlicet,
1486 1341 1517 1380 si
1530 1342 1570 1379 in
1585 1340 1729 1390 gratiae
1744 1340 1843 1378 illius
1857 1340 2106 1390 primigeniae

175 1405 275 1437 statu
302 1398 546 1448 perstitisset:
576 1398 633 1435 sin
661 1400 683 1434 ὸ.
713 1396 805 1435 recti
834 1396 916 1444 via,
943 1397 983 1434 in
1011 1407 1089 1446 quo
1120 1401 1270 1433 creatus
1298 1397 1438 1443 fuerat,
1461 1395 1878 1444 declinaret,mortem
1894 1393 1966 1431 sibi
1982 1406 2107 1431 accer-

175 1459 296 1501 seret,
325 1454 360 1490 &
388 1463 478 1490 suos
506 1452 543 1488 in
573 1451 676 1488 idem
704 1449 973 1500 praecipitium
1001 1462 1134 1487 secum
1165 1449 1400 1487 detruderet.
1431 1450 1490 1486 Ac
1518 1447 1685 1497 proinde
1713 1459 1794 1485 non
1819 1446 2108 1484 immutabiliter

175 1506 301 1543 bonus
330 1508 365 1543 δι
394 1506 588 1554 perfectus
616 1510 697 1542 erat
726 1504 855 1541 Adam
879 1502 1081 1553 conditus,
1097 1503 1166 1540 sed
1183 1501 1397 1551 mutabilis,
1412 1508 1528 1551 prout
1545 1507 1705 1539 naturae
1721 1507 1872 1538 creatae
1889 1511 2107 1538 consonum

175 1559 316 1596 fuerat:
346 1557 438 1596 hinc
465 1557 544 1595 labi
572 1557 697 1607 potuit
726 1560 760 1595 &
788 1559 810 1595 a
838 1556 994 1594 Iusticia
1018 1555 1194 1605 deuiare,
1217 1556 1397 1605 &lapsus
1413 1562 1489 1605 est,
1505 1561 1640 1593 nostro
1670 1556 1705 1592 ἃ
1721 1565 1791 1592 suo
1807 1554 1977 1591 maximo
1994 1554 2109 1591 malo.

228 1625 262 1659 4.
320 1612 370 1649 Et
396 1610 573 1660 quamuis
602 1622 691 1648 eum
719 1611 826 1648 Deus
854 1609 1030 1648 formarit
1060 1608 1308 1659 mutabilem,
1337 1621 1418 1646 non
1440 1615 1570 1646 tamen
1595 1608 1739 1646 ebono
1755 1613 1877 1645 tactus
1893 1613 1950 1645 est
1965 1607 2108 1656 malus,

172 1664 245 1702 nisi
273 1663 418 1702 inuidia
445 1665 630 1712 Satanae,
660 1663 726 1713 qui
753 1664 877 1701 Euam
907 1674 1108 1713 aggressus
1135 1661 1356 1700 infirmioris
1384 1673 1497 1700 sexus
1525 1660 1697 1711 decepit,
1713 1661 1749 1698 &
1765 1661 1928 1710 decepta
1943 1660 1992 1697 ad
2007 1659 2107 1696 Ada-

176 1728 282 1755 mum
310 1717 586 1756 debellandum
613 1729 702 1755 vsus
730 1723 799 1755 est.
835 1730 867 1754 1.
895 1716 996 1754 Tim.
1028 1730 1062 1754 2.
1096 1729 1154 1763 14.
1183 1714 1290 1752 Huic
1316 1717 1409 1753 vero
1439 1714 1508 1753 etsi
1535 1715 1635 1752 vires
1655 1727 1737 1752 non
1758 1713 1917 1751 deerant
1937 1713 1986 1750 ad
2002 1712 2108 1750 resis-

175 1771 356 1820 tendum,
384 1770 415 1809 si
441 1770 646 1820 voluisset,
676 1769 1007 1819 tentatione'mque
1036 1768 1312 1819 superandam,
1342 1767 1374 1807 si
1396 1767 1570 1806 Domino
1586 1767 1846 1817 fidisset,non
1860 1774 1991 1804 tamen
2007 1765 2109 1803 stetit

175 1823 214 1861 in
254 1823 393 1874 gratia,
435 1824 503 1862 sed
543 1822 748 1862 tentationi
789 1825 1068 1873 succumbens,
1106 1825 1127 1860 a
1163 1828 1373 1872 praecepto
1402 1821 1477 1860 Dei
1504 1820 1715 1871 aberrauit,
1744 1826 1784 1858 vt
1813 1820 2108 1870 amplecteretur
2134 1818 2135 1821 ’

175 1889 365 1927 apparens
406 1877 572 1928 bonum,
614 1881 858 1926 mortemque
899 1878 948 1915 ab
991 1889 1109 1915 vxore
1151 1875 1398 1925 propinatam
1435 1874 1556 1913 facilis
1592 1873 1764 1924 accepit,
1793 1872 1946 1911 excidio
1975 1884 2044 1910 suo
2074 1874 2109 1910 &z

176 1941 353 1968 suorum:
396 1929 694 1980 turpissimeque
735 1931 865 1979 lapsus
900 1936 941 1968 vt
975 1935 1155 1980 apostata
1192 1930 1215 1966 a
1253 1930 1341 1967 Deo
1371 1935 1567 1977 creatore,
1596 1928 1632 1965 δε
1660 1925 1896 1976 mancipium
1925 1927 2108 1974 Satanae,

175 1983 311 2033 poenis
351 1982 515 2022 aeternis
556 1986 591 2022 δι
628 1983 907 2033 temporalibus
945 1982 1139 2022 subiectus
1177 1988 1234 2020 est
1260 1990 1421 2031 vterque
1450 1981 1585 2031 miser,
1614 1979 1929 2028 conditionisque
1956 1978 2110 2028 penitus

176 2037 418 2088 deploratae,
448 2035 520 2075 nisi
548 2043 703 2075 creator
729 2036 986 2086 promissione
1013 2034 1211 2075 benedicti
1236 2035 1410 2085 seminis,
1426 2034 1614 2074 seruaturi
1629 2033 1704 2071 Dei
1719 2034 2110 2082 electos,vtrumque

176 2097 384 2128 recreasset
425 2102 472 2128 ex
512 2091 663 2129 funesto
704 2090 827 2140 lapsu.
869 2090 918 2128 de
959 2089 1068 2128 cuius
1110 2088 1258 2140 causis,
1297 2089 1527 2127 necessitate
1556 2086 1764 2126 &effectis
1794 2085 2005 2124 dicendum
2033 2085 2108 2122 iam

176 2143 307 2192 paucis
334 2143 623 2193 proposuimus.

230 2206 264 2246 5.
319 2197 469 2246 Lapsus
508 2195 622 2247 igitur
662 2196 725 2234 ille
759 2195 974 2245 primorum
1010 2202 1215 2246 parentum
1255 2202 1313 2234 est
1340 2195 1443 2234 actio
1473 2195 1538 2233 illa
1565 2193 1727 2243 misera,
1757 2203 1833 2242 qua
1860 2191 1900 2230 in
1928 2189 2109 2241 paradiso

175 2249 346 2298 persuasi
384 2251 407 2286 a
447 2250 609 2300 Satana,
651 2248 734 2287 sine
766 2249 950 2288 instinctu
987 2257 1053 2287 aut
1083 2248 1250 2298 impulsu
1278 2248 1374 2299 Dei,
1404 2248 1472 2286 sed
1499 2247 1599 2286 illius
1626 2252 1836 2297 praecepto
1864 2243 2110 2295 posthabito,

175 2302 401 2352 transgressi
434 2309 522 2341 sunt
557 2302 771 2341 voluntarie
800 2303 1027 2341 mandatum
1055 2303 1090 2340 &
1118 2303 1245 2352 legem
1274 2300 1347 2340 sibi
1373 2300 1560 2351 positam,
1588 2301 1716 2338 fructu
1743 2298 1863 2337 vetito
1891 2303 2109 2336 vescentes:

176 2365 303 2404 eoque
329 2355 594 2405 Integritatem
623 2357 657 2394 δι
682 2355 890 2403 Iustitiam,
918 2362 1002 2394 tum
1029 2355 1238 2404 internam,
1267 2361 1349 2392 tum
1378 2361 1576 2392 externam
1605 2352 1836 2401 amiserunt,
1861 2349 2110 2389 similitudine

177 2409 212 2445 δι
248 2407 422 2458 Imagine
456 2408 531 2447 Dei
567 2415 829 2459 constantem,
863 2420 980 2458 quam
1009 2414 1050 2446 vt
1077 2409 1115 2446 in
1144 2407 1323 2457 deposito
1352 2408 1569 2445 habuerant
1596 2418 1687 2444 cum
1716 2404 1793 2443 suis
1821 2403 2110 2442 communican-

177 2460 288 2511 dam,
333 2460 366 2499 si
402 2468 634 2511 perstarent,
670 2461 725 2499 sic
759 2462 794 2499 &
823 2461 901 2500 suis
929 2463 964 2500 δε
991 2461 1064 2500 sibi
1090 2460 1364 2510 perdiderunt,
1392 2462 1477 2498 Irae
1505 2458 1660 2498 diuinae
1690 2458 1766 2508 rei,
1794 2456 1858 2505 filij
1888 2455 2046 2506 mortis,
2075 2455 2110 2492 &

178 2524 393 2562 poenarum
421 2522 663 2552 aeternarum
691 2527 826 2553 coram
855 2517 961 2553 Iusto
990 2514 1065 2553 Dei
1090 2513 1274 2552 tribunali
1302 2513 1405 2551 facti.

231 2567 268 2605 6.
321 2567 656 2616 Transgressionis
684 2574 812 2606 autem
841 2567 947 2606 istius
970 2578 1125 2606 causam
1140 2565 1404 2617 Efficientem,
1420 2564 1603 2611 dicimus,
1619 2565 1727 2603 Euae
1743 2562 1936 2601 &Adami
1949 2561 2110 2599 liberam

177 2619 436 2670 voluntatem,
465 2631 533 2658 seu
560 2620 704 2659 liberae
731 2620 831 2659 illius
860 2620 1068 2660 voluntatis
1096 2621 1282 2667 abusum,
1311 2631 1390 2668 quo
1419 2619 1473 2657 illi
1493 2618 1696 2657 credentes
1721 2615 1945 2654 Tentatoris
1959 2613 2109 2662 verbis,

178 2683 258 2710 non
299 2672 494 2711 Creatoris
534 2672 749 2722 promissis..
791 2675 826 2711 δι
861 2674 984 2712 minas
1015 2673 1151 2711 mortis
1178 2671 1442 2723 negligentes,
1471 2673 1520 2710 ab
1548 2671 1627 2709 hoc
1656 2670 1707 2708 ad
1735 2670 1845 2707 illum
1873 2668 2111 2706 defecerunt.

179 2725 360 2764 Liberam
387 2724 572 2776 dicimus,
600 2725 722 2776 quod·
736 2726 800 2764 illa
829 2728 919 2764 cum
947 2727 1036 2776 cogi
1063 2739 1145 2764 non
1177 2724 1303 2774 potuit
1330 2726 1382 2763 ad
1409 2723 1654 2775 peccandum
1683 2724 1718 2760 δε
1740 2735 1824 2760 esse
1838 2718 2112 2770 voluntas,sic

178 2790 341 2827 peccare
369 2785 506 2817 coacta
532 2778 727 2828 nequiuit,
754 2778 927 2829 alioquin
954 2779 990 2818 ei
1016 2785 1222 2828 peccatum
1248 2778 1406 2816 minime
1428 2778 1683 2828 imputaretur
1701 2775 1731 2813 si
1746 2787 1827 2813 non
1843 2772 2110 2864 congensisset.

1124 2843 1168 2869 21
1957 2831 2114 2874 eceptus
