2334 3020
766 106 981 135 ‘rx-{Esus
1022 104 1454 135 THEOLOGICAE.
2007 102 2078 142 257

148 230 249 268 quae
277 223 366 255 sunt
390 215 486 254 Dei:
516 221 576 264 vt,
606 215 746 254 Paulus
778 229 812 254 2.
846 217 944 254 Tim.
974 228 1009 262 4.
1043 216 1102 253 16.
1128 213 1340 253 Timotheo
1369 212 1464 252 dicit
1493 212 1604 251 illum
1631 218 1872 251 seruaturum
1901 209 2081 260 seipsum,

148 273 184 309 &
230 270 344 319 alios,
385 268 493 318 quod
534 267 654 306 solius
694 275 751 306 est
777 268 872 318 Dei,
907 281 986 306 non
1017 280 1206 318 personae
1235 265 1550 306 administrantis.
1579 264 1691 303 huius
1714 264 1818 302 enim
1846 263 1884 302 vi
1913 264 1977 302 illa
2004 275 2083 301 non

149 325 266 374 fiunt,
293 323 362 361 sed
392 323 499 360 Deus
526 333 594 371 per
623 321 751 360 bonos
780 322 815 359 δι
843 333 913 371 per
941 323 1066 359 malos
1094 320 1291 359 ministros
1317 319 1412 358 nihil
1440 318 1633 358 efficiente
1660 319 1721 356 vel
1735 317 1930 356 officiente
1947 327 2083 354 eorum

151 375 366 415 intentione
408 377 465 424 (vt
491 374 529 412 in
558 372 683 411 coena
718 375 856 413 volunt
884 373 1092 423 Pontificij)
1123 373 1245 412 modo
1274 375 1425 412 bonum
1453 385 1588 411 semen
1618 372 1657 409 in
1685 378 1828 410 terram
1856 368 2084 420 proiiciant,

148 436 206 467 est
248 430 399 467 efficax.
443 427 543 466 Cum
570 432 701 464 autem
730 426 960 477 disiungitur
988 429 1011 465 ἐι
1037 438 1155 466 causa
1183 426 1246 465 illa
1275 426 1400 476 prima
1409 455 1421 473 ,
1447 424 1694 476 deprimitur:
1724 425 1828 462 vnde
1856 424 2018 472 Paulus,
2052 435 2082 459 1.

152 483 241 520 Cor.
270 495 307 531 3.
337 492 371 530 7.
399 482 537 530 Neque
565 478 632 529 qui
659 480 830 530 plantat,
858 492 986 530 neque
1010 479 1077 530 qui
1101 479 1200 531 rigat
1223 478 1370 530 aliquid
1398 485 1472 530 est,
1503 478 1572 518 sed
1599 477 1664 527 qui
1693 478 1760 515 dat
1787 476 2084 521 incrementum,

149 536 277 574 Deus:
308 532 489 584 opposite
516 531 700 570 nimirum
727 533 905 583 loquens.

207 601 265 625 10.
321 588 488 625 Tantam
531 584 731 635 ministerij
769 585 1038 625 excellentiam
1065 598 1146 624 non
1174 584 1368 624 immerito
1398 583 1571 634 sequitur
1595 585 1721 622 honor
1747 582 1802 620 illi
1829 581 1985 620 habitus
2013 579 2081 630 qui

148 642 229 680 eius
256 638 518 678 conseruandi
543 638 843 678 instrumentum
871 638 988 678 etiam
1016 651 1098 678 non
1126 637 1331 676 minimum
1361 644 1435 676 est:
1465 648 1663 688 quemque
1691 635 1750 674 his
1774 636 1895 673 ferme
1910 633 2086 685 partibus

149 700 330 733 constare
368 692 596 742 asserimus,
624 694 655 731 1.
683 693 940 742 Reuerentid,
968 692 1050 731 siue
1077 691 1276 742 agnitione
1303 690 1471 730 Diuinae
1499 688 1708 729 voluntatis
1735 689 1785 727 de
1812 687 1991 727 Ecclesia
2018 699 2088 736 per

149 745 406 785 ministerium
435 746 727 796 conseruanda,
755 757 872 795 quam
903 746 1159 784 commendat
1185 745 1326 783 Paulus
1359 757 1392 783 1.
1425 744 1515 784 Cor.
1543 757 1579 791 4.
1615 757 1646 781 1.
1677 741 1742 780 Sic
1768 742 1818 780 de
1847 741 1962 780 nobis
1977 751 2087 790 repu-

147 807 201 839 tet
229 800 350 838 homo
379 806 419 837 vt
448 798 497 836 de
524 797 711 837 Ministris
738 798 903 849 Christi,
932 801 967 837 ἃ
995 797 1329 848 dispensatoribus
1358 796 1631 847 mysteriorum
1647 794 1733 834 Dei.
1753 796 1802 833 Π.
1827 793 2089 845 Amore,siue

149 851 426 892 beneuolentia
454 864 548 901 erga
576 851 834 890 ministerium
861 853 897 891 &
926 851 1142 890 ministros:
1167 852 1276 889 Psal.
1306 853 1370 898 84.
1403 863 1462 888 11.
1493 851 1543 888 ἐφ’
1577 862 1662 888 122.
1695 862 1728 887 1.
1756 847 1943 898 idq3non
1960 847 2087 885 solum

148 913 309 956 propter
336 904 657 943 communionem
687 905 920 944 Sanctorum
937 935 948 956 ,
976 905 1046 943 sed
1073 904 1191 943 etiam
1219 911 1379 954 propter
1409 903 1596 942 officium.
1624 903 1695 940 ΠΙ.
1730 901 1950 940 Obedz'entid
1978 900 2017 939 in
2044 898 2090 936 iis

149 971 250 1009 quae
279 965 368 997 sunt
395 957 618 1009 ministerij,
645 959 774 997 Hebr.
808 971 867 1008 13.
901 970 960 1008 17.
987 959 1058 997 IV.
1087 958 1357 1008 Gratz'tudine,
1387 956 1426 994 in
1455 955 1582 1006 victu,
1614 956 1650 994 δι
1688 953 1847 1004 vestitu,
1879 952 2090 992 necessari-

148 1012 259 1062 isque
285 1012 402 1050 rebus
431 1011 482 1049 ad
510 1011 612 1048 hanc
640 1010 781 1061 vitam,
808 1011 1029 1062 pastoribus
1055 1021 1271 1060 eorumque
1300 1009 1467 1048 familiae
1490 1008 1745 1047 conferendo.
1774 1009 1823 1045 V.
1841 1004 2091 1057 ἑπισικείᾳίυ

149 1064 363 1104 tolerandis
387 1066 591 1103 Pastorum
620 1063 928 1116 infirmitatibus,
963 1077 995 1102 1.
1029 1065 1130 1103 Tim.
1160 1074 1196 1113 5.
1230 1076 1288 1114 19.
1318 1074 1419 1113 quae
1441 1061 1646 1100 manifeste
1669 1060 1856 1099 scandalo
1880 1072 1963 1098 non
1982 1065 2090 1109 sunt,

150 1130 225 1156 nec
252 1117 509 1156 ministerium
537 1124 806 1168 corrumpunt.

207 1185 265 1209 11.
321 1172 381 1209 Ex
409 1170 468 1210 his
498 1170 630 1209 videre
659 1178 716 1209 est
743 1172 862 1220 quam
885 1177 1115 1220 corruptum
1140 1169 1190 1209 sit
1217 1169 1256 1207 in
1285 1170 1435 1219 Papatu
1464 1166 1718 1205 ministerium
1746 1164 2089 1214 Ecclesiasticum,

151 1224 204 1263 ita
247 1231 288 1263 vt
323 1224 363 1262 in
402 1237 449 1263 eo
491 1223 587 1262 nihil
613 1232 755 1273 purum
791 1224 993 1262 habeatur.
1023 1224 1126 1261 Nam
1154 1236 1203 1261 ex
1231 1221 1445 1260 ministerio
1472 1221 1619 1259 factum
1657 1227 1714 1259 est
1742 1218 1983 1268 dominium,
2011 1217 2092 1256 siue

150 1277 280 1328 potius
317 1277 514 1327 tyrannis,
552 1276 619 1315 vbi
643 1289 718 1327 pro
747 1276 908 1315 libidine
935 1275 1174 1316 substantiae
1202 1274 1312 1314 verbi
1339 1275 1490 1313 addunt
1517 1275 1552 1312 &
1581 1273 1812 1323 detrahunt,
1840 1272 2092 1310 Sacramenta

150 1344 231 1369 non
260 1344 308 1369 ex
336 1329 578 1369 institutione
606 1329 767 1368 Domini
795 1331 1019 1380 celebrant,
1047 1329 1083 1366 δι
1111 1342 1184 1379 pro
1218 1327 1515 1367 denuntiatione
1530 1325 1595 1365 illa
1610 1325 1850 1365 ministeriali
1866 1324 2018 1374 salutis,
2033 1325 2095 1362 vel

150 1383 436 1434 damnationis,
464 1383 536 1422 sibi
564 1389 798 1433 potestatem
825 1384 1046 1422 absolutam
1076 1389 1262 1433 arrogant
1288 1382 1408 1420 Rom.
1437 1379 1666 1419 Pontifices:
1693 1381 1809 1429 quale
1838 1377 2094 1417 ministerium

148 1450 228 1476 non
259 1436 472 1487 reperimus
499 1439 522 1474 a
551 1435 709 1475 Christo
737 1435 854 1475 fuisse
889 1436 1130 1487 institutum3
1172 1434 1282 1473 cuius
1310 1441 1442 1473 tamen
1469 1439 1651 1484 respectu
1677 1432 1751 1471 illis
1787 1432 1916 1471 honos
1944 1430 2093 1470 indebi-

148 1497 210 1529 tus
237 1491 428 1541 defertur,
456 1490 492 1528 &
520 1490 611 1528 cum
639 1490 795 1540 Petrus,
825 1491 912 1528 Act.
945 1503 1005 1528 10.
1039 1499 1101 1539 25.
1128 1487 1441 1538 inclinationem,
1468 1486 1631 1526 honoris
1660 1485 1813 1537 signum
1841 1486 1865 1523 a
1906 1483 2093 1523 Cornelio

149 1543 222 1582 sibi
263 1544 432 1582 delatam
463 1541 789 1593 reprehenderet:
829 1549 960 1582 tamen
999 1541 1179 1581 Pontifex
1218 1544 1242 1580 a
1284 1541 1451 1581 Caesare
1479 1540 1627 1591 pedum
1654 1541 1790 1578 oscula
1817 1550 1898 1577 non
1927 1536 2095 1588 respuit,

149 1597 271 1636 immo
299 1596 374 1635 sibi
404 1595 579 1635 debitum
608 1594 650 1633 id
677 1607 761 1634 esse
789 1595 1009 1635 arbitratur.

207 1664 267 1689 12.
321 1651 454 1700 Atque
491 1648 533 1688 hi
572 1647 734 1699 quidem
764 1656 930 1699 peccant
962 1649 1003 1687 in
1041 1660 1223 1687 excessu:
1258 1647 1328 1687 sed
1353 1659 1435 1686 non
1459 1645 1587 1686 minus
1615 1645 1902 1684 hallucinantur
1937 1642 2095 1682 fanatici

151 1702 447 1755 Enthusiastae,
477 1703 571 1741 dum
599 1701 857 1741 ministerium
886 1702 1029 1741 nullius
1057 1701 1168 1752 pretij
1200 1714 1283 1740 esse
1312 1707 1506 1751 statuunt3
1535 1701 1571 1738 &
1598 1699 1771 1738 medium
1800 1697 1896 1736 illud
1924 1698 2093 1736 saluber-

151 1757 294 1795 rimum
331 1768 411 1806 quo
452 1757 558 1795 Deus
600 1755 651 1793 ad
692 1762 867 1794 nostram
897 1757 1062 1795 salutem
1102 1754 1241 1805 vtitur,
1270 1759 1549 1803 contemnunt,
1578 1752 1697 1803 idque
1724 1752 1927 1791 manifeste
1956 1757 2095 1789 contra

151 1811 312 1848 Sacram
340 1809 599 1860 Scripturam,
627 1809 771 1858 Ephes.
800 1822 838 1857 4.
870 1823 931 1848 11.
959 1811 1161 1860 Ingratum
1181 1808 1356 1846 animum
1375 1818 1488 1845 suum
1501 1805 1805 1857 produnt,dum
1819 1804 1932 1853 tan(f.
1966 1805 2096 1852 1724.)

150 1870 234 1902 tum
261 1863 496 1902 beneficium
524 1861 600 1901 Dei
626 1861 693 1911 qui
721 1869 882 1913 propter
909 1862 1174 1900 infirmitatem
1206 1867 1383 1899 nostram
1411 1873 1485 1899 nos
1514 1873 1583 1910 per
1598 1858 1784 1909 ¹homines
1799 1856 1945 1907 alloqui
1960 1856 2097 1906 voluit,

151 1916 336 1966 amplecti
363 1918 522 1967 nolunt,
550 1914 620 1954 sed
643 1917 667 1952 a
695 1915 841 1965 Spiritu
864 1915 1091 1954 immediate
1123 1914 1259 1954 doceri
1286 1913 1361 1953 sibi
1391 1913 1482 1953 satis
1506 1926 1591 1952 esse
1617 1912 1736 1951 aiunt.
1766 1910 1940 1960 Quidam
1967 1917 2098 1948 autem

153 1969 253 2008 inter
293 1982 362 2008 eos
404 1968 689 2019 aliquantulum
725 1969 1028 2008 verecundiores
1055 1975 1232 2007 asserunt
1259 1966 1516 2006 ministerium
1544 1979 1625 2005 non
1653 1964 1818 2004 omnino
1847 1977 1930 2002 rem
1957 1976 2099 2002 vanam

153 2035 261 2073 esse,
300 2023 370 2062 sed
401 2021 680 2061 infirmioribus
718 2023 932 2072 prodesse,
959 2022 1084 2072 iisque
1113 2021 1180 2072 qui
1207 2020 1426 2059 rudimenta
1453 2018 1671 2070 Religionis
1699 2016 1942 2057 Christianae
1969 2017 2100 2055 adhuc

151 2076 352 2126 ignorant,
380 2089 462 2115 non
490 2087 616 2126 paruo
645 2074 875 2115 adiumento
904 2089 1009 2114 esse:
1039 2075 1108 2114 sed
1136 2075 1180 2113 iis
1209 2074 1277 2124 qui
1305 2072 1565 2124 Euangelium
1589 2073 1753 2122 norunt,
1777 2072 1813 2109 δι
1837 2069 1998 2121 perfecti
2012 2076 2102 2108 sunt

152 2131 304 2179 (quales
335 2142 375 2168 se
399 2129 657 2177 arbitrantur)
671 2127 815 2168 talibus
842 2128 1092 2168 documentis
1120 2140 1220 2179 opus
1247 2139 1328 2166 non
1359 2139 1454 2166 esse.
1484 2127 1570 2165 Nos
1591 2128 1646 2175 (vt
1660 2125 1742 2164 istis
1757 2135 1935 2164 errorum
1949 2123 2101 2162 nebulis

150 2195 285 2274 geram
328 2182 563 2243 sententiam
595 2183 864 2234 opponamus)
891 2183 1023 2222 Deum
1052 2180 1248 2221 ordinarie
1275 2192 1367 2220 suos
1395 2192 1465 2231 per
1495 2178 1754 2218 ministerium
1781 2176 2101 2217 Ecclesiasticum

179 2248 313 2287 ocere,
339 2248 558 2275 asserimus.

991 2342 1265 2380 Corollarium.

209 2449 324 2499 Fuga
352 2448 545 2487 euidentis
572 2448 733 2499 periculi
759 2455 899 2487 contra
925 2447 1096 2486 Pastoris
1123 2447 1298 2487 officium
1321 2458 1402 2485 non
1432 2447 1496 2497 fit,
1523 2446 1672 2485 Matth.
1698 2457 1758 2483 10.
1789 2456 1851 2494 23.
1874 2445 1959 2482 Act.
1977 2456 2013 2493 9.
2041 2453 2102 2493 25.

157 2501 252 2541 mod
262 2504 287 2540 ὸ
315 2502 558 2541 extrinsecus
586 2502 624 2540 in
656 2504 786 2552 fugam
803 2504 909 2551 (cum
923 2501 1030 2540 bona
1045 2500 1179 2539 ouium
1194 2500 1328 2547 venia,
1343 2499 1508 2538 consilio
1520 2530 1530 2550 ,
1545 2506 1612 2537 aut
1624 2498 1927 2549 approbatione)
1941 2508 2103 2535 conuer-

153 2567 219 2593 sus
231 2585 241 2604 ,
269 2556 318 2593 ad
344 2567 440 2593 oues
463 2556 655 2594 intentum
676 2556 818 2594 habeat
833 2555 1014 2593 affectum
1026 2584 1037 2601 ,
1051 2556 1088 2593 δι
1102 2554 1245 2605 Spiritu
1260 2565 1350 2592 cum
1366 2553 1420 2593 eis
1433 2552 1502 2604 sit,
1518 2554 1699 2602 exemplo
1714 2551 1835 2590 Pauli.
1856 2564 1889 2590 1.
1908 2550 1997 2590 Cor.
2013 2560 2050 2600 5.
2069 2560 2104 2599 5.

1098 2833 1148 2870 33
1816 2819 1960 2856 XLIX.
2017 2817 2053 2853 D
2069 2817 2103 2853 E
