2334 3020
291 120 366 174 322
914 130 1134 157 THESEs
1174 125 1606 158 THEoLOGICAE.

348 251 411 286 33.
466 238 567 274 Nam
611 247 738 286 neque
774 235 987 285 potentiam
1027 235 1131 272 illam
1159 236 1275 273 habet
1304 235 1340 273 in
1371 248 1454 273 sese
1483 237 1611 286 Deus,
1641 244 1741 284 quae
1769 249 1838 285 per
1865 234 1990 285 ipsum
2018 245 2082 274 aut
2110 237 2226 275 alium

288 291 334 329 sit
378 289 596 338 mutabilis,
638 300 766 338 neque
810 287 1155 337 compositionem,
1199 299 1327 337 neque
1366 288 1654 326 ordinationem
1692 289 1742 326 ad
1780 290 1897 326 finem
1925 297 2031 327 extra
2060 302 2116 334 se,
2148 302 2224 339 qua

287 342 500 381 secundum
536 342 766 379 electionem
804 348 869 378 aut
906 342 1036 378 locum
1075 341 1279 389 pertendat
1315 341 1365 378 ad
1401 353 1482 378 rem
1511 342 1626 378 vllam
1654 353 1772 390 quam
1801 341 1905 390 prius
1935 355 2016 379 non
2043 342 2221 392 attigerit.

287 397 355 433 Est
384 395 485 432 enim
515 393 836 443 perfectissimus7
868 393 1049 442 idemque
1078 393 1249 431 infinitus
1276 394 1311 431 δι
1341 394 1492 442 replens
1521 393 1665 431 omnia.

341 460 402 496 34.
459 447 664 496 Temporis
699 454 828 485 autem
866 448 927 486 vel
959 445 1214 484 successionis
1246 447 1459 484 secundum
1488 453 1639 496 tempus
1667 446 1762 484 nihil
1790 446 1915 485 inesse
1943 448 2051 493 Deo,
2079 449 2168 485 cum
2200 450 2222 485 a

287 509 423 538 natura
451 499 708 549 aeternitatis,
739 507 821 537 tum
850 501 873 536 a
900 505 1038 536 natura
1066 499 1141 536 Dei
1170 498 1288 548 ipsius
1317 499 1570 537 ostendimus.

340 564 401 602 35.
458 554 528 590 Est
556 553 658 591 enim
686 552 890 591 aeternitas
919 555 975 601 (vt
1003 551 1161 589 Boetius
1190 551 1341 600 definit)
1372 551 1664 590 interminabilis
1694 552 1793 590 vitae
1819 559 1902 590 tota
1929 552 2046 590 simul
2074 554 2109 591 &
2138 566 2220 602 per-

292 608 391 645 fecta
418 605 625 655 possessio.
965 626 967 628 ·

339 660 401 707 36.
459 659 518 696 Eo
547 666 677 696 autem
705 658 814 708 quod
841 664 923 696 tota
950 657 1063 695 simul
1091 670 1174 695 esse
1201 656 1362 707 dicitur,
1391 657 1430 695 id
1460 665 1537 704 est,
1567 660 1635 706 ὅλη
1664 661 1825 706 συνεχής
1852 657 2009 707 spiritali
2027 658 2221 708 vcontinui-

287 719 383 760 tate,
415 711 660 749 successione
689 710 875 760 temporis
905 723 1037 748 carere
1064 709 1318 749 ostendimus.

340 776 402 813 37.
457 765 557 802 Cum
586 771 715 802 autern
743 764 795 802 ita
825 763 872 802 sit
899 765 923 801 a
953 771 1088 801 natura
1117 764 1241 810 Deus,
1272 770 1311 800 vt
1340 762 1422 812 ipse
1452 762 1551 800 vitae
1581 762 1873 801 interminabilis
1900 770 2022 801 totam
2051 763 2163 801 simul
2188 766 2222 802 δι

287 818 499 867 perfectam
528 816 812 867 possessionem
840 817 999 867 habeat,
1027 818 1062 855 &
1090 815 1172 866 ipse
1201 815 1278 854 vita
1306 822 1461 854 aeterna
1489 815 1555 866 sit,
1585 828 1632 853 ex
1653 828 1701 854 eo
1716 823 1915 854 aeternum
1930 829 2012 855 esse
2027 817 2223 866 sempiter-

288 873 460 919 numque
487 870 769 908 concludimus.

339 925 401 972 38.
458 924 588 972 Atque
630 924 727 961 haec
768 922 900 961 omnia
940 922 989 960 de
1031 923 1118 960 Deo
1160 922 1211 960 ita
1248 921 1286 959 in
1315 922 1389 960 hac
1418 921 1677 971 descriptione
1706 929 1837 959 nostra
1865 922 2153 973 praedicamus,
2183 930 2222 960 vt

286 975 490 1014 essentiam
512 976 592 1014 eius
613 975 764 1014 vnicam
786 990 868 1015 esse
888 977 1020 1014 sancte
1041 988 1088 1013 ex
1108 974 1337 1013 auctoritate
1362 975 1582 1025 Scripturae
1602 976 1637 1012 &
1660 974 1807 1012 ratione
1830 974 1912 1024 ipsa
1927 988 2222 1025 cognoscamus.

339 1041 400 1087 39.
457 1030 559 1067 Nam
602 1031 722 1067 multa
761 1030 943 1087 157159733312}
979 1027 1104 1078 entia,
1134 1040 1306 1075 summa,
1338 1029 1569 1079 impubem,
1598 1027 1896 1077 simplicissima,
1925 1028 2223 1078 perfectissima,

287 1081 451 1131 optima,
483 1081 652 1131 infinita,
681 1081 958 1130 immutabilia,
987 1086 1222 1140 aeternaque
1252 1081 1334 1118 dari
1363 1093 1441 1118 non
1461 1086 1628 1139 possunt
1651 1080 1778 1139 primo
1803 1081 1839 1118 δι
1861 1093 1929 1130 per
1953 1094 2012 1119 se:
2034 1082 2102 1119 sed
2116 1083 2223 1120 Deus

287 1146 385 1172 vnus
414 1136 519 1175 solus
547 1135 582 1172 &
610 1148 762 1194 semper
790 1135 842 1173 ita
870 1142 948 1183 est,
979 1135 1056 1171 Ens
1084 1134 1253 1182 entium,
1283 1135 1317 1171 &
1346 1133 1578 1192 principium
1606 1133 1898 1183 principiorum.

339 1201 402 1234 40.
455 1188 532 1226 Sed
575 1188 665 1237 quia
707 1189 802 1225 haec
830 1187 903 1225 Dei
930 1186 1169 1237 proprietas,
1198 1187 1376 1245 quamuis
1404 1185 1638 1236 essentialis,
1665 1187 1715 1224 ad
1743 1193 1970 1235 sequentem
1998 1187 2128 1225 locum
2157 1186 2223 1237 qui

286 1241 335 1278 de
362 1240 567 1279 affectione
596 1242 656 1279 vel
686 1241 870 1279 relatione
899 1248 976 1290 est,
1006 1239 1174 1278 maxime
1203 1239 1380 1289 respicit,
1409 1246 1577 1289 praestat
1606 1240 1666 1277 vel
1694 1240 1743 1277 de
1764 1252 1812 1278 eo
1836 1239 1899 1277 hic
1914 1239 2078 1289 amplius
2094 1252 2221 1290 super-

287 1293 494 1331 sedeamus
523 1293 676 1344 dicere,
704 1293 742 1331 in
772 1295 904 1332 locum
931 1294 1096 1332 alterum
1123 1292 1314 1332 reiecturi.

857 1569 944 1606 DE
987 1568 1493 1607 PROVIDENTIA
1531 1569 1660 1606 DEI.

1115 1703 1330 1741 THES1s
1366 1703 1398 1741 Ι.

343 1821 630 1858 PRovrnnNTIA
657 1819 732 1858 Dei
761 1826 818 1858 est
844 1819 976 1858 diuina
1003 1820 1067 1858 illa
1094 1819 1192 1858 ratio
1220 1819 1259 1858 in
1289 1831 1442 1858 summo
1471 1820 1646 1858 omnium
1671 1819 1844 1870 principe
1868 1819 2097 1872 constituta,
2121 1831 2220 1868 quae

284 1872 456 1924 disponit
484 1872 617 1911 omnia
647 1872 791 1923 libere,
819 1879 1018 1924 potenter,
1047 1874 1083 1911 &
1112 1874 1226 1912 bene.

341 1940 375 1964 2.
430 1925 646 1976 Dispositio
675 1933 806 1964 autem
836 1933 894 1964 est
920 1925 1017 1964 ratio
1046 1932 1152 1964 ortus
1180 1926 1355 1965 omnium
1384 1937 1513 1964 rerum
1541 1925 1580 1963 in
1604 1937 1708 1976 sese,
1733 1926 1768 1962 δι
1793 1925 1938 1963 ordinis
1962 1936 2116 1975 earum,
2140 1931 2222 1963 tum

284 1979 334 2017 ad
363 1980 502 2029 finem,
535 1986 618 2017 tum
647 1979 695 2017 ad
727 1978 855 2016 media
883 1981 917 2017 δι
946 1991 1174 2029 progressus
1204 1979 1397 2030 ipsarum,
1422 1986 1463 2017 vt
1490 1985 1619 2029 partes
1647 1985 1735 2016 sunt
1763 1977 1802 2015 in
1830 1984 1927 2017 toto.

342 2045 377 2081 3.
433 2031 551 2070 Ratio
581 2039 708 2082 ortuS,
738 2031 956 2070 Creationis
985 2039 1062 2082 est,
1090 2033 1125 2070 &
1155 2032 1382 2082 exsequutio
1411 2031 1491 2070 eius
1519 2043 1618 2082 opus
1640 2030 1846 2069 creationis
1869 2032 2102 2082 appellatur,
2126 2030 2223 2068 ratio

287 2084 436 2124 ordinis
464 2085 513 2123 ad
545 2086 687 2135 finem,
720 2084 872 2123 diuersa
900 2092 980 2135 est,
1011 2085 1080 2123 sed
1103 2085 1180 2134 qua
1207 2085 1385 2124 homines
1413 2091 1559 2135 spectat
1588 2083 1887 2134 praedestinatio
1916 2090 1993 2122 est:
2018 2084 2114 2122 ratio
2130 2086 2223 2121 vero

286 2137 435 2176 ordinis
463 2137 581 2189 illius,
611 2149 691 2197 quo
721 2151 782 2176 res
809 2137 900 2176 inde
924 2139 973 2176 ab
996 2145 1085 2176 ortu
1110 2150 1181 2176 suo
1203 2139 1254 2176 ad
1276 2139 1391 2176 finem
1417 2150 1538 2187 vsque
1562 2138 1840 2187 disponuntur,
1865 2143 1921 2175 est
1935 2135 2219 2178 Prouidentiae,

285 2192 321 2229 δι
351 2190 452 2229 illius
480 2190 688 2240 exequutio
718 2191 768 2229 ab
797 2190 1037 2230 Orthodoxis
1065 2190 1242 2229 Patribus
1270 2203 1369 2241 opus
1397 2190 1668 2229 Prouidentiae
1697 2189 1849 2228 dicitur.

340 2257 376 2291 4.
432 2245 502 2282 Est
529 2243 644 2294 igitur
671 2243 769 2282 haec
797 2243 1045 2282 Prouidentia
1072 2243 1147 2282 Dei
1177 2245 1242 2292 (de
1274 2255 1350 2293 qua
1379 2244 1454 2281 iam
1483 2242 1714 2281 instituimus
1744 2247 1875 2293 agere)
1903 2242 2033 2281 diuina
2047 2241 2110 2280 illa
2124 2240 2221 2279 ratio

285 2296 325 2334 in
370 2308 524 2335 summo
568 2295 744 2335 omnium
786 2296 961 2347 principe
1001 2298 1089 2335 Deo
1130 2298 1263 2346 Patre,
1306 2296 1427 2347 Filio,
1469 2297 1503 2334 &
1534 2295 1676 2346 Spiritu
1705 2303 1840 2334 sancto
1869 2295 2095 2346 constituta,
2122 2305 2222 2343 quae

289 2349 471 2387 ordinem
501 2362 629 2387 rerum
659 2356 886 2388 cunctarum
915 2350 1232 2400 singularumque
1261 2349 1350 2388 inde
1379 2351 1428 2388 ab
1457 2356 1544 2387 ortu
1572 2350 1622 2387 ad
1650 2350 1766 2387 finem
1795 2359 1916 2398 vsque
1945 2348 2114 2398 ipsarum
2142 2346 2220 2385 dis-

287 2402 400 2452 ponit
431 2402 574 2451 libere,
601 2409 802 2453 potenter,
829 2404 864 2442 &
891 2405 1003 2442 bene.

344 2466 379 2505 5.
433 2455 497 2493 Ad
525 2456 628 2493 hanc
658 2454 787 2505 itaque
816 2455 1103 2505 prouidentiam
1127 2456 1207 2494 duo
1236 2455 1448 2505 pertinent:
1478 2454 1574 2493 ratio
1604 2453 1749 2492 ordinis
1778 2465 1906 2491 rerum
1928 2465 2027 2503 quae
2043 2451 2221 2510 prouisae

289 2514 377 2546 sunt
405 2508 456 2546 ad
484 2509 602 2546 finem
630 2508 818 2558 ipsarum3
848 2516 964 2559 atque
990 2509 1088 2547 haec
1119 2508 1157 2546 in
1181 2509 1269 2547 Deo
1291 2516 1447 2546 aeterna
1470 2516 1546 2546 est:
1573 2509 1607 2546 &
1623 2506 1770 2545 ordinis
1785 2506 1957 2545 eiusdem
1972 2504 2221 2554 exsequutio,

288 2572 388 2610 quae
415 2561 533 2612 vulgo
563 2560 702 2599 dicitur
729 2561 980 2613 gubernatio,
1009 2563 1044 2600 δι
1072 2563 1114 2599 fit
1141 2561 1179 2599 in
1207 2568 1395 2611 tempore.

346 2615 384 2652 6.
443 2614 665 2652 Secundum
695 2615 797 2652 hanc
823 2614 1134 2664 Prouidentiam,
1162 2614 1338 2652 ordinem
1354 2625 1482 2651 rerum
1498 2621 1725 2651 cunctarum
1740 2612 2052 2664 singularumque
2066 2609 2222 2660 disponi

293 2665 475 2715 dicimus,
504 2667 594 2716 quia
621 2679 701 2705 non
734 2668 860 2705 solum
888 2668 1078 2706 mundum
1106 2667 1145 2705 in
1173 2666 1414 2715 vniuersum,
1444 2668 1513 2705 sed
1540 2668 1575 2704 ἃ
1603 2666 1752 2716 singula
1780 2677 1878 2714 quae
1905 2653 2104 2702 inmundo
2119 2669 2220 2711 sunt,

292 2719 407 2757 etiam
436 2719 595 2768 quaeuis
622 2719 876 2758 minutissima
906 2720 1076 2770 disponit
1103 2721 1229 2769 Deus,
1257 2720 1356 2758 adeo
1386 2726 1426 2757 vt
1454 2732 1502 2756 ne
1530 2732 1662 2768 passer
1684 2717 1866 2767 quidem
1857 2730 1894 2755 m
1908 2725 2049 2755 terram
2063 2715 2218 2753 decidat

287 2771 371 2810 sine
401 2773 599 2811 voluntate
626 2771 737 2810 illius.

1997 2834 2032 2871 7.
2072 2821 2213 2859 Libere
