2334 3020
787 110 1055 137 FRANClsm
1092 109 1230 144 JUNIl
1274 106 1408 134 virA.
2020 85 2101 140 23'

141 218 268 269 potius
316 230 459 257 nexum
510 218 544 255 δι
592 216 871 266 obligationem
922 218 1004 254 fore
1051 216 1099 253 acl
1150 213 1436 264 suscipiendam
1477 212 1515 249 in
1567 223 1614 248 eo
1664 216 1787 247 tractu
1828 207 2067 246 functionem

141 271 364 322 ministerij,
407 283 523 321 quam
564 271 682 308 semel
722 269 915 320 ingressus
943 281 1023 307 non
1050 280 1207 319 possem
1235 268 1376 305 referre
1405 266 1558 315 pedem.
1614 264 1699 313 Ego
1727 271 1856 300 autem
1885 260 2070 309 quicquid

143 325 236 363 mihi
285 325 564 363 contrahebam
607 321 697 360 mali
738 321 1052 372 peruicacissimo
1093 322 1227 359 labore
1268 332 1379 370 meo,
1428 318 1469 356 id
1509 323 1635 355 totum
1677 316 1789 353 coelo
1830 311 2070 362 Geneuensi,

142 379 246 416 velut
273 376 494 416 aduersanti
522 382 682 414 naturae
712 388 843 426 meae,
871 376 1130 425 imputabam,
1158 386 1237 412 non
1267 374 1370 410 facto
1393 383 1502 408 meo:
1541 369 1710 418 ideoque
1738 367 1904 416 migrare
1932 368 1953 404 e
1981 367 2071 403 loco

142 433 258 469 rebus
299 431 394 469 meis
423 428 612 468 confectis
640 435 860 467 statueram.
916 431 1007 466 Post
1034 428 1127 465 illud
1155 433 1307 476 tempus
1335 438 1381 464 ex
1407 423 1542 473 Belgio
1570 421 1728 460 aduenit
1755 419 1920 458 nuncius
1949 417 2074 468 Aprili

144 484 368 533 mense,'vt
391 483 612 521 Ministrum
639 482 806 530 aliquem
836 481 955 519 diuini
978 481 1106 530 verbi,
1134 481 1185 518 ad
1202 478 1418 517 Ecclesiam
1435 475 1648 525 Gallicam,
1672 486 1772 523 quae
1798 480 1881 510 tum
1909 473 2072 509 Antuer-

142 537 228 586 piae
267 543 365 586 erat,
407 535 642 586 impetraret.
682 536 874 573 Narrabat
918 535 1001 583 ille,
1039 535 1100 572 καὶ
1135 535 1238 582 μάλα
1275 531 1516 578 παθητικῶς,
1546 534 1691 577 quanta
1716 525 1851 564 raritas
1879 523 2073 573 &inopia

143 589 410 628 Ministrorum
444 590 517 627 hac
553 588 685 638 lingua
722 587 909 626 vtentium
946 594 1046 626 esset
1061 586 1099 624 in
1134 591 1239 624 tanta
1265 584 1442 633 regione,
1479 588 1586 620 tanta
1617 579 1832 630 frequentia
1857 578 2072 627 bonorum,

142 647 329 692 tantoque
357 642 499 681 studio.
527 641 782 679 Accedebant
810 642 859 679 ad
881 643 975 679 haec
998 639 1210 678 monitores
1234 635 1393 687 optimi,
1422 638 1587 673 Ioannes
1611 633 1832 683 Crispinus,
1857 631 2074 680 Stephanus

144 695 393 746 Mermerius,
422 696 457 733 δι
485 695 546 743 alij
577 694 684 733 boni.
714 694 942 732 Commouit
965 706 1027 731 me
1048 699 1130 731 tum
1151 692 1216 729 illa
1237 689 1463 738 necessitas,
1484 694 1524 726 vt
1544 700 1705 737 operam
1727 697 1856 723 meam
1879 682 2077 721 Ecclesiae

143 748 430 798 Antuerpianae
459 760 639 787 sermone
667 747 820 786 Gallico
849 746 969 785 vtenti
999 745 1247 785 condicerem
1275 744 1326 781 ad
1359 740 1626 780 necessitatem
1651 739 1755 777 illam
1779 741 1912 787 (quam
1936 735 2077 786 grauis-

144 801 280 840 simam
308 801 515 840 audiebam
544 803 641 850 esse)
670 801 937 851 alleuandam,
967 799 999 837 si
1026 801 1049 837 a
1078 804 1275 837 conuentu
1303 794 1475 833 fidelium
1496 804 1698 832 seruorum
1720 792 1814 841 Dei,
1837 789 1964 839 quiin
1985 789 2079 826 vrbe

143 863 245 905 erat,
272 855 436 894 idoneus
464 853 669 893 iudicarer.
696 853 863 892 Placuit:
894 854 1074 891 confecta
1102 861 1162 889 res
1192 856 1262 888 est.
1292 847 1470 887 Salutatis
1493 846 1608 885 bonis
1633 847 1799 884 Geneua
1823 841 2080 890 discedimus,

142 922 216 959 ego
244 908 500 958 Antuerpiae,
535 908 570 944 δε
599 906 827 957 Peregrinus
856 908 1082 955 Grangaeus
1111 902 1327 953 Delphinas
1354 900 1435 949 (qui
1464 898 1814 949 peregrinationem
1839 895 1953 934 huius
1980 894 2080 932 vitae

143 961 385 1001 sanctissimo
410 960 595 1011 martyrio
619 960 854 1008 terminauit)
880 956 1120 997 Valentianis
1145 954 1483 994 administraturus
1506 957 1798 990 sacrosanctum
1822 949 1896 987 Dei
1916 948 2080 985 verbum

145 1015 185 1053 in
207 1017 339 1064 clan(f.
360 1013 597 1064 14.)destinis
619 1016 675 1062 (vt
697 1020 779 1051 tum
800 1020 909 1051 erant
929 1011 1122 1061 tempora)
1137 1007 1334 1047 Ecclesiis.
1364 1007 1568 1044 Hactenus
1592 1017 1674 1052 me,
1698 1003 1869 1041 Domine
1884 1003 1990 1039 Deus
2006 999 2081 1049 mi,

146 1068 415 1107 diuersissimis
437 1067 566 1106 modis
590 1066 786 1104 fabricasti
809 1064 1056 1115 prouidentia
1086 1069 1174 1111 tua,
1197 1068 1237 1099 vt
1274 1073 1337 1098 me
1360 1060 1411 1097 ad
1433 1057 1622 1096 fabricam
1651 1058 1792 1095 domus
1815 1063 1903 1093 tuae
1926 1053 2080 1091 infirmo

146 1133 259 1160 seruo
286 1134 358 1171 pro
387 1120 573 1171 sapientia
604 1126 669 1157 tua
698 1120 733 1157 δε
761 1118 885 1169 gratia
915 1115 1098 1168 singulari
1127 1128 1218 1164 erga
1247 1127 1309 1152 me
1337 1110 1510 1151 vtereris.
1545 1112 1590 1148 In
1614 1116 1835 1147 transcursu
1862 1108 2081 1145 Metensem

150 1175 369 1213 Ecclesiam
409 1173 678 1223 salutauimus,
716 1171 974 1220 ordinemque
1009 1169 1110 1208 illius
1146 1166 1316 1205 vidimus
1352 1162 1628 1213 libentissime,
1675 1173 1793 1211 quem
1831 1161 1968 1198 fideles
2009 1158 2083 1196 Dei

149 1227 250 1266 serui
277 1229 446 1266 Ioannes
475 1225 708 1276 Garnerius,
735 1227 902 1262 Ioannes
929 1224 1122 1270 Taffinus,
1151 1222 1286 1258 Petrus
1316 1217 1526 1262 Colonius,
1557 1217 1592 1254 &
1621 1215 1681 1263 alij
1707 1214 1849 1264 pietate
1865 1211 2083 1259 doctrinaq.

150 1280 319 1331 insignes
358 1279 430 1318 viri
454 1279 735 1318 «obseruabant
775 1275 1073 1327 religiosissime.
1113 1276 1173 1312 Eo
1211 1280 1293 1310 tum
1328 1273 1427 1309 forte
1457 1275 1616 1308 venerat
1641 1267 1807 1306 nuncius
1835 1263 2083 1303 Malmedirio

149 1333 228 1383 (hic
262 1345 383 1383 pagus
422 1339 478 1371 est
511 1331 759 1378 Arduennas)
796 1342 939 1379 rogans
978 1328 1134 1378 piorum
1175 1326 1392 1364 incolarum
1434 1321 1615 1371 nomine,
1657 1327 1698 1358 vt
1724 1322 1921 1358 Metenses
1950 1319 2085 1354 fratres

149 1385 318 1435 aliquem
355 1387 404 1424 de
441 1397 511 1424 suo
548 1396 713 1422 numero
749 1384 974 1433 ablegarent
1007 1384 1076 1431 eo,
1110 1379 1177 1429 qui
1205 1376 1496 1429 praedicatione
1524 1373 1633 1412 verbi
1662 1374 1931 1412 consolaretur
1957 1370 2086 1420 ipsos,

149 1440 184 1477 δε
226 1446 382 1477 coetum
423 1438 593 1487 aliquem
636 1437 686 1475 ad
721 1435 879 1486 puriora
916 1433 1060 1473 Christi
1099 1435 1187 1471 Iesu
1225 1432 1333 1482 signa
1360 1429 1574 1479 colligeret.
1616 1426 1698 1465 Hic
1725 1428 1861 1464 fratres
1889 1424 2087 1461 Metenses

149 1491 343 1542 paucitate
387 1503 522 1530 eorum
557 1489 623 1539 qui
656 1489 856 1528 Ecclesiae
891 1499 981 1527 suae
1017 1485 1281 1525 inseruiebant
1311 1482 1504 1534 exposita,
1533 1486 1771 1531 rogauerunt
1797 1491 1893 1525 nos,
1921 1482 1961 1514 vt
1989 1476 2084 1512 Mal-

147 1543 312 1583 medirio
353 1544 424 1583 iter
465 1545 704 1593 faceremus,
741 1541 1061 1592 quandoquidem
1097 1552 1179 1578 non
1213 1539 1351 1589 procul
1379 1550 1403 1574 a
1431 1536 1523 1574 loco
1551 1533 1830 1572 transeundum
1859 1529 1974 1568 nobis
2003 1540 2086 1567 esse

148 1604 434 1648 cognouerant,
477 1599 512 1636 &
552 1597 699 1647 populo
736 1595 814 1634 loci
850 1595 950 1633 illius
988 1592 1131 1632 sitienti
1159 1590 1420 1641 Euangelicae
1447 1585 1768 1638 praedicationis,
1797 1591 1914 1634 prout
1943 1595 1990 1620 ex
2017 1592 2087 1619 vsu

147 1650 342 1689 videretur
382 1653 484 1701 fore,
525 1651 714 1688 ferremus
756 1662 886 1699 opem.
927 1649 987 1685 Eo
1023 1657 1145 1695 quum
1182 1644 1350 1696 primum
1378 1642 1579 1690 venimus,
1609 1638 1762 1689 excepti
1791 1633 2088 1684 humanissime,

148 1703 315 1743 instante
357 1704 607 1742 vehementer
648 1704 820 1753 populo,
862 1700 1077 1739 conciones
1115 1699 1214 1737 duas
1255 1699 1384 1748 palam
1421 1696 1460 1733 in
1488 1693 1649 1744 priuatis
1677 1692 1838 1731 aedibus
1866 1688 2090 1737 habuimus,

149 1770 266 1795 vnam
302 1758 373 1795 sub
402 1770 624 1806 vesperam,
654 1757 816 1793 alteram
845 1753 1063 1792 meridiano
1092 1759 1271 1803 poster03
1304 1748 1432 1788 adacti
1461 1751 1483 1786 a
1511 1747 1855 1795 circumstrepente
1885 1743 1920 1780 ἃ
1948 1752 2090 1779 conue-

149 1809 279 1848 niente
320 1809 496 1848 certatim
534 1809 705 1859 populo,
744 1806 923 1857 quamuis
952 1804 1268 1845 dissuadentibus
1296 1802 1411 1841 nobis
1440 1803 1475 1840 &
1504 1801 1553 1839 de
1582 1799 1756 1850 periculo
1784 1797 1876 1836 inde
1903 1800 2092 1833 euenturo

148 1863 493 1912 praemonentibus
528 1861 838 1913 diligentissime.
880 1862 1010 1909 Atque
1036 1861 1135 1897 haec
1162 1858 1280 1908 paulo
1309 1859 1416 1906 post,
1447 1859 1564 1904 prout
1591 1853 1645 1890 eis
1673 1850 2012 1902 praedixeramus,
2041 1846 2094 1884 ita

149 1915 310 1955 omnino
351 1916 597 1962 acciderunt,
641 1916 798 1953 Abbate
841 1915 875 1951 δε
920 1911 1097 1951 Domino
1140 1911 1218 1950 loci
1259 1910 1421 1948 miseros
1472 1905 1694 1957 populareis
1736 1917 1822 1943 earn
1851 1903 1904 1941 ob
1934 1911 2091 1938 causam

149 1968 372 2008 infestante:
400 1970 506 2007 vnde
535 1967 693 2007 colonia
718 1967 887 2018 primum
916 1966 955 2004 in
984 1964 1222 2004 coenobium
1250 1961 1506 2009 Palatinatus,
1535 1959 1643 2009 quod
1671 1959 1708 1996 S.
1724 1954 1926 1996 Lamberti
1939 1954 2092 1998 dicunt,

118 2034 229 2064 .non
271 2023 409 2072 procul
451 2022 710 2060 Neostathmo
755 2021 794 2058 in
836 2019 1034 2058 montanis
1072 2018 1209 2068 situm,
1248 2012 1548 2064 transmigrauit.
1577 2011 1772 2050 Leodium
1799 2005 2092 2060 praetergressi,

148 2074 364 2123 incolumes
397 2075 473 2113 Dei
509 2074 702 2113 beneficio
738 2072 995 2123 Antuerpiam
1035 2071 1232 2119 venimus,
1261 2080 1339 2118 quo
1372 2075 1549 2118 tempore
1579 2066 1758 2103 soluebat
1785 2061 1917 2101 classis
1944 2059 2092 2098 Lusita-

149 2127 252 2166 niam
287 2128 472 2179 petitura,
509 2129 757 2178 &sponsam
785 2138 932 2164 nouam
962 2125 1012 2163 ad
1039 2123 1307 2163 Alexandrum
1335 2120 1562 2159 Farnesium
1591 2117 1813 2167 Principem
1841 2117 2092 2153 Parmensem

150 2181 380 2220 adductura.
408 2182 531 2219 Erant
557 2187 684 2219 autem
713 2193 782 2230 per
810 2179 914 2218 idem
942 2185 1096 2228 tempus
1123 2178 1162 2215 in
1191 2175 1403 2214 Brabantia
1430 2171 1691 2220 Flandriaque
1719 2169 1855 2208 hilaria
1882 2168 1917 2205 δι
1957 2165 2094 2204 festiua

150 2233 300 2285 omnia,
342 2233 479 2272 animis
520 2233 560 2272 in
601 2246 710 2283 spem
744 2232 935 2282 optimam
973 2242 1101 2269 rerum
1138 2240 1295 2269 suarum
1325 2226 1517 2275 excitatis,
1546 2230 1701 2263 recente
1730 2224 1901 2262 aduentu
1930 2217 2094 2258 Comitis

150 2287 420 2338 Egmondani,
462 2298 580 2336 quem
621 2287 659 2324 in
694 2285 927 2336 Hispaniam
965 2286 1210 2334 ablegatum,
1247 2283 1335 2319 Rex
1362 2278 1627 2319 amantissime
1656 2283 1880 2327 exceperat,
1910 2271 2094 2311 omnibus

150 2339 353 2389 postulatis
381 2341 525 2379 fecerat
553 2339 642 2378 satis
672 2344 789 2389 quam
817 2337 1100 2389 prolixissime,
1131 2346 1297 2385 eumque
1326 2335 1361 2372 &
1393 2345 1531 2372 omnes
1558 2330 1758 2380 Principes
1787 2327 1870 2378 (qui
1890 2327 1980 2364 ante
2003 2325 2094 2362 Car-

151 2393 321 2431 dinalem
349 2394 657 2432 Granuellanum
685 2392 888 2430 hominem
910 2390 1216 2429 versutissimum
1233 2387 1517 2433 conuenerant)
1533 2383 1780 2434 amplissimis
1796 2376 2096 2431 magnificentis-

151 2445 334 2496 simisque
370 2445 570 2496 promissis
606 2445 854 2495 impleuerat,
894 2448 1132 2493 summisque
1166 2439 1463 2481 beneuolentiae
1500 2439 1536 2476 &
1568 2437 1714 2488 gratiae
1743 2430 2094 2486 significationibus

151 2505 463 2551 exsaturauerat3
491 2511 590 2550 quos
617 2511 760 2548 nempe
788 2496 1038 2536 commodius
1067 2508 1137 2534 suo
1167 2502 1363 2545 tempore,
1391 2500 1432 2531 vt
1460 2503 1551 2530 aues
1580 2489 1704 2528 altiles
1733 2485 1985 2538 esaginariO,
2002 2486 2094 2521 con-

152 2552 297 2590 ficeret.
339 2551 578 2602 Simulatque
615 2551 872 2602 Antuerpiam
906 2549 1104 2595 venimus,
1132 2549 1224 2596 varij
1257 2560 1320 2585 me
1348 2547 1505 2584 labores
1536 2545 1571 2582 δι
1599 2541 1817 2593 grauissimi
1844 2542 2095 2587 exceperunt.

149 2605 252 2642 Nam
280 2605 451 2654 primum
479 2605 665 2644 haerebat
691 2604 887 2654 plerisque
914 2603 953 2641 in
984 2602 1116 2641 animo
1145 2603 1338 2640 bellorum
1367 2601 1556 2638 aduersus
1585 2597 1722 2635 Gallos
1750 2595 1827 2633 iam
1856 2592 1950 2632 olim
1968 2595 2094 2640 gesto-

151 2669 237 2695 rum
275 2658 515 2697 recordatio:
554 2669 653 2708 quae
681 2657 882 2707 imperitos
910 2655 1089 2694 homines
1118 2654 1171 2693 ita
1199 2652 1418 2703 affligebat,
1448 2658 1490 2690 vt
1517 2663 1603 2700 me,
1631 2647 1809 2699 quamuis
1837 2647 1888 2684 ad
1915 2649 2095 2682 sanctum

151 2709 403 2748 ministerium
430 2712 538 2750 bono
567 2711 741 2760 ipsorum
770 2710 931 2748 missum
960 2710 996 2747 δι
1026 2712 1253 2751 συςατικοῖς
1283 2706 1434 2744 idoneis
1457 2704 1712 2751 instructum,
1740 2713 1818 2739 non
1837 2710 1947 2737 secus
1963 2697 2093 2734 obser-

151 2770 288 2802 uarent
322 2767 441 2812 quam
469 2764 500 2802 si
529 2763 719 2802 venissem
747 2765 1036 2813 exploraturus,
1064 2766 1130 2798 aut
1158 2761 1282 2798 nullas
1311 2760 1426 2809 plane
1456 2757 1624 2806 syllabas
1655 2761 1711 2803 (vt
1739 2756 1839 2803 Imp.
1867 2751 2000 2808 vocat)
2029 2753 2095 2806 aut

1872 2809 2095 2842 testimonla
