2334 3020
815 104 1088 133 mmmmm
1129 102 1270 131 PARS
1312 103 1338 131 1.
1975 101 2053 138 419

105 218 262 260 infirmo
287 217 419 270 captui
443 221 582 257 nostro
609 213 914 255 accommodam
941 225 1003 253 res
1031 211 1251 264 spirituales
1277 209 1514 262 accipimus,
1543 210 1753 250 adumbrat
1780 207 1955 248 actiones
1970 217 2059 247 suas

105 272 376 324 corporalibus
401 268 680 311 instrumentis.
707 269 830 307 Pedes
857 267 974 319 igitur
1001 267 1150 317 nostri,
1178 263 1382 316 inquiunt,
1411 269 1503 303 sunt
1528 265 1789 313 consistentes,
1803 261 1827 300 i.
1844 268 2061 313 perstamus

105 328 146 367 in
174 324 354 365 Ecclesia
380 323 478 374 Dei,
505 323 556 362 ad
584 334 703 372 quam
717 320 1045 372 peruenimus‚vt
1060 318 1322 370 praecedente
1338 328 1453 357 versu
1469 318 1539 356 fuit
1554 316 1785 367 expositum.
1813 316 1865 354 Et
1879 312 2060 365 quamuis

109 379 277 420 subinde
303 377 438 418 nostra
464 376 641 428 ipsorum
669 374 891 414 infirmitate
918 375 955 413 ὅτ
984 372 1112 412 aliena
1140 372 1350 412 occasione
1377 373 1563 421 factoque
1586 369 2060 421 impellamur,&prope-

109 433 276 473 modum
319 432 370 471 de
408 428 527 471 beata
569 428 635 468 illa
677 429 791 479 sede,
829 433 1019 478 quantum
1058 426 1097 465 in
1135 425 1253 465 nobis
1291 431 1370 475 est,
1405 423 1650 474 deiiciamur,
1678 429 1810 462 tamen
1839 420 2060 473 experimur

106 486 273 526 subinde
301 484 420 525 etiam
447 495 522 522 nos
549 481 590 521 in
616 483 707 521 Deo
736 482 772 520 &
799 481 840 520 in
867 479 1049 520 Ecclesia
1076 479 1158 519 eius
1174 477 1515 530 confirmari,qu0
1531 476 1694 517 nomine
1708 475 1924 528 gloriamur
1940 474 2057 514 etiarn

107 539 147 579 in
177 538 315 578 mediis
341 536 487 577 nostris
514 534 805 575 afflictionibus

162 593 300 642 Itaque
339 590 380 630 in
420 591 622 630 locutione
662 588 762 637 hac,
803 589 926 627 Pedes
966 588 1096 626 nostri
1135 587 1400 635 consistentes,
1442 583 1582 623 reuera
1617 584 1706 635 plus
1732 582 1851 633 inest,
1880 583 2001 632 quam
2029 580 2061 620 si

110 645 259 686 dictum
300 644 434 684 fuisset
475 645 499 682 a
532 641 605 693 piis
641 641 889 693 simpliciter,
923 640 1147 680 Consz‘stunt
1161 640 1280 690 pedes
1307 639 1452 690 nostri,
1481 636 1817 687 quemadmodum
1852 635 2062 674 Hebraeae

109 699 267 751 linguae
308 709 380 737 vsu
424 697 718 736 demonstratur
752 694 909 746 passim.
953 695 1056 733 Nam
1084 692 1255 744 primum
1284 697 1475 731 testantur
1501 690 1552 741 pij
1584 692 1732 729 sactum
1759 700 1891 740 suum,
1919 687 2063 728 deinde

110 752 347 792 tentationes
384 761 493 802 suas,
521 763 568 788 ac
597 751 798 800 postremo
826 746 998 787 studium
1027 759 1109 798 quo
1137 744 1421 786 tentationibus
1449 744 1643 784 obsistunt
1670 743 1711 783 in
1736 742 1927 783 Domino.
1965 742 2061 780 Fac-

109 812 194 845 tum
222 817 336 844 suum
363 805 442 843 hoc
470 816 555 842 esse
578 801 866 854 pronunciant,
894 801 1003 851 quod
1031 801 1120 839 freti
1145 799 1288 839 virtute
1315 799 1488 838 Iehouae
1520 796 1604 848 (qui
1632 798 1801 837 formam
1817 794 2062 835 essentialem

109 857 312 898 Ecclesiae
339 860 376 897 &
404 856 592 896 membris
620 855 722 895 illius
753 854 852 894 indit
880 853 1043 905 Spiritus
1072 852 1131 893 sui
1161 851 1538 900 communicatione)
1566 864 1607 890 se
1634 850 1674 889 in
1689 849 1919 889 Ecclesia&
1935 849 2059 888 domo

115 913 191 952 Dei
218 911 385 951 viuentis
410 909 634 961 continent,
662 910 714 948 ad
743 921 864 959 quam
891 907 1078 958 singulari
1105 905 1228 958 gratia
1256 905 1357 944 illius
1383 904 1537 953 vocati,
1563 904 1750 955 adducti,
1778 905 1814 942 &
1835 900 2066 954 agglutinati

115 972 228 1017 sunt,
255 971 298 1004 vt
325 963 482 1003 immoti
507 963 547 1002 in
576 976 623 1002 ea
649 963 859 1013 haereant,
882 968 1071 1011 tanquam
1087 959 1342 1011 superstructi
1356 958 1512 997 salutari
1525 956 1579 996 illi
1593 965 1748 1008 petrae,
1763 956 1873 996 cuius
1888 954 2066 994 Christus

113 1021 228 1059 Matt,
276 1020 335 1056 16.
370 1020 429 1057 18.
460 1018 497 1056 δι
524 1018 667 1056 Paulus
702 1029 735 1056 1.
765 1016 859 1055 Cor.
893 1028 954 1054 10.
981 1027 1019 1063 4.
1057 1012 1332 1052 meminerunt.
1373 1010 1630 1051 Tentationes
1664 1017 1754 1049 sunt
1786 1022 1868 1049 non
1903 1009 2065 1059 quidem

115 1070 266 1112 disertis
293 1071 425 1111 verbis
454 1082 685 1121 expressae,
713 1070 782 1108 sed
809 1068 884 1107 hac
911 1068 1103 1118 loquendi
1130 1065 1299 1105 formula
1325 1064 1444 1105 tacite
1471 1064 1802 1115 comprehensae,
1830 1062 1940 1114 quod
1962 1061 2065 1100 intus

117 1128 153 1165 δι
183 1125 277 1165 foris
304 1124 344 1164 in
372 1124 460 1176 pios
488 1124 641 1163 irruunt
666 1122 774 1162 mille
800 1121 1077 1168 incommoda,
1104 1120 1247 1171 quibus
1275 1121 1325 1159 ab
1352 1118 1421 1157 illa
1447 1118 1614 1157 statione
1636 1117 1835 1157 deturbari
1848 1121 2011 1167 possent
2023 1114 2064 1154 in

115 1190 234 1230 quam
265 1177 390 1229 gratia
423 1177 500 1217 Dei
527 1176 707 1229 perducti
734 1182 842 1224 sunt,
873 1175 1024 1225 absque
1050 1175 1140 1213 Deo
1170 1179 1299 1212 essent
1328 1170 1485 1212 vindice
1499 1171 1687 1222 ipsorum.
1716 1172 1820 1210 Nam
1846 1176 1888 1209 vt
1914 1167 2066 1208 homini

115 1232 184 1283 qui
224 1238 332 1271 totus
371 1232 548 1270 infirmus
589 1238 666 1280 est,
702 1229 820 1268 etiam
857 1228 1014 1268 infirmo
1049 1226 1240 1278 pedibus,
1277 1225 1310 1266 si
1335 1225 1593 1265 aduersentur
1620 1225 1748 1264 solum
1775 1222 1971 1263 lubricum
1999 1228 2067 1261 aut

114 1298 233 1325 arena
270 1287 392 1325 fluens
429 1291 547 1335 atque
577 1282 785 1333 instabilis,
827 1288 956 1322 aestus
983 1282 1105 1332 Solis,
1134 1280 1301 1331 imbres,
1328 1279 1548 1330 procellae,
1577 1278 1705 1327 venti,
1734 1277 1868 1317 omnia
1896 1275 2066 1326 denique

116 1338 359 1391 obstiterint,
402 1337 580 1377 conditio
622 1336 704 1376 eius
743 1335 784 1375 in
811 1335 898 1387 ipso
941 1342 998 1374 est
1033 1333 1286 1374 miserabilis:
1321 1332 1376 1371 ita
1410 1331 1519 1383 pios,
1554 1332 1651 1370 dum
1687 1330 1754 1369 hic
1781 1336 1893 1381 sunt,
1919 1328 2066 1368 versari

115 1398 271 1433 constat
305 1392 346 1431 in
381 1390 561 1431 Ecclesia
595 1388 673 1429 Dei
710 1389 872 1429 infestos
904 1387 1162 1440 grauissimis,
1190 1384 1560 1433 innumerabilibus,
1590 1398 1637 1424 ac
1667 1382 1940 1424 diuersissimis
1967 1383 2066 1422 cala-

115 1446 335 1498 mitatibus3
362 1446 551 1484 aduersus
579 1455 678 1494 quas
706 1442 781 1482 sibi
808 1442 882 1494 ipsi
908 1448 1107 1493 nequeant
1135 1441 1382 1492 prospicere,
1412 1439 1482 1479 sed
1510 1445 1664 1477 tantum
1691 1437 1843 1477 fortiter
1862 1438 1942 1476 fixo
1964 1436 2066 1487 pede

114 1499 155 1539 id
183 1499 258 1539 sibi
286 1505 457 1539 statuant
482 1497 768 1548 laborandum,
792 1509 843 1536 ne
872 1496 1159 1536 demoueantur
1185 1495 1236 1534 de
1263 1506 1313 1533 eo
1340 1495 1433 1533 loco
1463 1492 1530 1533 vbi
1558 1494 1738 1531 fruuntur
1759 1490 1979 1543 praesentia
1990 1488 2067 1529 Dei

113 1552 222 1604 ipsos
263 1551 545 1592 confirmantis.
586 1552 696 1590 Hoc.
738 1562 779 1589 n.
822 1549 898 1589 sibi
933 1549 1056 1589 verba
1090 1548 1156 1588 illa
1192 1547 1351 1599 volunt,
1388 1548 1511 1586 Pedes
1538 1548 1667 1585 nostri
1688 1551 1781 1584 sunt
1804 1546 2065 1584 consistentes:

114 1606 280 1658 perinde
307 1613 426 1657 atque
456 1604 489 1645 si
516 1604 712 1656 dicerent3
737 1603 894 1654 Impelli
921 1602 1080 1654 quidem
1113 1600 1365 1641 multifariam
1394 1599 1622 1651 grauissime
1645 1598 1950 1650 saepissimeque
1964 1597 2065 1648 ipso-

117 1671 204 1699 rum
244 1660 387 1710 pedes,
428 1660 465 1698 &
505 1656 668 1709 singulis
710 1656 923 1696 momentis
964 1657 1089 1707 prope
1117 1668 1203 1695 esse
1229 1661 1272 1694 vt
1298 1653 1523 1694 dilabantur
1550 1652 1926 1704 impedimentorum
1954 1650 2066 1690 vehe-

116 1712 283 1753 mentia:
327 1718 597 1752 verumtamen
639 1724 681 1750 se
720 1710 851 1750 adhuc
887 1710 1057 1762 pedibus
1084 1708 1206 1749 firmis
1235 1707 1468 1758 consistere,
1494 1719 1569 1746 nec
1598 1707 1715 1746 rebus
1742 1705 1938 1756 aduersis,
1965 1715 2067 1754 quae

116 1766 303 1806 infestant
330 1765 462 1817 ipsos,
489 1766 552 1805 vel
579 1765 631 1804 ad
658 1770 907 1804 momentum
934 1764 1089 1803 cedere.
1117 1762 1195 1802 His
1222 1760 1393 1812 denique
1420 1762 1538 1800 rebus
1567 1759 1721 1800 accedit
1750 1758 1921 1799 studium
1948 1757 2067 1808 illud,

118 1820 228 1871 quod
255 1818 370 1859 tertio
398 1820 490 1859 loco
519 1818 742 1870 posuimus:
774 1817 885 1857 cuius
911 1816 1027 1867 studij
1059 1817 1298 1856 documenta
1325 1815 1406 1854 duo
1435 1822 1543 1865 sunt,
1567 1812 1722 1853 Phrasis
1737 1825 1856 1863 quam
1870 1814 1960 1851 ante
1974 1809 2069 1850 dixi-

115 1886 224 1925 mus,
253 1875 290 1913 &
316 1879 401 1913 tota
428 1874 528 1912 haec
557 1871 795 1912 enunciatio.
824 1872 929 1910 Nam
957 1869 1096 1910 Phrasi
1122 1871 1186 1909 vel
1213 1869 1416 1909 locutione
1444 1868 1631 1908 Hebraea
1660 1866 1923 1906 constantiam
1957 1876 2067 1904 suam

116 1926 157 1967 in
189 1928 327 1968 labore
369 1926 579 1977 studioque
616 1924 859 1964 consistendi
896 1924 1002 1976 apud
1037 1924 1256 1963 Dominum
1292 1923 1544 1973 profitentur:
1580 1921 1816 1960 Enunciatio
1852 1922 1947 1959 vero
1984 1925 2069 1957 tota

118 1993 341 2021 sermonem
369 1979 504 2032 resipit
529 1979 737 2018 hominum
764 1991 855 2018 vere
883 1984 1132 2025 sanctorum,
1160 1976 1228 2028 qui
1254 1975 1448 2015 iustificati
1477 1975 1554 2014 fide
1570 1977 1759 2026 &pacem
1773 1974 1962 2013 habentes
1976 1982 2068 2010 cum

116 2035 207 2074 Deo
235 2033 275 2072 in
302 2033 478 2085 Christo,
507 2033 625 2073 etiam
653 2031 732 2072 suis
762 2031 1085 2083 oppressionibus
1113 2032 1151 2070 δε
1178 2029 1366 2081 angustiis
1394 2029 1631 2081 gloriantur,
1658 2035 1700 2068 vt
1719 2028 1937 2079 Apostolus
1959 2038 2069 2076 prae-

119 2086 276 2127 dicauit.
313 2087 511 2127 Viderunt
536 2099 681 2138 nempe
707 2093 868 2126 sanctae
894 2085 984 2124 illae
1012 2085 1168 2124 animae
1195 2083 1334 2134 spiritu
1360 2082 1438 2122 Dei
1464 2089 1597 2133 actae,
1621 2082 1662 2122 id
1686 2094 1769 2121 non
1797 2093 1882 2120 esse
1910 2090 2068 2119 suarum

118 2140 308 2193 partium,
334 2147 377 2181 vt
402 2140 552 2180 alienos
572 2140 693 2191 pedes
720 2140 995 2188 obseruarent,
1022 2146 1090 2177 aut
1116 2137 1162 2177 iis
1190 2136 1430 2177 offendicula
1456 2135 1667 2175 insidiasue
1695 2140 1907 2186 ponerent:
1932 2146 2015 2172 non
2027 2140 2068 2172 vt

117 2207 208 2247 eos,
235 2197 375 2234 contra
401 2197 522 2245 quam
550 2194 673 2245 pietas
702 2193 739 2232 &
767 2193 935 2233 charitas
963 2191 1185 2232 Christiana
1211 2192 1348 2241 docet,
1373 2192 1556 2241 proterue
1579 2189 1618 2228 in
1633 2190 1786 2240 lapsum
1800 2188 2069 2238 impellerent:

117 2260 200 2289 non
239 2254 282 2287 vt
315 2247 479 2288 miseros
517 2247 636 2288 etiam
669 2259 750 2286 non
779 2246 1063 2298 intelligentes,
1090 2245 1155 2285 vel
1180 2245 1232 2284 ad
1259 2257 1300 2284 se
1327 2256 1411 2284 non
1438 2243 1687 2283 aduertentes
1715 2242 1914 2291 animum,
1940 2252 2067 2291 perse-

119 2308 332 2353 querentur
359 2301 508 2341 infesti:
538 2301 608 2340 sed
633 2300 714 2340 hoc
742 2299 816 2340 sibi
842 2299 972 2351 potius
1000 2298 1218 2338 curandum
1247 2311 1351 2349 esse,
1380 2305 1421 2336 vt
1448 2297 1499 2336 ad
1528 2307 1621 2336 suos
1645 2297 1785 2346 pedes,
1814 2295 1839 2334 i.
1853 2294 2069 2334 institutum

118 2354 220 2395 vitae
243 2356 280 2394 &
293 2353 640 2395 administrationis
655 2365 747 2393 suae
772 2354 1036 2404 attenderent,
1057 2365 1126 2393 eos
1141 2351 1491 2392 circummunirent
1504 2353 1528 2389 a
1543 2352 1660 2389 rebus
1676 2349 1860 2389 omnibus
1876 2347 2071 2399 aduersis,

119 2410 156 2448 δι
183 2421 226 2448 se
252 2408 293 2448 in
321 2408 430 2448 omni
455 2409 567 2448 bono
595 2408 815 2447 secundum
842 2409 974 2447 Deum
1002 2408 1038 2446 δε
1066 2419 1203 2445 coram
1230 2405 1316 2456 ipso
1346 2405 1386 2443 in
1414 2403 1593 2442 Ecclesia
1616 2405 1907 2442 confirmarent.
1938 2402 2069 2451 Quem

117 2462 236 2501 finem
274 2461 306 2501 si
333 2469 540 2501 actuosum
567 2462 645 2500 hoc
673 2467 852 2501 nostrum
881 2461 1057 2500 seculum
1086 2466 1175 2498 ante
1203 2460 1342 2498 oculos
1370 2457 1516 2496 iamdiu
1544 2457 1814 2508 proposuisset
1842 2455 1935 2506 sibi,
1965 2456 2071 2494 certe

118 2521 177 2554 tot
217 2515 379 2555 funestis
420 2515 532 2554 malis
573 2514 722 2554 iamdiu
758 2514 946 2554 caruisset
987 2513 1176 2564 mundus,
1218 2514 1254 2552 δε
1288 2511 1452 2551 feliciter
1484 2510 1664 2550 Ecclesia
1698 2510 1921 2549 increscens
1956 2509 2070 2559 aegre

119 2568 272 2608 fecisset
300 2570 466 2609 Satanae
495 2571 531 2609 &
559 2567 866 2609 sceleratissimis
894 2566 1132 2608 administris
1161 2565 1257 2606 eius.
1284 2567 1346 2605 De
1373 2563 1672 2616 perseuerantiis
1699 2563 1889 2615 diximus3
1917 2562 1994 2601 iam
2020 2561 2070 2600 de

119 2623 243 2661 altero
271 2622 340 2661 illo
369 2633 487 2673 quern
515 2621 794 2674 proposuimus
821 2623 933 2674 loco,
959 2620 1011 2660 de
1038 2620 1202 2672 finibus,
1228 2619 1411 2670 inquam,
1434 2617 1660 2658 &terminis
1675 2619 1726 2657 ad
1741 2614 2071 2669 perseuerantiam

121 2675 339 2715 constitutis
366 2675 582 2716 videamus.

173 2728 289 2768 Fines
317 2729 460 2780 quibus
487 2742 572 2769 sese
599 2727 886 2780 religiosissime
913 2725 1205 2780 perseuerantia
1232 2731 1458 2766 sanctorum
1486 2724 1683 2776 continet,
1712 2729 1986 2775 proponuntur
2010 2720 2069 2760 his

122 2781 308 2834 vocibus,
346 2785 387 2822 in
414 2785 549 2835 portis
578 2784 667 2823 tuis.
707 2781 997 2822 Describuntur
1023 2788 1154 2820 autem
1183 2779 1412 2831 allegorice,
1438 2779 1501 2818 vel
1527 2778 1657 2830 potius
1685 2777 1834 2829 typice,
1861 2789 1934 2827 pro
1950 2787 2068 2867 c{zom-

1881 2842 1948 2868 mo
1979 2835 2070 2868 rtate
