2334 3020
858 100 1127 131 1:1REN1c1
1168 101 1307 129 PARS
1348 100 1373 127 1.
2009 95 2083 136 457

147 211 286 251 clesiae
323 224 371 251 ex
408 210 615 251 vocatione
642 210 718 249 Dei
749 215 930 249 tenentur
959 209 1183 260 consulere;
1210 214 1252 246 vt
1279 213 1455 258 pastores
1486 206 1524 244 in
1552 219 1598 245 ea
1628 205 1730 256 dati,
1759 205 1810 244 ad
1837 211 2087 256 coagmenta—

146 265 294 304 tionem
317 272 561 315 sanctorum,
582 264 634 303 ad
661 275 761 314 opus
786 263 1005 312 ministerij,
1037 263 1074 301 ἅν
1101 261 1152 300 ad
1180 260 1491 300 aedificationem
1519 259 1697 310 corporis
1724 258 1880 297 Christi.

200 320 271 357 Est
298 318 413 369 igitur
441 329 581 356 munus
609 329 820 356 commune
849 316 1044 367 omnium,
1073 322 1114 354 vt
1142 314 1462 354 communionem
1487 320 1711 352 sanctorum
1731 313 1882 358 colant,
1898 312 2088 362 &pacem

149 378 332 422 expetant
367 371 492 409 illius:
529 378 706 410 nostrum
740 373 834 409 vero
871 369 1065 420 singulare
1093 375 1170 420 est,
1196 375 1237 406 vt
1266 368 1434 407 eandem
1462 366 1782 406 communionem
1810 366 1987 404 colamus
2014 364 2088 403 sin-

146 425 270 475 gulari
306 425 448 476 modo,
485 424 552 474 qui
587 424 769 474 singulari
806 423 1024 462 vocationis
1058 423 1145 473 lege
1172 423 1195 459 a
1222 423 1310 460 Deo
1339 420 1564 471 praefinitus
1593 426 1663 460 est.
1690 420 1756 458 Ad
1783 420 1885 458 hanc
1913 429 2089 457 commu-

147 478 307 517 nionem
347 480 438 516 ante
480 476 741 524 ostendimus,
780 477 948 527 primum
990 479 1157 515 formam
1199 475 1411 525 internam,
1451 486 1529 524 qua
1573 485 1664 511 cum
1691 474 1780 511 Deo
1809 471 2090 522 coalescimus,

147 531 366 581 pertinere:
404 530 546 570 deinde
587 538 808 582 externam,
837 543 914 580 qua
942 529 1161 580 colligimur
1187 528 1238 566 ad
1266 529 1430 567 verbum
1459 527 1579 577 ipsius
1606 526 1927 577 percipiendum,
1955 537 2090 575 preces

146 585 406 636 exhibendas,
435 584 711 634 praestandum
739 583 995 635 obsequium,
1023 584 1060 621 δι
1087 581 1267 621 ordinem
1296 582 1622 630 honestatemque
1648 580 1688 618 in
1703 579 1762 617 his
1776 579 1960 618 omnibus
1976 579 2090 617 rebus

147 638 447 688 procurandam.
489 639 678 676 Nostrum
721 645 797 688 est,
838 644 880 675 vt
920 636 959 674 in
1002 635 1060 674 his
1100 635 1192 686 ipsis
1219 636 1336 673 rebus
1364 647 1516 673 summa
1542 633 1729 684 religione
1761 645 1808 670 ac
1836 631 1966 671 studio
2007 630 2091 669 aliis

147 692 330 729 omnibus
361 702 592 741 praecamus
622 703 825 742 sermone,
853 692 888 729 ἅν
917 689 1041 728 factis.
1071 689 1180 738 Quid
1206 687 1271 727 hic
1298 687 1560 726 excusationis
1588 687 1650 725 vel
1678 686 1717 724 in
1746 685 1918 735 speciem
1939 685 2092 724 adferre

148 751 328 795 possunt,
357 744 423 793 qui
450 752 516 782 aut
544 757 726 783 sermone
754 751 820 782 aut
846 743 956 782 factis
985 755 1067 781 non
1095 743 1148 780 ita
1176 748 1391 792 procurant
1418 740 1733 779 aedificationem
1758 738 1859 777 illius
1888 738 2089 789 corporis,

146 798 256 847 quod
293 799 400 836 Deus
438 810 510 836 suo
548 797 737 848 sanguine
775 795 1046 847 comparauit?
1074 795 1272 845 Equidem
1301 796 1558 845 perhorresco
1587 800 1711 844 totus,
1738 806 1812 831 nec
1840 792 1924 831 sine
1952 792 2091 830 dolore

145 851 400 890 acerbissimo
443 853 618 890 recolere
654 862 814 901 possum
846 862 938 889 cum
972 850 1105 888 animo
1141 862 1251 899 meo,
1280 855 1467 898 quantam
1496 846 1695 886 Ecclesiae
1722 848 1873 897 labem,
1903 852 2091 895 quantam

147 904 220 943 sibi
253 904 346 954 ipsis
388 904 540 943 ruinam
583 905 880 955 accersiuerint,
916 903 983 954 qui
1010 903 1092 942 siue
1120 903 1355 953 prudentes,
1384 901 1465 940 siue
1488 901 1756 951 imprudentes
1784 901 1835 938 ab
1863 900 1941 937 hoc
1956 898 2090 937 officio

146 969 217 996 suo
259 957 520 997 desciuerunt.
565 957 675 996 Faxit
716 957 934 1007 Dominus,
976 969 1027 994 ne
1069 956 1156 1006 quis
1196 957 1316 1006 porre
1360 953 1567 1001 desciscat,
1599 954 1635 991 δι
1664 966 1705 991 se
1734 952 2092 991 machinationibus

147 1013 312 1049 Satanae
340 1012 391 1049 ab
420 1012 498 1049 hoc
528 1011 775 1050 sanctissimo
804 1011 980 1048 instituto
1010 1009 1230 1048 vocationis
1259 1020 1351 1047 suae
1377 1007 1505 1057 abripi
1533 1007 1715 1057 patiatur.
1740 1006 1984 1045 Grauissima
1999 1007 2092 1043 sane

147 1066 306 1103 vulnera
341 1078 422 1103 non
457 1064 569 1103 nobis
603 1066 731 1102 solum
759 1064 988 1114 infligimus,
1010 1063 1080 1101 sed
1108 1062 1182 1113 ipsi
1210 1062 1412 1100 Ecclesiae
1441 1060 1603 1109 Christi,
1647 1072 1766 1110 quam
1788 1071 1905 1098 curae
1935 1065 2092 1098 nostrae

146 1118 344 1157 Dominus
369 1118 684 1169 commendauit3
714 1119 806 1156 cum
833 1117 948 1156 dictis
970 1124 1036 1155 aut
1063 1115 1176 1154 factis
1204 1116 1255 1154 ab
1283 1115 1350 1153 illo
1378 1116 1455 1152 fine
1484 1126 1602 1164 quem
1630 1115 1738 1152 Deus
1765 1113 1952 1163 imperat,
1983 1114 2092 1151 aber-

148 1184 302 1222 ramus,
324 1171 620 1211 'obliuiscentes
657 1171 758 1210 illius
793 1171 901 1222 pacis
939 1183 1058 1220 quam
1094 1170 1135 1207 in
1172 1168 1351 1207 Ecclesia
1387 1167 1464 1206 Dei
1490 1180 1565 1205 nos
1593 1166 1908 1205 constantissime
1936 1172 2094 1216 oportet

147 1233 342 1275 expetere.
371 1226 473 1263 Nam
503 1237 573 1263 cur
601 1238 683 1263 non
712 1225 883 1276 expenff.
915 1224 1167 1273 730)damils,
1197 1221 1521 1271 quandoquidem
1548 1220 1766 1259 administri
1794 1231 1928 1258 sumus
1949 1218 2094 1257 Christi

147 1279 182 1315 Sc
211 1278 500 1329 dispensatores
529 1278 806 1328 mysteriorum
835 1277 932 1327 Dei,
962 1288 1033 1315 cur
1062 1275 1255 1325 (inquam)
1282 1288 1364 1313 non
1385 1274 1653 1325 expendamus
1681 1272 1973 1323 diligentissime
1989 1273 2094 1311 dicta

147 1333 329 1382 factaque
352 1339 507 1381 nostra,
537 1344 638 1382 quae
667 1333 718 1370 ab
745 1331 829 1370 aliis
855 1329 1150 1381 diligentissime
1177 1329 1361 1367 nouimus
1391 1325 1617 1367 obseruari?
1644 1328 1737 1365 Non
1764 1328 1931 1377 laboro,
1961 1332 2091 1364 vtrum

147 1398 192 1424 ea
227 1386 283 1423 sic
321 1386 533 1424 obseruent
568 1386 630 1434 alij
661 1386 765 1436 iure,
793 1398 844 1422 an
870 1383 1033 1422 iniuria:
1069 1396 1116 1421 ex
1144 1382 1297 1432 officio,
1326 1395 1376 1419 an
1404 1388 1558 1431 praeter
1585 1380 1772 1418 officium.
1811 1379 1883 1419 etsi
1910 1380 2000 1418 cum
2028 1380 2093 1417 lux

147 1438 230 1477 aliis
259 1438 440 1477 iubemur
468 1452 570 1490 esse,
599 1445 640 1477 vt
667 1439 847 1489 videant,
878 1440 913 1476 &
941 1439 998 1476 sal
1026 1449 1110 1475 esse
1141 1443 1183 1474 vt
1209 1435 1372 1474 veritate
1400 1433 1605 1473 doctrinae
1631 1435 1681 1471 ab
1710 1433 1819 1472 omni
1839 1432 2092 1482 corruptione

147 1492 327 1531 homines
355 1492 620 1543 vindicentur,
663 1505 744 1530 non
772 1498 938 1542 possunt
965 1490 1044 1529 dici
1071 1502 1120 1528 ex
1146 1488 1280 1528 officio
1308 1501 1390 1527 non
1418 1490 1564 1535 facere,
1594 1487 1661 1537 qui
1687 1488 1738 1525 ad
1766 1500 1840 1526 nos
1868 1485 2092 1537 respiciunt.

147 1545 321 1584 Omnino
348 1545 401 1583 ita
428 1559 501 1584 nos
534 1552 690 1595 oportet
717 1558 808 1583 cum
835 1544 975 1583 animis
1003 1543 1145 1582 nostris
1175 1549 1367 1581 statuere:
1402 1541 1433 1580 si
1447 1541 1630 1592 religiose
1645 1540 1750 1579 dicta
1764 1542 1947 1591 factaque
1961 1546 2095 1578 nostra

146 1599 219 1649 ipsi
260 1599 477 1650 cogitemus
518 1598 985 1649 circumspiciamusque,
1026 1596 1067 1635 id
1105 1609 1178 1635 nos
1219 1609 1267 1634 ex
1313 1595 1445 1634 officio
1488 1596 1661 1633 facturos
1703 1607 1812 1634 esse:
1854 1594 1913 1632 sin
1944 1594 2093 1644 minus,

146 1652 350 1691 audaciam
378 1651 754 1702 praefidentiamque
782 1651 1114 1691 inconsideratam
1138 1656 1313 1688 nostram
1342 1651 1427 1688 sore
1456 1655 1594 1687 contra
1622 1648 1797 1686 officium
1824 1654 2018 1686 nostrum.

200 1706 309 1754 Quid
345 1719 461 1756 ergo,
504 1705 644 1744 dixerit
681 1705 895 1756 quispiam,
939 1705 979 1742 in
1019 1703 1132 1742 dictis
1170 1704 1361 1753 factisque
1388 1702 1531 1741 nostris
1560 1701 1711 1741 attendi
1738 1704 1763 1740 a
1790 1701 1907 1740 nobis
1933 1713 2096 1739 necesse

148 1758 229 1798 est?
258 1761 468 1809 Exponam
496 1759 644 1809 paucis.
672 1759 723 1798 ad
750 1761 901 1810 Deum,
929 1757 1168 1808 Ecclesiam,
1196 1757 1409 1806 mundum,
1439 1757 1475 1793 ἃ
1503 1756 1555 1794 ad
1583 1768 1656 1794 nos
1681 1755 1789 1806 ipsos
1804 1761 1961 1805 oportet
1975 1761 2098 1793 atten-

147 1813 298 1851 damus.
339 1814 406 1851 Ad
443 1814 593 1863 Deum,
638 1819 680 1851 vt
720 1826 875 1863 semper
910 1812 961 1850 ab
989 1811 1075 1861 ipso
1103 1810 1366 1861 pendeamus,
1396 1812 1432 1848 δι
1460 1809 1511 1848 ad
1537 1808 1667 1860 ipsum
1696 1809 1829 1847 omnia
1856 1809 2095 1847 referamus:

147 1866 386 1917 Ecclesiam,
414 1874 455 1905 vt
483 1866 557 1916 ipsi
585 1866 636 1904 ad
663 1867 795 1904 Deum
823 1866 947 1904 iturae
976 1876 1232 1915 praecamus:
1262 1864 1313 1902 ad
1340 1863 1551 1909 mundum,
1581 1870 1622 1901 vt
1642 1861 1831 1912 inculpati
1846 1868 1954 1901 extra
1968 1861 2096 1912 ipsum

147 1919 357 1970 fugiamus,
401 1920 437 1957 δε
477 1919 576 1958 alios
617 1919 827 1958 nobiscum
857 1930 1094 1958 euocemus:
1137 1918 1189 1956 ad
1229 1930 1302 1957 nos
1330 1916 1437 1967 ipsos
1465 1916 1659 1967 denique,
1686 1922 1728 1954 vt
1755 1915 1795 1954 in
1823 1915 1883 1954 his
1911 1915 2096 1953 omnibus

147 1973 288 2011 officiis
316 1986 389 2011 nos
418 1984 659 2023 occupemus
687 1972 1022 2023 constantissime,
1066 1971 1118 2010 ad
1144 1972 1295 2022 Deum,
1332 1970 1552 2009 secundnm
1579 1971 1730 2018 Deum,
1758 1982 1829 2019 per
1855 1968 2096 2018 Ecclesiam,

149 2029 184 2065 &
226 2038 317 2065 cum
359 2026 536 2065 Ecclesia
577 2027 883 2078 contendentes,
926 2027 962 2064 δε
1002 2025 1189 2063 aduersus
1224 2025 1418 2063 mundum
1445 2023 1563 2063 armis
1592 2022 1759 2061 iustitiae
1787 2022 2020 2061 dimicantes
2049 2022 2101 2060 ad

149 2087 323 2118 nostram
366 2081 550 2130 salutem,
593 2080 628 2117 δε
670 2092 807 2119 eorum
849 2079 916 2129 qui
958 2092 1031 2118 nos
1058 2078 1235 2117 audiunt.
1278 2077 1359 2116 Hic
1386 2080 1502 2129 vero,
1532 2079 1640 2115 Deus
1667 2077 1792 2128 bone,
1822 2088 1941 2126 quam
1969 2074 2100 2113 multis

149 2133 278 2172 modis
318 2140 505 2183 peccatur
546 2133 785 2185 ignorantia,
827 2132 1109 2184 imprudentia,
1151 2134 1187 2170 &
1229 2131 1453 2170 infirmitate
1493 2130 1652 2169 nostra!
1694 2131 1788 2168 Non
1815 2130 1931 2180 libet,
1970 2139 2100 2178 neque

150 2186 308 2237 expedit
336 2186 471 2225 omnia
499 2194 724 2238 pertexere,
753 2187 895 2238 quibus
925 2199 1064 2225 omnes
1092 2185 1261 2236 grauiter
1287 2185 1537 2223 offendimus.
1566 2184 1658 2222 Non
1685 2184 1781 2222 libet
1809 2196 1876 2234 ea,
1904 2183 1944 2221 in
1957 2182 2101 2232 quibus

149 2240 411 2279 communiter
440 2251 530 2279 cum
558 2240 639 2279 aliis
667 2252 897 2291 peccamus,
929 2239 1125 2290 colligere.
1155 2238 1202 2277 Id
1229 2237 1320 2277 satis
1349 2239 1521 2276 futurum
1542 2237 1729 2287 arbitror,
1759 2237 1791 2275 si
1806 2237 1855 2275 de
1870 2235 1916 2274 iis
1930 2234 2101 2286 peccatis

149 2293 312 2345 dixero,
354 2293 394 2332 in
435 2305 537 2344 quae
567 2301 706 2332 contra
732 2295 968 2345 singularem
996 2291 1246 2332 vocationem
1275 2299 1450 2330 nostram
1478 2292 1565 2341 plus
1594 2290 1685 2330 satis
1715 2291 1845 2340 (eheu)
1873 2289 2100 2338 incidimus,

150 2347 401 2386 immemores
430 2347 575 2398 gratiae
603 2347 697 2397 Dei,
726 2348 834 2398 pacis
862 2346 1086 2397 Ecclesiae,
1115 2346 1150 2383 δί
1171 2345 1390 2384 vocationis
1418 2351 1601 2384 nostrae:
1632 2343 1702 2383 etsi
1730 2343 1778 2382 sit
1804 2343 2038 2394 plurimum,
2059 2349 2102 2380 vt

150 2400 264 2439 huius
292 2400 412 2451 ipsius
442 2400 663 2440 vocationis
691 2409 848 2440 nostrae
876 2406 1081 2452 praetextu
1109 2401 1145 2438 δε
1173 2399 1304 2449 specie
1318 2405 1482 2449 peccata
1498 2405 1631 2436 nostra
1645 2404 1913 2447 contegamus.
1943 2396 2102 2434 Tacebo

151 2454 200 2492 de
229 2453 390 2492 internis
417 2453 610 2505 peccatis,
653 2466 754 2504 quae
782 2455 889 2494 videt
915 2455 1045 2504 Deus,
1074 2454 1110 2491 δῖ.
1139 2451 1381 2503 singulorum
1410 2451 1581 2490 sentiunt
1607 2451 1714 2502 apud
1741 2464 1783 2489 se
1811 2449 2101 2490 conscientiae:

151 2508 202 2545 de
229 2507 390 2546 internis
418 2507 562 2546 dicam.

205 2560 285 2609 Qui
313 2562 504 2600 debemus
532 2574 579 2600 ex
605 2561 834 2611 vocatione,
865 2557 1148 2599 sanctimoniae
1176 2561 1212 2598 δι
1239 2558 1327 2610 paci
1356 2558 1558 2597 Ecclesiae
1583 2557 1872 2596 dictis&faetis
1886 2558 2104 2606 consulere,

151 2614 384 2664 plerumque
428 2614 542 2654 dictis
583 2615 619 2651 δε
658 2614 770 2653 factis
798 2614 1015 2654 officimus:
1054 2619 1138 2651 tum
1165 2625 1230 2651 eas
1257 2625 1318 2652 res
1347 2625 1448 2662 quae
1475 2625 1557 2651 non
1585 2619 1674 2650 sunt
1702 2611 1921 2650 vocationis
1947 2617 2105 2650 nostrae

151 2669 406 2719 assumendo,
450 2675 534 2706 tum
577 2681 642 2706 eas
685 2680 783 2717 quae
826 2667 990 2707 omnine
1035 2679 1082 2704 ex
1123 2665 1333 2705 vocatione
1368 2673 1457 2704 sunt
1493 2665 1737 2716 omittendo,
1766 2672 1850 2703 tum
1879 2663 2105 2703 contraius

151 2720 371 2759 vocationis
412 2721 487 2759 alia
524 2720 822 2760 committendo.
848 2723 909 2759 Ac
937 2719 1052 2758 dictis
1081 2719 1241 2768 quidem
1270 2719 1526 2770 offendimus,
1556 2721 1633 2769 qua
1662 2718 1844 2768 priuatim
1874 2718 2006 2768 aliqua
2032 2719 2106 2755 Ec-

151 2773 292 2813 clesiae
320 2776 522 2825 membra,
551 2777 629 2825 qua
657 2776 813 2825 publice
842 2786 987 2824 corpus
1015 2772 1157 2822 ipsius,
1187 2781 1303 2823 prout
1331 2786 1415 2812 sese
1436 2786 1497 2811 res
1512 2772 1628 2811 nobis
1646 2772 1842 2811 obtulerit.
1870 2774 1933 2810 De
1947 2770 2107 2821 priuatis

1109 2829 1157 2875 58
1825 2825 2107 2864 offensionibus
