2334 3020
788 124 1003 154 THESES
1043 122 1474 153 THEOLOGICAE.
2027 122 2098 160 321

219 244 276 283 15.
335 231 615 282 Simplicissimi
653 232 914 281 appellatione
944 232 1271 283 compositionem
1302 244 1459 270 omnem
1491 233 1512 268 a
1542 230 1612 267 Dei
1642 229 1807 268 essentia
1836 240 2104 278 remouemus,

161 286 251 335 quia
282 298 355 324 nec
382 293 473 324 actu
501 286 620 324 habet
648 285 771 335 ipsam
800 286 837 324 in
868 299 969 335 sese,
1000 300 1072 324 nec
1101 287 1247 324 habere
1277 292 1414 335 potest.

218 340 275 376 16.
333 339 380 377 Id
421 338 525 378 enim
567 341 659 377 uere
700 338 1046 390 simplicissimum,
1089 340 1198 389 quod
1239 338 1366 377 omnis
1409 344 1466 376 est
1509 335 1808 386 compositionis
1856 347 2015 385 expers,
2057 347 2102 371 ac

161 391 324 442 proinde
353 405 506 443 semper
534 392 586 430 ita
615 399 673 431 est
699 399 739 430 vt
769 400 846 442 est„
877 406 948 431 nec
978 393 1087 430 aliter
1116 405 1156 430 se
1185 393 1328 430 habere
1357 397 1500 441 potest.
1749 441 1755 447 ¹

218 456 276 492 17.
331 446 400 483 Est
430 454 560 484 autem
589 447 696 484 Deus
724 446 852 484 omnis
879 445 1176 496 compositionis
1205 457 1342 495 expers
1371 444 1587 482 secundum
1615 448 1823 480 essentiam
1854 452 1983 489 suani7
2013 442 2102 478 cum

161 510 288 546 neque
318 497 365 536 sit
392 511 558 549 corpus,
588 512 715 549 neque
744 513 790 537 ex
819 499 980 537 materia
1008 500 1043 536 &
1072 499 1216 545 forma„
1246 509 1374 547 neque
1403 510 1450 535 ex
1480 508 1622 546 genere
1653 498 1687 534 &
1716 494 1950 539 differentia,
1977 505 2104 553 neque

160 565 206 589 ex
237 551 413 589 subiecto
443 554 477 590 ἃ
506 552 732 598 accidente5
761 564 888 602 neque
917 566 964 590 ex
993 552 1066 590 alia
1094 564 1134 589 re
1163 553 1239 589 vlla
1268 558 1333 589 aut
1362 551 1440 588 vllo
1470 550 1591 588 modo
1621 547 1886 598 compositus,
1915 547 2103 585 sedidem

161 604 199 642 in
229 616 276 642 eo
306 603 353 642 sit
381 613 520 643 natura
547 608 582 644 δε
612 606 878 656 suppositum,
907 605 1072 644 essentia
1101 605 1136 642 δι
1165 617 1272 653 esse7
1300 611 1340 642 vt
1368 605 1581 652 loquuntur
1609 603 1740 651 vulgo.
1886 653 1894 659 ι

218 659 275 694 18.
332 657 452 705 Quod
482 658 515 697 si
544 659 841 709 compositionis
870 671 1026 709 expers5
1056 671 1150 708 ergo
1178 660 1213 696 &
1243 658 1280 696 in
1310 670 1350 696 se
1379 664 1437 695 est
1465 655 1792 706 simplicissimus,
1822 656 1856 692 ἃ
1884 666 1922 691 in
1945 665 2104 712 compo—

162 709 343 747 sitionem
381 723 470 749 cum
511 725 552 750 re
580 714 678 764 vlla,
708 720 893 762 tanquam
922 711 1152 762 principium
1181 711 1398 761 internum,
1426 717 1493 748 aut
1521 707 1683 747 materia
1711 714 1776 746 aut
1803 709 1949 756 forma,
1979 718 2108 744 venire

160 775 240 801 non
271 770 411 812 potest.
2029 811 2036 818 ·
2083 811 2090 817 .

217 829 275 865 19.
332 817 392 854 Ex
434 818 508 856 hac
542 825 672 857 autem
711 817 959 868 simplicitate
987 817 1082 856 illud
1111 817 1275 855 omnino
1305 816 1577 866 consequiturq
1605 816 1735 852 Deum
1765 825 1848 852 esse
1877 813 2107 863 perfectiSffl-

160 880 268 906 muni
298 869 336 906 in
366 883 468 916 sese,
501 873 536 910 &
565 871 743 910 vniuerse
772 872 991 921 perfectum
1021 870 1143 908 modo
1173 870 1456 919 perfectissimo
1486 869 1710 917 diuinoque.
2083 917 2090 923 ²

215 935 276 960 20.
334 922 533 974 Quicquid
573 932 704 963 autem
740 923 991 974 perfectionis
1020 930 1077 962 est
1104 922 1142 960 in
1174 924 1289 961 rebus
1316 923 1476 971 creatis,
1506 922 1546 959 id
1574 919 1790 971 praedicari
1818 920 1867 958 de
1897 919 1950 978 eis
1979 930 2107 978 aequi-

159 977 282 1013 uoce:
311 976 402 1025 quia
430 978 568 1016 harum
598 978 787 1028 perfectio
816 990 889 1016 nec
917 989 1081 1027 genere,
1108 988 1182 1013 nec
1212 975 1341 1026 specie
1370 987 1459 1014 cum
1488 974 1620 1013 diuina
1634 974 1752 1011 habet
1770 979 2109 1021 conuenientiam,

165 1029 234 1069 sed
262 1030 416 1067 tantum
443 1031 707 1081 qualicunque
735 1030 925 1081 analogia.

214 1095 274 1120 21.
330 1083 434 1121 Tum
462 1092 579 1135 prout
607 1095 865 1134 vnaquaeque
893 1096 954 1122 res
981 1083 1154 1133 perfecta
1181 1088 1256 1128 est,
1284 1081 1337 1119 ita
1371 1081 1486 1119 etiam
1516 1079 1657 1119 dicitur
1685 1079 1792 1117 bona
1820 1091 1902 1117 esse
1931 1084 2109 1128 respectu

148 1135 412 1185 ‘perfectionis
442 1150 534 1176 suae
563 1138 675 1177 modi
703 1136 816 1176 illius.

214 1201 274 1226 22.
331 1189 402 1228 Est
431 1199 561 1230 autem
590 1193 699 1230 Deus
728 1204 795 1229 ens
825 1189 1174 1241 perfectissimum,
1204 1195 1243 1226 vt
1270 1188 1391 1226 modo
1422 1186 1670 1226 dicebamus:
1701 1197 1795 1235 ergo
1824 1186 1860 1223 &
1890 1184 2106 1235 optimum:

160 1241 251 1292 quia
279 1254 346 1279 ens
376 1243 412 1281 ἅτ
440 1245 611 1296 bonum,
640 1245 712 1283 etsi
739 1244 888 1283 ratione
917 1243 1122 1291 differunt,
1151 1241 1190 1279 in
1220 1254 1261 1279 re
1284 1249 1422 1279 tamen
1451 1247 1540 1279 sunt
1569 1251 1688 1277 vnum
1719 1240 1753 1277 &
1781 1239 1899 1277 idem.

216 1307 276 1344 23.
333 1296 394 1335 Ac
434 1299 565 1337 bonus
608 1298 768 1348 quidem
810 1305 867 1336 est
908 1298 1015 1335 Deus
1051 1294 1228 1334 bonitate
1257 1293 1390 1332 diuina
1417 1306 1487 1344 per
1514 1292 1721 1332 essentiam
1766 1303 1895 1342 suam,
1923 1297 2110 1341 tanquam

159 1347 287 1386 omnis
329 1349 425 1389 boni
466 1351 660 1403 efficiens,
702 1354 738 1391 &
780 1351 948 1390 maxime
991 1348 1255 1400 expetendus3
1284 1348 1463 1397 adeoque
1491 1356 1688 1386 summum
1716 1346 1891 1395 bonum,
1920 1344 1970 1383 ad
1999 1344 2108 1394 quod

160 1401 335 1440 seruntur
379 1405 414 1442 δι
455 1405 699 1444 contendunt
743 1405 896 1450 omnia,
939 1409 1130 1454 quatenus
1172 1403 1279 1440 bona
1321 1409 1429 1450 sunt„
1472 1398 1808 1450 quemadmodum
1846 1398 1885 1436 in
1913 1397 2111 1436 creatione

164 1456 320 1494 fuerunt
348 1456 466 1497 bona.
1834 1504 1841 1511 .
1898 1504 1905 1510 .
1939 1503 1947 1510 ·
2087 1503 2095 1509 ⁶

217 1521 279 1555 24.
335 1509 413 1548 Sed
453 1512 596 1551 horum
631 1511 788 1550 bonitas
826 1510 967 1549 dicitur
1005 1509 1235 1559 aequiuoce.
1278 1508 1382 1557 Quia
1410 1507 1486 1546 Dei
1512 1506 1669 1546 bonitas
1698 1512 1756 1543 est
1783 1515 2016 1563 principium
2038 1516 2112 1553 pri-

157 1573 290 1612 mum,
321 1566 540 1615 exemplar,
570 1565 745 1603 efficiens
773 1566 808 1603 &
842 1563 966 1602 finalis
996 1574 1113 1601 causa
1141 1561 1269 1600 omnis
1297 1560 1500 1600 bonitatis:
1534 1561 1677 1598 horum
1705 1561 1798 1597 vero
1822 1571 1902 1617 non
1916 1556 2113 1616 item7sed

162 1614 292 1666 potifis
336 1617 495 1656 effectus
531 1619 567 1656 &
596 1619 830 1657 adumbrata
858 1616 1072 1655 similitudo
1103 1629 1150 1654 ex
1178 1614 1535 1653 communicatione
1565 1613 1735 1663 quadam
1763 1613 1950 1651 bonitatis
1979 1622 2111 1649 secun-

163 1669 258 1707 dum
287 1671 606 1721 qualemcunque
634 1671 856 1722 analogiam
887 1672 927 1719 (f.
962 1671 1091 1720 1779).
1758 1718 1765 1724 ·
1908 1717 1915 1723 ι

214 1733 281 1771 25.
338 1724 591 1775 Quapropter
630 1724 848 1764 bonitatem
888 1723 1057 1762 vniuoce
1094 1722 1241 1760 dictam
1281 1722 1312 1759 si
1342 1719 1578 1771 respexeriS,
1608 1721 1699 1757 vere
1728 1719 1878 1757 dictum
1906 1718 2002 1755 1llud
2031 1723 2111 1767 est,

156 1775 285 1814 Nemo
329 1777 480 1828 bonus,
524 1777 597 1816 nisi
638 1790 737 1817 vnus
781 1779 910 1816 Deus:
955 1776 1171 1826 aequiuoce
1205 1781 1335 1813 autem
1368 1787 1429 1813 res
1459 1786 1597 1812 omnes
1627 1779 1800 1821 creatae,
1829 1773 1906 1821 qua
1934 1776 2111 1818 creatae,

158 1829 290 1867 bonae
320 1837 425 1869 sunt.
458 1838 462 1842 '

213 1883 274 1921 26.
329 1884 426 1922 Sunt
471 1892 600 1923 autem
640 1886 769 1923 bonae
799 1884 943 1933 modo,
981 1883 1131 1933 specie,
1163 1883 1198 1920 ὅτ
1229 1881 1385 1920 ordine:
1422 1882 1529 1919 Deus
1556 1881 1675 1929 vero⁷
1703 1890 1819 1929 supra
1847 1890 2006 1916 omnem
2030 1889 2112 1915 mo·

162 1935 278 1986 duni7
312 1937 482 1986 speciem
511 1940 546 1977 ἃ
576 1938 755 1976 ordinem
783 1949 912 1976 rerum
942 1936 1119 1975 omnium
1149 1942 1388 1982 creatarum„
1417 1935 1545 1972 bonus
1574 1939 1642 1971 est.
1949 1983 1956 1990 .
2053 1982 2059 1988 ¹

216 2000 276 2038 27.
333 1991 418 2028 Nec
460 2003 507 2029 eo
550 1990 678 2029 minus
718 1993 742 2029 a
779 1998 918 2029 natura
957 1990 1032 2028 Dei
1068 1988 1431 2039 praedicamentum
1460 1985 1686 2037 quantitatis
1714 1984 1795 2023 siue
1823 1987 2000 2035 proprie,
2031 1994 2113 2021 Slue

159 2042 364 2094 analogice
392 2043 562 2095 dictum,
594 2043 834 2094 excluditur,
859 2045 936 2094 qua
963 2042 1156 2091 infinitus„
1185 2040 1455 2091 immutabilis,
1484 2047 1601 2090 atque
1631 2045 1811 2077 aeternus
1839 2045 1909 2097 est.
1999 2089 2006 2096 ⁶
2034 2088 2042 2095 .

218 2097 280 2134 28.
337 2097 516 2136 Infinitus
553 2097 657 2136 enim
696 2105 755 2136 est
784 2098 893 2135 Deus
924 2104 1013 2135 actu
1043 2095 1270 2146 simplieiter
1300 2107 1370 2145 per
1397 2094 1604 2132 essentiam
1633 2103 1760 2130 suam:
1791 2090 2009 2129 cuiusmodi
2032 2090 2115 2149 infi-

160 2148 261 2187 nitas
304 2151 410 2188 nulla
448 2150 532 2189 dari
559 2157 691 2202 potest
717 2151 756 2189 in
787 2152 903 2189 rebus
929 2149 1169 2189 naturalibus
1197 2156 1262 2187 aut
1290 2147 1429 2186 creatis
1458 2159 1652 2197 vnquam⁷
1681 2144 1712 2183 si
1739 2145 1899 2194 quidem
1927 2149 2116 2194 magnitu-

163 2201 247 2240 dini
278 2206 370 2241 vere
399 2205 435 2242 &
464 2205 582 2255 vulgo
612 2204 740 2243 dictae
768 2204 992 2254 opponitur.
1691 2251 1699 2258 ι
1785 2251 1793 2258 .

221 2268 282 2306 29.
338 2256 379 2294 Si
409 2263 540 2296 autem
573 2257 745 2296 infinitus
774 2264 831 2296 est
861 2264 903 2296 vt
933 2257 1094 2308 impleat
1122 2255 1274 2305 omnia,
1304 2255 1339 2292 &
1368 2261 1498 2293 tamen
1525 2265 1575 2292 ne
1604 2253 1701 2290 caeli
1728 2251 1886 2302 quidem
1916 2250 2114 2288 caelorum

167 2321 308 2359 capere
334 2309 488 2360 possint
516 2311 656 2361 ipsum.
1841 2358 1846 2364 .
2018 2355 2025 2362 .

215 2374 278 2411 30.
337 2364 476 2414 Itaque
515 2363 570 2402 sic
608 2371 666 2403 est
702 2363 740 2402 in
778 2364 895 2402 rebus
925 2363 1108 2402 omnibus
1134 2369 1175 2400 vt
1203 2369 1311 2400 extra
1341 2374 1404 2400 eas
1431 2360 1498 2399 sit:
1528 2361 1563 2398 &
1591 2359 1646 2397 sic
1673 2359 1713 2397 in
1741 2359 1924 2397 omnibus
1948 2357 2047 2395 loeis
2075 2363 2117 2414 vt

163 2426 281 2465 supra
322 2428 368 2454 ea
407 2416 471 2455 sit:
513 2430 592 2456 non
629 2430 699 2468 per
736 2424 864 2468 partes
894 2424 935 2456 vt
964 2416 1148 2455 continua
1177 2427 1373 2465 corpora:⁴
1393 2426 1475 2452 non
1504 2411 1724 2452 successiue
1751 2419 1794 2450 vt
1821 2421 1930 2470 quae⁸
1947 2416 2116 2459 tempori

159 2469 194 2506 &
245 2468 370 2507 motui
413 2477 502 2508 sunt
543 2470 734 2510 obnoxia:
779 2471 849 2509 sed
885 2477 974 2508 actu
1002 2469 1217 2508 secundum
1248 2474 1373 2506 totum
1403 2467 1532 2517 primo
1562 2468 1596 2505 δι
1625 2477 1696 2516 per
1723 2479 1763 2504 se
1791 2470 1974 2513 essentia,
2002 2475 2110 2512 prae-

163 2521 312 2572 sentia,
341 2524 377 2561 &
404 2523 581 2573 potentia
609 2535 677 2562 sua
703 2536 871 2574 semper.
1842 2571 1848 2577 ι
2093 2569 2100 2574 .

219 2587 282 2624 31.
339 2577 394 2614 Vt
422 2583 553 2615 autem
583 2576 892 2628 magnitudinem
922 2587 1120 2626 quamque
1147 2574 1335 2612 infinitate
1363 2585 1432 2613 sua
1461 2572 1614 2612 excedit
1641 2573 1771 2624 Deus,
1800 2578 1917 2610 etiam
1932 2580 2117 2608 success1-

166 2639 288 2666 onem
322 2629 357 2667 δε
386 2628 696 2669 vicissitudinem
719 2626 836 2669 vllam
866 2643 946 2668 non
978 2629 1169 2679 experitur
1200 2634 1333 2679 motu3
1360 2633 1425 2665 aut
1451 2633 1641 2677 tempore.
2029 2674 2036 2681 ι

231 2693 294 2730 32.
346 2683 481 2721 Motus
521 2683 634 2722 vllius
676 2684 714 2722 in
761 2696 844 2722 sese
885 2690 1086 2733 expertum
1128 2694 1211 2720 esse
1247 2681 1375 2719 Deum
1419 2679 1645 2730 asserimus,
1686 2690 1807 2729 quum
1834 2675 2115 2737 immutabilem

183 2735 444 2784 appellamus:
487 2745 543 2774 est
581 2738 683 2775 enini
717 2748 835 2787 purus
872 2744 981 2774 actus
1015 2736 1097 2774 sine
1124 2734 1376 2784 permistione
1403 2733 1516 2772 vllius
1544 2731 1762 2782 potentiae,
1790 2731 2117 2781 simpliciSSimuS,

169 2787 204 2825 &
239 2788 556 2837 perfectissimus.

1106 2854 1152 2887 41
1893 2850 1913 2885 3
1920 2850 1955 2886 3.
2014 2836 2113 2873 Nam
