2334 3020
264 91 337 142 362
817 104 882 129 DE
926 100 1210 129 POLITIAE
1253 102 1424 130 Mosrs
1466 102 1653 131 ossan.

266 212 383 258 vero,
412 208 636 257 exemplum
661 210 695 246 ἃ
724 207 1005 246 institutionem
1034 209 1117 247 aliis
1146 210 1423 248 exhibendam.
1452 209 1633 248 Similiter
1659 209 1724 259 qui
1740 218 1842 248 vetat
1857 211 2199 261 praestigiatricem

265 262 393 299 viuere
412 290 423 310 ,
451 261 554 298 idem
584 259 661 298 alio
693 260 731 298 in
761 262 851 299 loco
880 262 997 299 finem
1026 261 1221 301 interdicti
1248 263 1427 312 exposuit
1456 262 1764 312 euidentissime,
1799 264 1953 302 dicens:
1987 265 2199 303 Abomina-

267 313 364 352 tioni
392 320 448 350 est
479 314 651 351 Iehouae
680 313 856 363 quisquis
881 313 971 351 facit
999 313 1089 353 ista:
1121 316 1156 352 &
1185 322 1344 365 propter
1370 315 1682 354 abominationes
1710 316 1800 354 istas
1829 318 1975 355 Iehoua
1991 319 2097 356 Deus
2112 326 2199 356 tuus

265 365 420 416 expellit
448 372 582 415 gentes
612 365 702 404 istas
730 369 752 404 a
780 366 877 405 facie
905 373 983 405 tua.
1012 369 1127 406 Deut.
1163 370 1221 406 18.
1256 382 1312 406 12.
1348 382 1405 417 13.
1434 370 1588 418 Integer
1616 376 1699 406 esto
1728 380 1818 406 cum
1836 370 1981 408 Iehoua
2004 371 2091 408 Deo
2107 378 2198 419 tuo,

268 422 340 457 &a
385 417 460 456 His
502 418 645 456 etenim
688 419 815 457 verbis
857 432 938 457 non
980 421 1146 459 obscure
1176 421 1416 459 demonstrat
1444 423 1550 460 Deus
1577 422 1628 459 ad
1655 422 1818 471 gloriam
1847 422 1904 460 sui
1931 423 2121 472 nominis7
2150 425 2200 462 ad

265 471 411 522 gratiae
454 483 544 509 suae
582 472 1004 521 communicationem,
1047 475 1096 512 ad
1139 475 1300 512 salutem
1341 481 1534 524 nostram,
1575 475 1610 511 &
1639 476 1689 512 ad
1718 475 2061 514 sanctificationem
2089 477 2200 514 saluti

267 524 465 573 praeuiam
495 523 687 573 pertinere
717 526 964 564 interdictum
992 525 1115 577 istud7
1144 529 1178 565 &
1207 540 1279 565 nos
1307 528 1553 576 acquiescere
1578 526 1668 564 huic
1690 528 1896 566 interdicto
1915 536 2074 578 propter
2095 530 2198 567 hunc

265 579 387 614 finem
415 585 608 626 oportere.

319 630 431 678 Quae
464 637 592 667 autem
621 630 669 668 de
698 630 757 668 his
781 632 896 670 rebus
925 632 975 669 ad
998 631 1182 681 pietatem
1211 633 1475 682 spectantibus
1505 635 1685 674 dicuntur
1707 648 1753 672 ac
1774 636 1849 673 fine
1863 634 2045 683 ipsarum,
2061 635 2198 672 eadem

265 694 423 731 quoque
451 684 749 722 accommodari
774 697 935 722 necesse
963 693 1021 723 est
1047 686 1198 735 legibus
1228 686 1309 724 aliis
1332 687 1381 724 ad
1410 688 1690 727 humanitatem
1707 688 1742 725 δι
1758 687 2011 736 posteriorem
2027 689 2199 725 tabulam

266 736 388 774 Mosis
428 735 726 785 pertinentibus.
768 739 870 775 Nam
900 738 1076 776 omnium
1100 738 1197 777 ratio
1227 747 1284 777 est
1312 739 1469 777 eadem:
1499 753 1642 792 nempe
1672 748 1710 779 vt
1738 740 1796 778 ius
1823 747 1983 778 naturae
2011 742 2061 778 ab
2090 741 2198 778 omni

265 788 404 826 iniuria
432 788 672 838 perfidiaque
701 790 908 828 hominum
937 790 1178 841 vindicetur,
1205 793 1423 830 secundum
1451 795 1592 842 gradus
1621 795 1659 833 in
1682 801 1817 832 natura
1843 793 1927 842 ipsa
1955 793 2200 831 constitutos

267 843 367 879 Nam
392 849 597 891 parentum
618 842 658 880 in
686 842 786 881 filios
817 843 1020 893 singularis
1048 851 1105 882 est
1132 845 1362 883 auctoritas:
1405 859 1497 896 ergo
1527 847 1708 898 singulari
1738 846 1819 884 iure
1847 847 2054 884 asserenda
2078 846 2200 883 vindi-

265 895 491 943 candaque:
518 895 682 933 aliorum
711 896 749 933 in
772 896 869 934 alios
894 897 1114 935 communis
1139 905 1196 936 est
1212 898 1421 948 obligatio,
1446 906 1631 949 tanquam
1648 903 1783 938 fratres
1797 906 1934 937 natura
1948 898 2200 937 coniunctos:

265 949 427 986 Tuenda
469 960 562 997 ergo
603 950 836 998 germanitas
879 952 914 987 ἃ*
957 950 1204 989 necessitudo
1232 951 1400 989 fraterna
1428 951 1511 990 illa:
1554 953 1724 1002 denique
1755 965 1864 991 suum
1896 952 2036 1001 cuique
2065 965 2112 989 ex
2140 951 2200 989 his

266 1000 358 1050 ipsis
393 1000 578 1050 gradibus
619 1003 836 1051 praemium
879 1003 1192 1053 suppliciumque
1233 1004 1500 1042 tribuendum:
1541 1007 1576 1043 δι
1609 1006 1819 1044 videndum
1849 1018 1894 1042 ex
1924 1007 2026 1055 lege,
2060 1018 2109 1041 ne
2140 1018 2200 1042 res

266 1053 380 1091 bonis
408 1053 498 1091 viris
527 1053 667 1103 dignae
691 1055 880 1105 indignis,
909 1063 975 1093 aut
1002 1056 1183 1106 indignae
1213 1056 1339 1107 dignis
1369 1059 1631 1097 conferantur.
1662 1060 1771 1107 νόμοι
1801 1059 1870 1109 γάρ
1898 1057 2039 1106 (aiebat
2062 1058 2198 1104 Solon)

266 1107 504 1154 ἀληθέςατοι
536 1109 572 1144 οἱ
597 1108 854 1145 δικαιότατοι.
898 1109 961 1146 Ad
990 1110 1095 1147 hunc
1123 1111 1240 1148 finem
1271 1111 1375 1160 leges
1401 1124 1537 1150 omnes
1567 1120 1743 1161 spectare
1772 1124 1871 1160 quae
1899 1112 1948 1148 ab
1975 1110 2198 1148 hominibus

266 1161 440 1196 seruntur
467 1166 524 1197 est
553 1160 840 1208 aequissimum.

316 1211 638 1250 Euidentissimus
666 1220 795 1251 autem
824 1214 999 1252 omnium
1028 1222 1085 1252 est
1113 1217 1222 1253 locus
1251 1215 1314 1254 ille
1346 1216 1488 1254 Mosis:
1531 1219 1664 1256 vtzc'cus
1691 1220 1794 1255 testis
1822 1218 1861 1254 in
1903 1229 2126 1265 quemquam
2156 1230 2201 1254 ne

265 1266 416 1312 surgito
436 1272 518 1315 pro
545 1267 745 1314 z'm'qm'szzle
772 1269 873 1316 vlla,
904 1274 974 1305 aut
991 1275 1072 1318 pro
1095 1275 1248 1317 peccato
1276 1267 1372 1316 vlle„
1405 1271 1520 1307 Deut.
1558 1284 1614 1320 19.
1648 1282 1705 1321 15.
1748 1272 1846 1307 Nam
1877 1269 1947 1306 etsi
1976 1269 2067 1306 iuris
2096 1282 2200 1307 com-

268 1317 394 1355 munis
423 1325 500 1366 est„
531 1326 570 1355 vt
598 1318 817 1368 iniquitates
841 1321 876 1357 &
906 1328 1086 1370 peccata:
1114 1334 1213 1371 quae
1225 1322 1384 1371 quidem
1402 1324 1703 1372 reprehensione
1718 1322 1835 1373 digna
1850 1329 1950 1371 sunt,
1969 1323 2202 1367 deferantur,

268 1378 499 1421 caueantur,
541 1378 659 1420 atque
701 1373 962 1423 corrigantur:
1008 1381 1136 1413 tamen
1181 1377 1287 1413 Deus
1327 1383 1488 1425 propter
1529 1376 1779 1414 iustissimum
1816 1377 1931 1413 finem
1961 1375 2202 1413 sanctissime

266 1422 368 1460 cauit
396 1436 442 1461 ac
472 1424 792 1473 prudentissime„
830 1439 880 1464 ne
907 1427 1042 1465 vnicus
1071 1427 1177 1465 testis
1207 1428 1245 1466 in
1273 1440 1509 1478 quemquam
1538 1437 1730 1479 surgeret,
1773 1441 1844 1478 pro
1874 1428 2094 1466 testimonio
2125 1428 2202 1466 dic-

266 1482 372 1512 turus
415 1477 464 1514 de
492 1476 691 1525 iniquitate
721 1480 756 1516 δε
787 1487 949 1528 peccato
980 1480 1091 1518 illius.
1135 1482 1204 1519 Est
1226 1481 1383 1530 quidem
1409 1483 1758 1531 pernecessarium,
1800 1489 1841 1519 vt
1871 1483 2027 1519 tollatur
2056 1482 2202 1519 malum

267 1528 316 1565 de
345 1529 477 1567 medio
508 1530 651 1568 nostri:
681 1532 749 1569 sed
778 1532 851 1570 alia
883 1539 940 1570 est
967 1533 1065 1570 ratio
1094 1534 1247 1572 latentis
1278 1541 1343 1572 aut
1373 1535 1548 1581 obscuri„
1577 1535 1653 1573 alia
1667 1534 1858 1584 comperti
1875 1534 1986 1584 mali,
2011 1534 2042 1572 si
2057 1536 2202 1572 malum

265 1588 330 1619 aut
358 1583 472 1631 plane
502 1584 636 1632 lateat7
666 1591 731 1621 aut
758 1585 823 1623 vni
852 1587 978 1623 solum
1006 1585 1115 1635 testi,
1143 1594 1208 1625 aut
1234 1587 1408 1637 pluribus
1437 1595 1682 1638 compertum
1711 1588 1769 1626 sit.
1800 1587 1890 1636 quia
1919 1587 1949 1625 si
1978 1586 2085 1624 cuius
2113 1587 2203 1624 mali

266 1634 380 1672 nullis
417 1634 523 1673 testis
563 1643 639 1685 est,
679 1637 819 1676 nullius
849 1641 1047 1687 praeterea
1075 1640 1227 1677 laborat
1255 1640 1509 1678 conscientia:
1544 1642 1638 1680 latet
1667 1641 1782 1679 enim.
1807 1641 1838 1679 si
1867 1639 1975 1677 cuius
2005 1648 2135 1677 autem
2160 1641 2200 1688 (f.

271 1689 385 1736 1507)
414 1688 505 1726 mali
537 1689 672 1727 vnicus
702 1690 809 1728 testis
839 1700 916 1739 est5
947 1693 1098 1730 laborat
1127 1693 1285 1741 quidem
1314 1692 1413 1731 illius
1441 1693 1697 1742 conscientia„
1726 1694 1795 1732 sed
1822 1693 2084 1731 inconsultum
2101 1695 2201 1731 foret

266 1740 378 1778 vnius
420 1741 538 1779 solius
580 1742 750 1781 hominis
792 1744 1054 1782 conscientiae
1096 1746 1267 1795 permitti
1296 1745 1414 1784 vitam
1443 1747 1617 1785 alterius:
1657 1760 1749 1784 nam
1778 1746 1848 1784 etsi
1875 1748 1952 1784 hoc
1979 1758 2059 1783 non
2086 1747 2201 1794 plane

267 1794 378 1842 latet,
423 1795 635 1832 obscurum
659 1795 744 1833 aliis
773 1804 830 1834 est
858 1804 1007 1845 tamen3
1050 1797 1088 1834 in
1118 1799 1232 1836 rebus
1261 1806 1389 1836 autem
1418 1799 1592 1838 obscuris
1621 1800 1957 1843 interpretationes
1982 1798 2201 1847 iudiciaque

266 1846 434 1895 benigna
476 1855 565 1885 sunt
607 1849 892 1897 amplectenda.
949 1850 1054 1888 Finis
1084 1864 1178 1900 ergo
1207 1851 1314 1889 istius
1342 1852 1436 1901 legis
1467 1859 1543 1901 est7
1587 1865 1667 1890 non
1690 1860 1730 1890 vt
1758 1853 1900 1890 feratur
1927 1851 2108 1900 iniquitas
2136 1858 2201 1888 aut

267 1907 472 1947 peccatum
503 1900 731 1950 cuiusquam
762 1902 1004 1951 simpliciter„
1034 1904 1104 1941 sed
1132 1904 1260 1952 potius
1289 1911 1329 1942 vt
1358 1906 1458 1943 vitae
1485 1906 1679 1943 humanae
1707 1906 1895 1943 habeatur
1923 1904 2020 1942 ratio
2044 1903 2201 1954 diligen-

266 1951 430 2000 tissime,
460 1965 509 1991 ne
538 1966 707 2003 vnquam
739 1955 976 2004 periclitetur
1003 1959 1165 2001 temere,
1196 1970 1290 2003 nec„
1318 1957 1390 1995 nisi
1414 1965 1521 1996 certo
1536 1959 1814 2008 exploratoque
1830 1957 1994 2008 iudicio,
2019 1957 2201 2006 cuiquam

265 2005 470 2043 adimatur.
513 2007 603 2044 Non
634 2015 733 2045 esset
761 2016 890 2046 autem
919 2016 1068 2046 certum
1100 2011 1420 2060 exploratumque
1444 2012 1615 2049 futurum
1644 2011 1828 2049 iudicium
1858 2010 1974 2057 illud,
2011 2009 2120 2048 cuius
2149 2010 2202 2047 in-

265 2064 370 2095 certa
407 2059 602 2108 cognitio:
646 2073 720 2098 nec
764 2069 871 2099 certa
909 2063 1036 2100 sutura
1064 2062 1256 2112 cognitio5
1302 2063 1333 2100 si
1359 2065 1409 2101 ab
1434 2077 1512 2102 vno
1541 2066 1668 2102 solum
1696 2071 1791 2102 teste
1819 2065 2069 2114 procederet:
2111 2062 2201 2112 quia

267 2122 362 2148 vnus
391 2111 497 2149 testis
526 2115 581 2160 (vt
610 2113 750 2150 dicitur
777 2115 910 2165 vulgo)
940 2117 1068 2153 nullus
1097 2115 1215 2154 testis.
1245 2116 1373 2164 Quem
1403 2129 1522 2154 vnum
1552 2124 1687 2155 testem
1709 2129 1798 2155 cum
1814 2116 1945 2154 animo
1960 2128 2030 2154 suo
2046 2122 2200 2165 oportet

265 2170 458 2214 statuere,
485 2167 508 2202 a
537 2166 624 2203 Deo
655 2166 843 2215 supprimi
871 2175 1077 2217 peccatum
1107 2170 1142 2206 &
1171 2169 1436 2218 cognitionem
1466 2170 1587 2218 illius„
1616 2170 1647 2207 si
1674 2171 1803 2219 plures
1832 2183 1911 2207 non
1939 2176 2026 2207 sunt
2041 2168 2201 2216 conscij,

264 2229 310 2253 ac
338 2220 545 2266 propterea
574 2219 624 2256 de
652 2221 863 2269 retegendo
892 2223 1213 2270 persequendove
1241 2222 1368 2260 alieno
1399 2224 1500 2260 facto
1530 2222 1719 2272 laborari,
1749 2224 1839 2261 cum
1863 2222 1963 2260 illius
1992 2221 2082 2260 facti
2109 2233 2198 2270 cog-

265 2268 456 2307 nitionem
485 2279 704 2319 praeuertat
732 2274 857 2321 Deus,
889 2275 941 2312 ab
969 2274 1054 2323 ipso
1083 2274 1240 2312 minime
1269 2282 1462 2324 oportere.

316 2322 433 2360 Thes.
468 2336 525 2372 13.
556 2325 638 2361 His
666 2327 786 2363 tribus
814 2328 935 2364 modis
963 2339 1063 2376 quos
1085 2328 1272 2365 hactenus
1287 2328 1554 2378 exposuimus,
1571 2328 1732 2378 perinde
1754 2330 1893 2379 species
1906 2327 2200 2376 legumeaependl

264 2376 376 2424 solet,
405 2378 533 2414 vtrscm
561 2378 679 2414 bonae
706 2380 802 2428 sint,
831 2393 883 2416 (m
911 2382 1056 2429 malae,
1084 2393 1131 2418 ac
1158 2381 1365 2419 momentis
1389 2381 1704 2431 ponderibusque
1733 2394 1794 2420 res
1822 2394 1890 2419 eae
1911 2393 2010 2431 quae
2025 2380 2200 2430 pondere

264 2435 445 2466 constant
485 2429 536 2467 ad
575 2430 758 2468 trutinam
788 2433 955 2482 expendi
984 2434 1135 2471 solent:
1181 2434 1232 2471 Et
1259 2434 1594 2483 quemadmodum
1622 2446 1805 2472 nummus
1834 2435 2132 2484 περιχάρακτος,
2160 2431 2200 2469 id

263 2486 339 2529 est,
381 2481 531 2520 accisus
572 2484 607 2521 ἃ
650 2483 818 2522 minutus
859 2486 1035 2534 pondere
1069 2486 1118 2525 ad
1160 2485 1304 2524 iustum
1344 2499 1457 2525 suum
1491 2487 1798 2537 aequipondium
1838 2485 2108 2536 cognoscitur,
2148 2484 2199 2522 ita

262 2532 379 2570 etiam
421 2534 479 2572 his
521 2535 650 2574 modis
690 2537 883 2576 humanae
922 2539 1039 2588 leges.
1071 2540 1172 2577 Nam
1199 2540 1337 2577 harum
1365 2541 1494 2589 legum
1524 2553 1588 2577 eae
1615 2546 1813 2578 censentur
1839 2540 1969 2588 bonae,
1997 2550 2095 2586 quae
2120 2539 2200 2575 tria

261 2586 354 2623 llaec
382 2594 567 2625 momenta
601 2590 823 2627 coniunctim
851 2592 1035 2630 obtinent:
1065 2593 1197 2630 contra
1225 2594 1316 2632 verz>
1343 2594 1467 2630 malae
1493 2593 1683 2631 habentur
1709 2606 1795 2643 eae,
1832 2593 1882 2630 ἐφ’
1909 2593 2034 2629 malae
2059 2602 2199 2627 reuera

262 2644 362 2687 szmt,
391 2653 489 2688 quae
516 2642 773 2679 destituuntur
792 2645 862 2681 *vel
885 2658 958 2682 vno
985 2646 1155 2682 illorum.
1186 2646 1236 2683 Et
1264 2645 1296 2683 si
1323 2645 1517 2684 interdum
1546 2645 1584 2683 in
1615 2646 1764 2695 legibus
1787 2644 1985 2690 humanis,
2013 2642 2199 2692 quemad-

262 2692 424 2729 modum
455 2695 490 2730 &
518 2694 745 2745 actonibus,
776 2696 870 2733 illud
898 2709 969 2734 vsu
999 2697 1123 2746 uenit,
1154 2705 1193 2735 vt
1221 2697 1418 2736 obiectum
1448 2700 1483 2736 &
1518 2698 1602 2736 finis
1634 2711 1766 2736 earum
1796 2697 1898 2735 idem
1927 2695 2088 2734 omnino
2103 2695 2198 2743 sint,

262 2745 296 2780 St
334 2757 394 2783 res
431 2759 507 2784 vna
543 2747 759 2796 eademque
792 2748 838 2786 sit
866 2749 1039 2787 eiusdem
1067 2750 1162 2800 legis
1190 2758 1256 2789 aut
1283 2751 1446 2789 actionis
1475 2753 1667 2790 humanae
1694 2751 1891 2789 obiectum
1919 2752 1956 2839 ἕ
1983 2747 2090 2808 ῇῃίε,
2129 2748 2199 2786 sed

1948 2808 2200 2850 istmguantur
