2334 3020
834 129 1101 156 ElRENICl
1143 126 1281 155 PARS
1326 127 1349 153 1.
1966 119 2039 157 405

844 286 1172 324 PSALMVS
1219 297 1304 322 122.

422 431 454 455 1.
497 418 646 455 Laetor
672 417 717 453 de
743 415 951 453 dicentibus
979 414 1093 460 milei,
1120 414 1270 451 Eamus
1300 414 1340 450 in
1369 413 1518 449 domum
1548 411 1729 448 Iehouae.

158 553 287 592 Huius
316 551 453 603 psalmi
481 550 587 589 Finis
616 558 691 599 est,
722 558 761 588 vt
790 551 898 588 Deus
927 549 965 587 in
995 549 1171 588 Ecclesia
1186 559 1254 587 sua
1268 547 1504 598 glorificetur
1519 547 1619 584 intus
1634 543 1838 593 fide,foris
1854 541 2045 591 obsequio

106 607 197 646 fidei
226 607 487 655 omnibusque
517 604 654 642 officiis
684 603 854 654 pietatis,
882 603 920 641 in
947 603 1092 640 vnitate
1122 601 1285 652 Spiritus
1313 613 1383 650 per
1412 599 1611 638 vinculum
1642 596 1761 648 pacis.
1790 598 1949 634 Summa
1977 602 2046 641 est,

103 663 290 699 Fructum
320 658 482 709 Spiritus
510 657 549 695 in
578 657 762 696 omnibus
789 656 862 707 piis
892 669 975 694 esse
1002 655 1187 706 gaudium
1217 653 1407 704 spiritale,
1437 654 1471 690 δι
1501 664 1639 702 pacem
1668 651 1707 689 in
1735 649 1897 699 iustitia,
1932 661 2048 697 quam

103 726 240 764 pacem
269 714 377 751 Deus
405 711 444 749 in
476 711 634 750 Christo
665 710 822 761 publice
850 709 958 748 dedit
986 708 1209 758 Ecclesiae,
1233 706 1442 757 &singulis
1457 705 1640 744 membris
1659 703 1834 749 illius,in
1851 715 1905 748 se,
1933 709 2049 750 atque

104 767 203 805 inter
242 778 282 803 se
320 765 528 804 colendam
567 776 658 802 cum
696 765 784 802 Deo
818 765 853 802 &
881 763 1098 801 secundum
1129 763 1270 800 Deum.
1299 762 1417 798 Rom.
1452 772 1590 807 1417.
1632 759 1763 795 Partes
1794 756 1922 805 itaque
1951 755 2051 792 duae

101 826 211 858 sunt:
242 820 344 856 Nam
373 818 542 868 primum
571 816 744 867 loquitur
772 818 919 854 Psaltes
948 816 997 854 de
1026 815 1186 866 spiritali
1215 813 1372 864 piorum
1401 812 1546 863 gaudio
1576 811 1613 849 in
1645 809 1801 849 Christo
1825 807 2050 848 &Ecclesia

103 873 204 911 eius:
243 872 293 909 ad
327 871 436 921 quod
474 871 660 921 gaudium
700 883 838 908 omnes
866 869 1045 908 homines
1081 880 1261 906 sermone
1290 866 1421 905 salutis
1449 868 1483 905 &
1514 865 1695 913 exemplo
1722 862 1877 913 piorum
1907 874 2048 912 prouo-

104 933 254 972 cantur,
284 925 457 974 quinque
486 924 686 962 versibus:
716 923 870 961 Deinde
897 925 991 961 vero
1019 935 1096 972 pax
1125 922 1189 960 illa
1214 920 1433 959 ostenditur
1456 930 1573 968 quam
1590 915 1766 955 Ecclesia
1781 916 1893 964 colit,
1910 928 1956 952 ex
1973 927 2051 963 quo

103 979 259 1017 caelesti
286 978 352 1016 illo
382 977 527 1028 gaudio
556 977 683 1027 (quod
713 977 836 1014 modo
863 975 1046 1023 diximus)
1076 975 1230 1025 perfusa
1247 982 1323 1023 est,
1351 979 1520 1022 quatuor
1535 970 1711 1009 versibus
1727 969 1868 1007 vltimis
1885 970 1924 1017 (f.
1943 969 2049 1017 685).

154 1034 380 1080 Antequam
410 1033 504 1069 vero
533 1031 581 1068 de
610 1029 669 1068 his
697 1029 872 1079 partibus
901 1028 1082 1067 distincte
1112 1027 1298 1075 dicimus,
1328 1039 1408 1064 non
1437 1033 1494 1064 est
1519 1023 1804 1075 praetereunda
1819 1021 1970 1059 silentio
1987 1021 2052 1058 illa

104 1084 281 1130 occasio,
311 1096 411 1134 quae
441 1083 518 1122 suis
546 1083 791 1133 temporibus
818 1082 1014 1120 Dauidem
1044 1080 1227 1120 excitauit
1257 1087 1298 1118 vt
1327 1080 1432 1117 hunc
1461 1076 1747 1117 sanctissimum
1777 1077 1971 1125 psalmum
2000 1075 2049 1111 ad

105 1138 272 1189 gloriam
304 1137 380 1175 Dei
408 1138 630 1175 canendum
657 1136 858 1174 Ecclesiae
881 1136 1064 1174 traderet.
1095 1133 1280 1183 Quisquis
1296 1135 1356 1171 vel
1372 1131 1623 1170 mediocriter
1636 1131 1675 1168 in
1690 1128 1857 1167 lectione
1872 1128 2054 1166 historiae

106 1205 238 1230 sacrae
279 1198 453 1229 versatus
483 1197 560 1239 est,
598 1202 678 1228 non
706 1189 860 1240 ignorat
888 1188 1041 1238 quantis
1069 1186 1364 1226 difficultatibus
1391 1185 1483 1223 inde
1511 1187 1535 1222 a
1562 1190 1689 1222 morte
1717 1184 1856 1220 Iosuae
1885 1182 2052 1231 populus

105 1245 179 1283 Dei
210 1244 470 1293 laborauerit,
499 1243 537 1281 in
566 1243 737 1293 peccatis
768 1242 844 1281 suis
872 1254 1044 1291 mersus,
1074 1242 1109 1279 &
1138 1241 1177 1279 in
1206 1239 1317 1278 malis
1346 1237 1641 1288 quamplurimis
1671 1235 1774 1273 varie
1789 1242 1950 1284 propter
1966 1247 2052 1284 pec-

104 1305 191 1336 cata
220 1309 287 1335 sua
315 1299 338 1334 a
367 1298 454 1335 Deo
486 1296 698 1335 exercitus:
729 1298 751 1334 a
780 1295 922 1345 quibus
951 1294 1062 1332 malis
1092 1293 1164 1332 etsi
1192 1293 1387 1332 interdum
1414 1293 1535 1341 longo
1563 1290 1771 1328 interuallo
1790 1289 2051 1335 recreabatur,

101 1351 350 1389 liberationes
379 1349 527 1399 aliquas
557 1349 689 1388 diuina
718 1361 837 1387 manu
861 1348 1101 1398 adipiscens,
1118 1355 1248 1385 tamen
1262 1358 1312 1384 ne
1333 1344 1522 1384 Samuelis
1538 1343 1697 1393 quidem
1713 1341 1832 1392 ipsius
1848 1348 1913 1378 aut
1928 1340 2051 1378 Saulis

103 1404 345 1453 temporibus
393 1403 508 1441 fuisse
550 1403 623 1453 piis
665 1401 907 1452 refrigerium
938 1405 995 1451 (vt
1022 1413 1112 1439 cum
1141 1399 1332 1450 scriptura
1359 1399 1513 1448 loquar)
1542 1395 1752 1443 eiusmodi3
1787 1407 1833 1432 ac
1862 1402 1952 1444 post
1980 1393 2052 1431 illis

105 1456 270 1507 contigit
300 1458 419 1506 quam
447 1456 579 1494 Dauid
609 1456 647 1494 in
676 1467 840 1506 regnum
870 1461 1028 1494 euectus
1059 1461 1138 1499 est,
1167 1460 1283 1502 atque
1312 1452 1351 1490 in
1380 1464 1427 1490 eo
1458 1452 1722 1489 confirmatus.
1765 1450 1883 1486 Hanc
1911 1446 2052 1485 consti-

103 1510 294 1548 tutionem
323 1509 518 1548 Dauidem
548 1516 793 1558 assecutum,
823 1509 913 1546 cum
941 1507 1000 1546 sui
1028 1507 1171 1558 officij,
1207 1514 1289 1544 tum
1318 1505 1538 1544 diuinarum
1567 1503 1604 1541 in
1634 1505 1719 1553 lege
1747 1500 2053 1552 promissionum

105 1564 397 1614 recordantem,
427 1563 475 1602 de
505 1576 596 1601 arca
623 1561 792 1601 foederis
820 1561 860 1600 in
890 1561 1088 1600 ciuitatem
1111 1572 1221 1599 suam
1236 1558 1506 1609 importanda,
1534 1557 1707 1596 &domo
1724 1554 1938 1593 extruenda
1953 1553 2053 1593 serio

105 1616 359 1667 cogitauisse:
396 1627 566 1666 quorum
602 1615 733 1666 prius,
769 1615 809 1654 id
848 1622 927 1662 est,
966 1627 1079 1652 arcae
1115 1612 1342 1664 importatio
1378 1611 1416 1650 in
1446 1610 1644 1649 ciuitatem
1671 1607 1853 1658 Dauidis,
1891 1607 2054 1657 contigit

105 1669 261 1708 viuente
290 1669 398 1719 ipso:
428 1669 642 1719 posterius,
672 1670 814 1707 domus
843 1667 1087 1713 aedificatio,
1115 1667 1155 1705 in
1183 1675 1337 1716 tempus
1365 1665 1430 1714 filij
1452 1664 1639 1703 reiectum
1655 1670 1724 1701 est.
1757 1676 1775 1699 2
1794 1662 1897 1700 Sam.
1914 1663 1950 1699 6.
1967 1663 2001 1699 &
2018 1674 2052 1709 7.

104 1724 204 1762 Cum
233 1731 365 1761 autem
394 1736 435 1760 re
463 1723 501 1761 in
531 1721 739 1761 consilium
767 1721 905 1772 missa,
933 1734 1025 1759 arca
1052 1720 1116 1758 illa
1143 1719 1219 1758 Dei
1248 1719 1287 1757 in
1305 1719 1537 1768 tentorium,
1567 1717 1676 1767 quod
1691 1715 1822 1753 Dauid
1836 1721 2052 1764 parauerat,

106 1776 307 1814 inferenda
342 1783 460 1826 esset,
496 1775 765 1815 celebritatem
800 1774 915 1813 fuisse
953 1773 1164 1812 maximam
1199 1776 1222 1812 a
1254 1773 1410 1811 Dauide
1437 1772 1667 1821 imperatam
1694 1768 1744 1806 ad
1773 1767 2051 1806 deducendum

105 1843 237 1868 arcam
275 1830 445 1867 Iehouae
479 1829 519 1867 in
554 1832 686 1868 locum
725 1828 827 1878 eius,
866 1839 982 1878 quem
1021 1834 1226 1878 parauerat
1262 1826 1318 1865 ei:
1356 1827 1392 1864 &
1426 1823 1664 1863 alacritatem
1694 1834 1887 1859 summam
1916 1827 1999 1858 tum
2026 1822 2050 1858 a

104 1882 373 1921 sacerdotibus
403 1883 649 1933 Leuiti'sque,
678 1889 760 1920 tum
791 1884 814 1920 a
843 1881 1098 1932 popularibus
1127 1880 1285 1930 singulis
1310 1878 1543 1928 exhibitam,
1572 1876 1666 1927 sibi,
1690 1875 1940 1914 &Ecclesiae
1955 1874 2048 1924 toti,

105 1941 306 1986 regnoque
335 1937 436 1974 hanc
463 1936 539 1975 Dei
566 1936 729 1986 gratiam
757 1935 1040 1985 gratulantibus
1068 1941 1249 1984 expertus
1278 1940 1348 1972 est.
1382 1946 1396 1970 1
1428 1930 1613 1970 Chronic.
1648 1940 1705 1979 15.
1724 1931 1759 1967 δι
1779 1930 1839 1967 16.
1867 1927 1932 1965 Ad
1946 1928 2048 1965 hanc

105 1989 219 2040 igitur
252 1989 503 2027 occasionem
533 1990 622 2027 cum
650 1988 782 2027 Dauid
810 1994 1006 2027 anteactas
1034 1987 1159 2038 gentis
1187 1999 1280 2025 suae
1309 1989 1344 2025 ἃ
1372 1985 1572 2023 Ecclesiae
1600 1983 1674 2021 Dei
1702 1981 1942 2020 calamitates
1971 1993 2049 2018 me-

107 2042 233 2081 moria
261 2049 470 2092 repetetet,
500 2042 798 2093 praesentiaque
827 2041 1018 2080 beneficia
1045 2053 1136 2079 cum
1164 2040 1237 2079 illis
1266 2044 1530 2089 compararet,
1559 2038 1610 2075 ad
1639 2037 1716 2074 hoc
1744 2034 1941 2073 canticum
1963 2047 2049 2072 exa-

107 2096 272 2134 randum
314 2096 673 2146 deponendumque
703 2096 742 2134 in
769 2094 947 2134 Ecclesia
974 2094 1045 2132 fuit
1071 2100 1230 2133 auctore
1257 2092 1334 2132 Dei
1360 2092 1496 2142 spiritu
1522 2091 1734 2140 adductus;
1760 2095 1802 2126 vt
1830 2087 1875 2126 ea
1898 2087 2049 2126 ratione

108 2155 289 2187 testatum
331 2150 497 2199 faceret,
526 2163 567 2188 se
595 2156 678 2187 tum
705 2161 835 2187 rerum
861 2147 1143 2198 praesentium,
1173 2158 1271 2197 quas
1297 2146 1457 2185 videbat
1484 2143 1627 2193 oculis,
1655 2149 1738 2181 tum
1766 2141 1919 2179 illarum
1953 2152 2050 2190 quas

108 2202 237 2240 animo
268 2204 452 2241 cernebat
481 2202 520 2240 in
550 2202 728 2240 Ecclesia
755 2203 848 2253 Dei,
877 2208 1108 2252 argumento
1133 2201 1184 2239 ad
1211 2201 1312 2238 hanc
1339 2197 1674 2250 praedicationem
1689 2194 1862 2234 diuinam
1879 2194 2049 2232 excitari.

107 2255 277 2294 Videbat
305 2255 409 2294 enim
439 2257 627 2306 populum
654 2267 766 2294 suum
795 2257 845 2294 ab
873 2256 986 2293 hoste
1014 2255 1244 2304 liberatum,
1274 2266 1314 2292 se
1330 2265 1463 2303 regem
1479 2250 1730 2300 tranquillum
1745 2249 2048 2297 datum,locum

110 2309 278 2347 electum
307 2310 330 2346 a
357 2311 446 2347 Deo
475 2310 740 2359 designatum,
780 2310 922 2346 Arcam
951 2308 1025 2346 Dei
1053 2308 1278 2358 symbolum
1306 2305 1499 2357 gratiosae
1526 2302 1768 2354 praesentiae
1797 2301 1877 2339 eius
1905 2301 2048 2350 impor-

108 2368 228 2400 tatam
263 2361 301 2399 in
339 2362 536 2401 ciuitatem
565 2374 697 2412 suam,
736 2363 925 2412 populum
952 2363 1064 2411 Deo,
1098 2360 1220 2410 Regi,
1249 2362 1284 2398 &
1313 2359 1386 2398 sibi
1413 2359 1690 2409 gratulantem,
1719 2354 1852 2393 omnia
1881 2353 2049 2403 denique

107 2414 287 2453 laudibus
316 2418 351 2454 &
378 2417 516 2465 plausu
545 2416 700 2466 piorum
729 2414 980 2465 personantia
1009 2415 1059 2452 de
1087 2421 1146 2452 tot
1173 2417 1368 2462 tantisque
1394 2410 1564 2461 acceptis
1590 2407 1802 2448 beneficiis.
1846 2408 1924 2446 Sed
1951 2408 2050 2445 haec

107 2469 294 2517 quantula
333 2470 509 2520 fuerunt,
550 2468 582 2507 si
611 2481 701 2507 cum
730 2468 985 2518 spiritalibus,
1015 2479 1116 2516 quae
1144 2467 1220 2504 iam
1247 2473 1331 2504 tum
1359 2466 1546 2503 cernebat
1566 2462 1717 2512 animo,
1747 2457 2049 2511 comparentur?

110 2521 307 2559 Cernebat
335 2523 526 2572 populum
554 2521 630 2560 Dei
657 2523 708 2560 ab
735 2523 848 2561 hoste
877 2520 1019 2559 Satana
1041 2520 1248 2558 liberatum
1272 2519 1311 2558 in
1327 2519 1482 2558 Christo
1497 2518 1747 2566 redemptore
1759 2522 1916 2553 nostro:
1946 2515 2050 2551 hunc

109 2587 243 2624 regem
269 2575 378 2624 pacis
406 2577 430 2613 a
456 2577 544 2614 Deo
574 2576 728 2626 datum,
758 2587 877 2625 quem
905 2574 1165 2612 adumbrabat
1189 2573 1341 2611 Dauid:
1370 2573 1501 2610 Deum
1531 2569 1604 2608 sibi
1632 2572 1667 2608 &
1697 2567 1897 2606 Ecclesiae
1924 2566 1995 2605 toti
2010 2566 2048 2604 in

110 2626 267 2666 Christo
304 2641 388 2667 esse
419 2627 774 2678 praesentissimum
810 2627 996 2678 singulari
1021 2625 1240 2677 praesentia
1269 2625 1416 2676 gratiae
1445 2637 1516 2675 per
1542 2621 1939 2661 communicationem
1977 2620 2050 2670 spi-

111 2680 229 2732 ritus,
267 2682 303 2719 &
338 2681 582 2720 mansionem
615 2681 722 2731 apud
756 2694 797 2720 se
832 2682 1101 2731 populumque
1138 2691 1250 2718 suum
1279 2679 1474 2717 statuisse:
1511 2676 1596 2727 pios
1625 2688 1762 2714 omnes
1788 2675 2050 2712 acclamantes

114 2733 205 2772 huic
242 2735 485 2773 sanctissimo
519 2735 597 2773 Dei
632 2734 839 2773 aduentui:
877 2733 1059 2784 Denique
1095 2734 1194 2772 haec
1227 2731 1359 2771 omnia
1385 2730 1607 2782 plenissime
1633 2731 1656 2767 a
1683 2728 1839 2768 Christo
1867 2738 2047 2765 consum-

116 2787 283 2839 manda,
310 2795 394 2827 tum
422 2789 551 2839 priore
578 2789 751 2828 aduentu
777 2787 920 2838 ipsius,
957 2788 1048 2826 cum
1079 2799 1209 2826 sermo
1237 2787 1362 2825 factus
1390 2791 1448 2824 est
1477 2785 1603 2832 Caro,
1631 2784 1666 2821 &
1695 2780 1981 2821 consummauit
2009 2780 2047 2818 in

1863 2847 1903 2873 se
1931 2846 2047 2883 quae-
