2334 3020
806 104 876 131 DE
917 105 1063 132 VERA
1104 104 1455 134 THEOLOGIA.
2038 92 2112 147 49'

167 211 407 264 Theologiae
440 211 660 262 quicunque
701 211 917 249 intellectus
958 212 1104 262 solum,
1140 219 1206 250 aut
1239 212 1440 261 scientiae,
1477 219 1543 250 aut
1570 212 1661 251 artis
1691 212 1852 252 nomine
1881 226 1966 251 eam
1997 214 2088 251 defi-

167 266 296 305 niunt:
326 277 415 304 curn
442 265 660 303 intellectus
687 264 727 302 in
750 264 947 314 principiis
975 264 1163 303 duntaxat
1191 265 1339 315 positus
1371 264 1562 304 rationem
1590 265 1747 317 fundat,
1775 268 1810 304 δε
1839 278 1938 316 opus
1964 266 2090 316 ipsum

167 319 346 370 rationis,
387 318 495 368 quod
535 318 773 367 appellamus
811 317 1165 368 ratiocinationem,
1203 324 1396 357 exerceat:
1431 318 1598 357 Scientia
1633 331 1681 357 ex
1714 319 1908 369 principiis
1942 319 2091 358 ratione

158 372 256 411 iusta
296 383 383 410 suas
424 372 697 410 conclusiones
738 370 873 408 faciat:
916 372 990 408 Ars
1031 383 1126 410 vero
1168 372 1218 410 ab
1259 371 1457 410 intellectu
1495 371 1732 422 scientiaque
1766 373 2017 422 proficiscens
2050 371 2090 410 in

158 426 289 475 aliquo
318 437 437 475 opere
464 424 704 462 terminetur.
745 424 798 461 At
825 424 923 461 haec
950 424 1082 462 onmia
1109 423 1222 462 simul
1249 424 1468 475 Theologia
1495 431 1628 463 nostra
1657 424 2090 477 comprehendit3prin-

160 479 349 528 cipiorum
386 477 644 524 intellectum,
681 476 979 515 conclusionum
1008 476 1452 527 determinationumque
1481 477 1699 529 scientiam,
1728 480 1764 516 δε
1792 477 1920 528 operis
1948 478 2089 528 nostri,

158 538 346 580 quatenus
374 530 424 568 ad
451 531 580 568 Deum
610 529 904 580 contendimus,
932 536 1053 568 artem
1082 529 1391 569 saluberrimam:
1421 541 1520 580 quae
1549 530 1681 569 omnia
1704 530 1800 569 nihil
1820 532 1955 581 plane,
1979 542 2087 581 prae-

156 590 333 634 terquam
362 582 572 635 sapientia,
598 582 769 621 iudicare
798 586 904 621 certo
934 589 1081 634 potest,
1111 590 1178 621 aut
1206 584 1418 622 commode
1448 583 1653 635 ordinare,
1681 589 1748 622 aut
1775 590 1970 634 praestare
1994 585 2090 622 salu-

157 637 298 676 tariter.
341 636 454 685 Quae
494 647 584 675 cum
622 636 675 674 ita
711 637 802 687 sint,
838 649 918 674 non
946 642 1076 686 potest
1104 636 1346 687 Theologiae
1376 637 1491 675 statui
1517 638 1638 675 vllum
1665 636 1771 675 aliud
1799 649 1943 688 genus,
1972 648 2090 687 quam

156 688 364 740 sapientia,
392 689 442 728 de
468 689 666 740 principiis
693 688 943 728 scientiarum
969 688 1009 727 in
1032 690 1254 739 Intellectu,
1282 691 1318 728 Sc
1343 689 1392 728 de
1416 689 1733 729 conclusionibus
1749 702 1880 728 earum
1895 689 2090 739 iudicans,

156 745 192 782 δι
232 743 364 781 omnia
398 743 437 781 vi
478 755 546 781 sua
579 744 844 792 complectens
873 753 974 792 quae
1002 742 1053 780 ad
1082 742 1364 792 perfectionem
1394 742 1522 781 omnis
1551 742 1646 782 boni
1674 751 1764 782 sunt
1789 742 2026 791 necessaria,
2055 745 2091 781 &

157 795 202 834 iis
230 795 412 834 omnibus
438 803 550 835 vtens
578 795 871 845 sapientissime.

210 849 318 887 Huic
345 856 475 888 autem
503 849 635 900 generi
663 848 919 887 differentiam
947 859 1057 886 suam
1085 850 1120 886 ἅτ
1148 847 1453 898 propriissimam
1481 851 1538 897 (vt
1565 847 1619 887 ita
1646 847 1837 898 dieamus)
1866 856 1972 888 certe
1986 848 2092 888 vide-

159 914 245 940 mur
285 901 490 954 adhibere,
533 914 653 952 quum
691 915 778 940 eam
815 899 978 939 dicimus
1014 913 1097 940 esse
1126 902 1368 939 Diuinarum
1395 914 1526 939 rerum
1557 900 1800 951 sapientiam.
1839 901 2003 942 Diuinas
2030 915 2091 941 res

159 967 279 1005 quum
319 957 579 1006 appellamus,
617 954 808 1004 triplicem
844 956 901 1003 (vt
933 954 986 992 ita
1013 953 1206 1004 dicamus)
1233 953 1418 992 virtutem
1446 954 1793 1004 conditionemque
1821 955 2090 994 admirabilem

158 1008 198 1046 in
225 1008 279 1046 eis
307 1009 618 1059 complectimur.
660 1008 852 1058 Primum,
882 1006 990 1056 quod
1019 1007 1219 1044 obiectum
1240 1006 1416 1044 diuinum
1438 1014 1517 1058 est,
1534 1007 1637 1045 circa
1651 1008 1759 1056 quod
1774 1016 1949 1046 versatur
1962 1009 2091 1046 Theo-

158 1061 280 1112 logia:
323 1061 497 1109 Deinde,
536 1061 645 1111 quod
680 1061 822 1099 modus
859 1058 1069 1108 sapientiae
1096 1059 1197 1097 illius
1228 1058 1382 1097 diuinus
1410 1067 1488 1097 est:
1518 1062 1622 1097 Tum
1653 1060 1841 1111 denique,
1869 1062 1979 1110 quod
2005 1060 2091 1099 finis

159 1115 275 1152 etiam
304 1114 457 1153 diuinus
484 1122 542 1153 est
569 1128 615 1153 ac
642 1112 957 1164 perfectissimus.
985 1124 1080 1161 quas
1106 1119 1184 1150 tres
1212 1111 1372 1150 virtutes
1401 1111 1481 1150 siue
1509 1111 1754 1151 conditiones
1782 1113 1897 1152 simul
1917 1113 1955 1152 in
1979 1113 2092 1152 ratio-

157 1179 249 1205 nem
276 1167 416 1207 iustam
444 1179 533 1206 cum
561 1166 807 1206 scientiarum
823 1165 1000 1204 omnium
1016 1166 1262 1215 Θεωρητικών
1290 1166 1354 1201 καὶ
1383 1171 1623 1215 πρακτικῶν,
1639 1173 1721 1203 tum
1736 1166 1945 1215 sapientiae
1959 1167 2092 1216 huius,

157 1232 290 1258 earum
328 1220 502 1260 omnium
543 1221 656 1259 facile
692 1218 900 1270 principis,
937 1228 1036 1267 opus
1066 1225 1124 1255 est
1153 1228 1398 1255 concurrere.
1427 1218 1529 1255 Nam
1559 1218 1640 1256 sive
1667 1219 1718 1256 ad
1747 1218 1945 1258 obiectum
1973 1227 2091 1257 mate-

157 1273 302 1312 riamve
328 1273 441 1312 huius
468 1273 679 1323 sapientiae
708 1271 944 1322 respexeris,
972 1271 1080 1308 Deus
1108 1276 1186 1320 est,
1215 1271 1251 1307 Sc
1279 1268 1466 1319 quicquid
1494 1269 1570 1309 Dei
1597 1278 1673 1322 est,
1701 1272 1736 1309 &
1765 1271 2090 1321 quicquidaDeo

159 1334 239 1377 est,
267 1334 384 1376 atque
411 1327 462 1365 ad
490 1328 618 1365 Deum
646 1324 867 1365 ordinatur:
898 1323 979 1361 siue
1000 1323 1051 1361 ad
1073 1323 1236 1361 modum
1251 1321 1372 1372 illius,
1387 1322 1542 1361 divinus
1556 1331 1614 1362 est
1628 1324 1841 1375 principio,
1856 1324 2032 1376 actione,
2047 1338 2093 1362 ac

159 1380 300 1418 effectu
327 1391 419 1431 suo3
448 1391 529 1418 non
557 1380 725 1417 humana
755 1379 881 1416 solum
907 1375 1040 1415 onmia
1054 1375 1333 1413 transcendens
1349 1376 1391 1424 (f.
1410 1377 1537 1425 1376.)
1553 1376 1593 1414 in
1607 1376 1821 1428 infinitum,
1837 1377 2094 1416 sed&Natu-

157 1445 242 1470 ram
268 1434 370 1471 hanc
397 1432 616 1471 vniuersam
644 1443 762 1481 quam
788 1429 1012 1480 longissime
1040 1429 1350 1478 praeteruolans:
1379 1428 1460 1467 sive
1487 1429 1539 1467 ad
1566 1430 1684 1468 finem
1711 1429 1858 1482 ipsum,
1886 1432 1995 1469 Deus
2010 1430 2096 1468 finis

159 1484 259 1523 illius
286 1493 364 1537 est,
393 1488 428 1524 δε
456 1485 632 1524 salutaris
658 1485 723 1522 illa
750 1491 868 1533 atque
895 1482 1068 1533 gloriosa
1094 1481 1169 1520 Dei
1196 1480 1314 1531 ipsius
1343 1480 1461 1532 visio,
1489 1482 1540 1520 ad
1568 1495 1686 1532 quam
1701 1483 1776 1521 hac
1791 1483 1980 1534 sapientia
1995 1484 2095 1522 duce

160 1538 444 1578 contendimus.
485 1538 550 1576 Ad
576 1539 681 1576 hunc
708 1538 848 1588 finem,
877 1542 1072 1586 quotquot
1098 1534 1367 1585 promissionis
1396 1534 1531 1585 spiritu
1559 1535 1755 1586 obsignati
1782 1549 1914 1575 sumus
1937 1550 2007 1587 per
2021 1537 2095 1575 Dei

159 1591 342 1643 gratiam,
374 1592 427 1630 ita
454 1591 641 1630 currimus
671 1598 714 1630 vt
742 1603 824 1628 non
851 1589 890 1628 in
919 1589 1111 1628 incertum
1140 1599 1359 1637 curramus3
1388 1590 1448 1626 Ita
1475 1589 1648 1639 pugilatu
1676 1602 1901 1628 exercemus
1926 1591 2095 1628 lacertos

158 1651 336 1695 nostros,
363 1652 404 1683 ut
431 1650 562 1683 ae'rem
590 1657 671 1683 non
698 1644 929 1682 caedamus:
959 1653 985 1680 1.
1017 1642 1105 1680 Cor.
1135 1655 1170 1690 9.
1198 1643 1260 1680 26.
1288 1641 1468 1691 Denique
1484 1642 1758 1681 obliuiscentes
1773 1655 1819 1681 ea
1833 1645 2096 1692 quaeatergo

160 1704 269 1748 sunt,
307 1700 343 1736 ἃ
377 1699 652 1748 pertendentes
687 1696 785 1735 serio
819 1696 871 1734 ad
904 1708 950 1734 ea
986 1706 1086 1744 quae
1121 1700 1212 1732 ante
1245 1706 1319 1733 nos
1348 1702 1453 1742 sunt,
1482 1707 1647 1745 scopum
1675 1707 1809 1734 versus
1835 1696 2098 1734 indesinenter

159 1750 316 1789 ferimur
356 1751 408 1789 ad
447 1751 665 1801 praemium
707 1762 898 1801 supernae
939 1747 1158 1787 vocationis
1201 1746 1277 1786 Dei
1316 1747 1356 1785 in
1396 1747 1552 1787 Christo
1588 1750 1676 1788 Iesu
1714 1755 1913 1788 seruatore
1948 1755 2096 1788 nostro.

162 1805 308 1854 Philly».
339 1818 375 1854 3.
408 1818 468 1852 14.

946 2014 1178 2052 CAPVT
1219 2013 1315 2050 III.

850 2119 1068 2169 Quotupleae
1095 2118 1149 2155 sit
1178 2116 1403 2164 Theologia.

217 2236 299 2275 Etsi
340 2250 388 2276 ex
427 2237 472 2275 iis
508 2250 606 2288 quae
644 2239 764 2277 modo
793 2237 1056 2287 ostendimus,
1089 2236 1297 2274 informata
1324 2246 1409 2273 esse
1438 2232 1590 2272 videtur
1621 2234 1748 2284 ὥσπερ
1777 2235 1817 2271 ὲν
1846 2236 1972 2284 τύπῳ,
2000 2232 2100 2272 ratio

165 2303 279 2328 verae
305 2291 567 2342 Theologiae,
595 2292 645 2330 de
673 2303 750 2342 qua
777 2291 1008 2330 instituimus
1035 2291 1113 2328 hoc
1139 2290 1232 2327 loco
1260 2287 1410 2326 dicere:
1441 2294 1573 2325 tamen
1596 2287 1747 2325 nomini
1761 2288 1815 2324 illi
1830 2287 2100 2336 augustissimo

164 2343 424 2394 Theologiae,
452 2345 610 2394 eiusque
637 2345 870 2396 definitioni,
899 2356 977 2394 qua
1006 2343 1127 2381 modo
1157 2341 1214 2380 vsi
1241 2352 1394 2391 sumus,
1424 2340 1617 2390 quaedam
1642 2339 1784 2378 accidit
1807 2340 2100 2390 aequiuocatio:

165 2408 264 2446 quae
302 2397 557 2448 distinguatur
586 2401 674 2436 ante
702 2411 861 2437 necesse
889 2405 966 2448 est,
995 2398 1113 2446 quam
1140 2395 1192 2433 ad
1218 2393 1463 2443 Theologiac
1489 2393 1603 2431 huius
1632 2405 1732 2442 quae
1760 2393 1887 2444 agitur
1914 2393 2099 2431 fusiorem

164 2449 465 2498 explicationem
493 2450 705 2490 veniamus.
733 2453 861 2490 Tanta
888 2451 992 2489 enim
1021 2456 1079 2488 est
1107 2446 1325 2497 amplitudo
1343 2446 1443 2497 eius,
1457 2453 1498 2485 vt
1512 2458 1642 2496 neque
1657 2446 1794 2485 eadem
1809 2458 1908 2484 voce
1927 2459 1987 2484 res
2002 2446 2101 2483 adeo

166 2502 386 2542 differentes
414 2506 623 2543 commode
652 2505 742 2544 satis
769 2504 950 2544 denotari
976 2501 1148 2553 possint,
1175 2511 1304 2549 neque
1331 2512 1410 2538 vno
1439 2512 1581 2549 genere
1601 2512 1670 2538 eae
1684 2499 1904 2550 disparatae
1919 2512 1980 2537 res
1995 2511 2102 2536 com-

165 2556 375 2607 prehendi,
404 2569 500 2606 quas
526 2571 604 2596 vna
631 2571 729 2597 voce
756 2557 1070 2608 significauimus.
1099 2555 1350 2603 Quapropter
1379 2560 1421 2591 vt
1451 2566 1512 2591 res
1540 2563 1642 2602 quae
1671 2552 1915 2602 Theologiae
1943 2552 2103 2589 nomine

166 2617 433 2660 exponuntur,
475 2612 689 2650 secundum
730 2612 920 2650 Naturam
962 2611 998 2648 &
1039 2606 1309 2646 conditionem
1349 2617 1460 2644 suam
1494 2618 1637 2655 genere
1675 2613 1761 2644 toto
1798 2605 2006 2655 differunt,
2034 2604 2103 2641 scd

166 2662 345 2712 analogia
371 2663 541 2712 quadam
567 2665 666 2703 inter
694 2678 735 2704 se
761 2667 850 2715 apte
878 2661 1190 2702 communicant:
1219 2661 1279 2698 Ita
1307 2660 1342 2697 Sc
1371 2657 1480 2697 vocis
1508 2660 1714 2697 statuenda
1741 2666 1797 2697 est
1825 2657 2102 2707 homonymia,

168 2715 250 2753 siue
277 2717 481 2767 (vnvulgo
507 2718 735 2767 loquuntur)
762 2715 1049 2767 aequiuocatio.
1091 2712 1281 2762 Quamuis
1307 2711 1650 2761 aequiucationem
1673 2712 1797 2761 ipsam
1814 2710 1928 2770 ‘prius
1944 2722 2103 2769 quoque

169 2770 192 2805 a
231 2768 346 2807 nobis
386 2769 569 2820 distingui
604 2772 682 2808 hoc
716 2773 807 2809 loco
841 2782 1000 2808 necesse
1037 2774 1116 2817 est,
1145 2765 1236 2815 quia
1263 2766 1360 2804 haec
1387 2777 1470 2802 non
1497 2776 1595 2815 pura
1622 2772 1680 2803 est
1708 2763 2104 2852 aequiuocatilo,·setl

1133 2829 1152 2865 7
1878 2829 1951 2854 ana
1967 2828 2101 2865 ogica,
