2334 3020
286 137 359 172 372
841 135 906 160 nn
950 134 1230 160 POLITIAE
1276 135 1442 162 Mos1s
1485 137 1672 163 ossen.

280 249 376 278 tere:
417 240 485 278 sed
527 240 651 288 (quod
692 239 855 288 amplius
893 242 966 287 est)
994 240 1044 277 ad
1071 240 1313 279 consortium
1340 241 1487 279 attendi
1515 244 1551 280 δε
1579 242 1979 282 communicationem
2011 246 2220 283 salutarem

280 292 439 341 federis,
481 292 801 341 promissionem
845 293 1093 342 veritatisque
1135 293 1291 331 diuinae
1333 294 1373 332 in
1408 295 1585 333 Ecclesia
1620 295 1762 346 ipsius,
1788 308 1888 345 quae
1916 296 2092 335 terminis
2122 299 2222 337 Cha

278 359 449 384 nanaeae
477 353 557 383 111111
587 352 667 383 erat
697 345 989 395 circumscripta
1018 345 1221 396 priuilegio
1252 347 1456 396 singulari,
1486 350 1519 385 &
1536 348 1685 386 acuius
1700 349 2059 389 communicatione
2074 351 2223 389 alienos

280 400 526 449 praestabant
556 410 640 436 sese
668 398 890 448 quicunque
916 400 1108 437 honorem
1136 399 1359 449 parentibus
1389 400 1565 439 debitum
1593 401 1790 451 proteruia
1805 414 1874 440 sua
1888 403 2150 453 denegabant.
2178 406 2224 441 In

280 454 384 489 hunc
411 462 569 500 quoque
597 452 759 489 modum
786 451 835 489 de
865 452 959 490 vrbe
981 451 1370 503 Hierosolymorum
1395 453 1445 491 de
1460 462 1593 493 monte
1608 453 1757 504 Sionis,
1782 455 1831 493 de
1848 456 2017 514 templo,
2034 457 2082 495 de
2097 470 2219 507 regno

281 504 463 554 Dauidis,
507 506 542 542 &
578 506 694 542 rebus
735 503 818 552 alijs
855 511 1010 554 praeter
1039 512 1218 543 naturam
1251 508 1275 544 a
1309 507 1396 544 Deo
1425 506 1607 545 institutis
1641 508 1691 545 ad
1724 485 2047 557 significationem
2075 509 2221 574 gratiae

280 557 466 595 iudicium
508 557 590 595 fieri
626 570 786 596 necesse
825 565 899 609 est3
937 564 978 596 vt
1010 557 1049 596 in
1083 559 1169 608 lege
1206 558 1329 597 Mosis
1358 559 1591 609 explicanda
1622 561 1843 599 communis
1871 574 2000 600 rerum
2029 563 2173 601 modus
2199 565 2223 601 a

282 610 466 660 singulari
492 612 570 649 hoc
597 623 751 660 semper
777 589 1045 661 distinguatur.
1074 612 1256 661 Denique
1277 612 1410 650 omnia
1424 612 1586 662 perinde
1602 614 1848 652 obseruanda
1858 622 2000 665 ,atque
2014 614 2054 653 in
2072 615 2221 654 ratione

280 676 533 723 personarum
562 665 651 701 ante
681 663 882 702 obseruari
911 663 1080 702 diximus
1110 672 1307 715 oportere.

331 716 485 755 Tertius
524 717 635 754 106115
672 724 729 754 651
763 718 1162 756 cmczmzstantzarum:
1200 729 1366 768 quarum
1404 719 1545 757 modus
1574 721 1792 759 necessario
1820 727 1899 759 tam
1928 720 2222 771 distinguendus

278 779 355 820 est,
397 772 516 819 quam
557 782 812 820 personarum
848 771 884 808 &
919 782 1062 808 rerum.
1104 772 1206 809 Nam
1234 773 1372 809 harum
1401 774 1525 821 aeque
1553 785 1600 810 ac
1629 772 1781 811 illarum
1813 774 1953 812 modus
1982 775 2017 812 &
2046 774 2220 813 conditio

276 836 352 862 vna
387 822 607 861 communis
643 830 720 873 651,
748 824 867 862 altera
895 823 1113 873 singularis:
1143 825 1179 861 δι
1206 823 1250 862 iis
1279 824 1576 863 circumstantiis
1608 838 1816 876 personae
1845 829 1881 865 &
1908 840 1968 865 res
1995 827 2121 877 ipsae,
2149 840 2220 877 pro

276 876 501 914 conditione
542 876 712 926 ipsarum
754 876 847 914 reali
887 879 943 926 (vt
983 879 1141 925 vocant)
1178 885 1243 916 aut
1279 877 1454 917 instituto
1482 878 1629 928 gratiae
1656 879 1871 918 vestiuntur
1897 880 2221 930 quodammodo,

276 929 535 968 communiter
563 931 597 968 &
626 929 879 988 singulariter.
909 929 1226 969 Circumstantias
1251 938 1381 969 autem
1395 932 1653 991 appellamus,
1675 934 2221 993 quaecumque&personas,

277 986 312 1021 Sc
340 995 422 1032 res,
450 982 499 1020 de
526 982 667 1031 quibus
694 981 905 1032 imperatur
933 984 1038 1033 lege,
1067 983 1316 1022 circumstant
1345 986 1381 1022 &
1410 984 1521 1034 quasi
1548 984 1733 1033 vestiunt,
1767 985 1849 1024 siue
1879 986 2109 1025 necessitate
2138 999 2220 1036 per-

277 1043 412 1085 petua,
454 1043 496 1073 vt
538 1043 691 1085 tempus
732 1038 768 1074 &
802 1037 935 1082 106115·
974 1035 1055 1074 51116
1082 1044 1269 1086 perpetua
1291 1037 1576 1087 vicissitudine,
1604 1051 1704 1087 quae
1731 1052 1779 1077 ex
1806 1041 2005 1077 voluntate
2035 1046 2101 1077 aut
2128 1051 2220 1078 casu

277 1090 376 1127 solet
404 1088 648 1138 contingere,
678 1095 719 1126 vt
746 1090 825 1127 fere
853 1090 895 1126 fit
922 1089 961 1126 in
989 1089 1207 1128 actionibus
1236 1091 1297 1128 vel
1327 1090 1460 1139 factis,
1477 1091 1620 1140 causis,
1638 1092 1766 1130 modis
1777 1099 1920 1142 atque
1934 1092 2219 1143 instrumentls

279 1143 415 1180 harum
457 1141 559 1180 enim
606 1141 984 1180 circumstantiarum
1026 1156 1180 1193 semper
1216 1143 1390 1182 conditio
1426 1145 1528 1182 fluxa
1555 1152 1623 1182 est.
1666 1146 1826 1195 Semper
1857 1144 2016 1194 quidem
2046 1147 2156 1183 locus
2185 1124 2220 1183 δέ

278 1201 431 1244 tempus
472 1207 545 1233 nos
580 1197 615 1233 ἃ
651 1208 712 1233 165
746 1204 897 1234 11051135
933 1195 1159 1246 comitatur
1188 1209 1262 1234 nec
1290 1197 1504 1246 quidquam
1533 1204 1641 1235 extra
1668 1199 1800 1236 locum
1829 1200 1863 1236 &
1898 1205 2050 1248 tempus
2091 1199 2218 1237 facere

276 1260 501 1297 possumus:
539 1249 584 1285 In
625 1247 736 1286 factis
763 1252 877 1298 vero,
906 1251 941 1287 δε
970 1250 1163 1287 factorum
1193 1249 1318 1288 causis
1346 1250 1381 1287 &
1412 1250 1558 1295 modis
1587 1253 1622 1289 &
1650 1251 1912 1289 instrumentis
1941 1263 2069 1289 rerum
2099 1264 2221 1301 agen-

276 1302 430 1350 (larum,
460 1313 533 1351 pro
562 1308 715 1350 natura,
747 1303 964 1351 voluntate,
993 1313 1106 1352 casu,
1136 1310 1241 1340 tanta
1269 1310 1326 1341 est
1356 1302 1520 1341 varietas
1548 1311 1589 1341 vt
1618 1316 1818 1354 nunquam
1843 1304 2219 1343 circumstantiarum

278 1353 437 1392 istarum
465 1366 646 1392 numerus
675 1354 817 1393 adferri
842 1355 977 1404 possit.

328 1408 428 1445 011111
463 1414 592 1445 autem
620 1408 693 1445 hae
722 1407 1033 1446 circumstantiae
1061 1409 1256 1447 interdum
1279 1421 1534 1459 personarum
1564 1410 1599 1447 &
1630 1422 1758 1448 rerum
1789 1409 2108 1448 circumscribant
2137 1423 2218 1449 mo-

275 1460 370 1497 dum
405 1459 683 1510 communiter,
714 1462 748 1498 &
777 1461 973 1500 interdum
1003 1461 1264 1512 singulariter,
1294 1461 1461 1500 vicissim
1489 1475 1537 1500 ex
1565 1476 1612 1501 eo
1641 1462 1812 1512 sequitur
1840 1462 2218 1502 circumstantiarum

276 1513 438 1551 modum
479 1526 526 1551 ex
563 1514 739 1563 personis
777 1521 842 1552 aut
880 1516 995 1553 rebus
1023 1516 1145 1553 modo
1174 1527 1426 1553 communem
1455 1515 1576 1566 effici,
1605 1516 1724 1553 modo
1753 1515 2007 1566 singularem:
2038 1518 2073 1555 &
2102 1524 2219 1566 prout

275 1579 464 1615 personae
493 1574 559 1604 aut
588 1579 649 1604 res
676 1566 715 1604 in
746 1567 927 1616 operibus
958 1574 1119 1605 naturae
1146 1574 1211 1606 aut
1238 1567 1384 1618 gratiae
1413 1576 1673 1619 occupantur,
1702 1569 1753 1607 ita
1782 1568 2089 1607 circumstantias
2112 1582 2219 1607 com-

276 1619 441 1657 muniter
468 1620 682 1658 secundum
710 1626 887 1658 naturam
915 1621 950 1658 &
979 1620 1247 1659 conditionem
1275 1622 1419 1659 realem
1447 1621 1617 1671 ipsarum
1646 1629 1713 1659 aut
1740 1621 1982 1671 singulariter
1998 1623 2214 1660 secundum

276 1672 440 1722 gratiam
468 1673 503 1710 &
531 1672 747 1710 institutum
774 1673 919 1723 gratiae
946 1673 1071 1723 accipi
1101 1680 1296 1723 oportere.
1323 1674 1502 1724 Exempli
1530 1687 1664 1713 causa:
1694 1674 1776 1713 dies
1801 1675 1864 1713 ille
1888 1675 2068 1713 sabbathi
2082 1687 2216 1713 secun-

277 1726 369 1762 (111111
398 1732 575 1763 naturam
605 1725 688 1763 dies
717 1726 937 1764 communis
965 1733 1040 1765 est:
1070 1727 1284 1764 secundnm
1307 1727 1470 1776 gratiam
1488 1727 1568 1765 dies
1586 1727 1655 1766 fuit
1671 1729 1720 1765 ad
1738 1727 2047 1766 testificationem
2064 1727 2219 1766 diuinae

275 1779 483 1816 voluntatis
524 1778 802 1827 sanctificatus,
845 1781 880 1817 &
921 1786 1106 1829 exceptus
1149 1792 1197 1817 ex
1237 1780 1404 1818 aliorum
1444 1793 1607 1818 numero
1647 1780 1831 1830 singulari
1854 1782 1988 1819 niodo.
2035 1780 2216 1819 Similiter

276 1832 530 1881 Chananaea,
559 1834 594 1870 &
622 1833 712 1870 vrbs
741 1832 1131 1882 Hierosolymorum,
1161 1834 1197 1871 &
1226 1832 1341 1883 Sion,
1369 1833 1405 1870 &
1432 1835 1662 1883 Templum,
1692 1836 1762 1872 Rc.
1788 1835 1877 1872 loca
1907 1836 2062 1872 suerunt
2085 1846 2217 1872 secun·

272 1884 366 1922 (111111
393 1891 573 1922 naturam
602 1886 653 1922 ad
681 1896 792 1923 vsum
820 1898 1073 1924 communem
1101 1885 1334 1936 pertinentia
1361 1886 1526 1924 naturali
1553 1886 1692 1925 modo:
1736 1887 1814 1925 Sed
1843 1886 2027 1937 singulari
2042 1887 2215 1925 instituto

271 1936 345 1975 Dei
385 1938 635 1976 Sacramenta
676 1939 829 1976 fuerunt
869 1939 1034 1998 gratiae,
1075 1939 1225 1989 priscae
1259 1939 1495 1977 Iudaeorum
1524 1939 1723 1978 Ecclesiae
1751 1940 1859 1978 data:
1885 1953 1933 1978 ex
1961 1940 2104 1990 quibus
2132 1940 2216 1978 iura

272 1989 480 2039 singularia
507 1990 546 2028 in
573 1990 726 2029 Iudaeis
755 1991 966 2030 constituta
995 1999 1097 2030 sunt.

325 2044 385 2080 Ex
412 2044 486 2082 hac
513 2043 642 2093 itaque
668 2043 822 2083 diuersa
849 2045 1076 2083 conditione
1105 2047 1140 2083 &
1169 2045 1291 2083 modo
1319 2057 1596 2095 personarum,
1619 2057 1769 2095 rerum,
1786 2045 2213 2084 &circumstantiarum

272 2096 468 2143 omnium,
504 2095 600 2135 iusta
641 2097 768 2136 effecit
809 2097 927 2148 ratio,
963 2105 1004 2136 vt
1040 2098 1184 2147 duplex
1213 2097 1353 2136 modus
1381 2097 1472 2136 iuris
1501 2099 1552 2136 ad
1581 2112 1645 2137 eas
1673 2111 1733 2137 res
1761 2098 1986 2148 pertinentis
2014 2097 2211 2137 existeret:

273 2161 441 2198 quorum
485 2151 646 2188 alterum
684 2150 741 2188 ius
777 2163 1009 2189 commune:
1040 2152 1202 2189 alterurn
1231 2150 1424 2200 singulare
1453 2152 1707 2200 appellamus.
1749 2153 1850 2190 Nam
1879 2159 1997 2201 prout
2024 2164 2214 2202 personae

272 2203 388 2240 rebus
417 2209 482 2240 aut
511 2203 825 2254 circumstantiis,
854 2206 890 2243 &
917 2205 991 2242 hae
1018 2203 1187 2242 vicissim
1215 2203 1308 2253 illis,
1338 2203 1513 2253 aliaeque
1533 2204 1616 2242 aliis
1633 2205 1939 2243 determinantur
1953 2204 2214 2243 communiter

272 2262 337 2293 aut
376 2254 637 2306 singulariter,
672 2255 725 2294 ita
759 2256 818 2295 ius
846 2257 1215 2295 determinationum
1244 2270 1285 2295 se
1313 2257 1450 2295 habet:
1481 2257 1589 2306 quod
1619 2257 1677 2295 ius
1705 2258 2001 2296 accommodari
2027 2257 2211 2307 singulari

274 2307 490 2346 conditioni
520 2308 696 2346 omniurn
724 2322 860 2348 eorum
888 2311 1008 2359 solet,
1035 2323 1083 2348 ac
1111 2309 1359 2348 determinari
1388 2311 1483 2360 lege.
1526 2312 1591 2348 Ius
1619 2309 1723 2348 enim
1752 2323 1962 2349 commune
1986 2310 2210 2348 hominibus

273 2373 321 2398 ex
362 2361 536 2399 instituto
574 2368 640 2400 aut
673 2362 933 2401 consensione
967 2362 1179 2401 distributis
1214 2375 1285 2412 per
1313 2369 1440 2412 partes
1467 2363 1657 2402 indictum
1683 2370 1760 2402 est:
1791 2363 2124 2413 quemadmodum
2152 2362 2210 2401 ius

271 2425 383 2451 suum
412 2420 469 2452 est
496 2415 768 2464 monarchiae,
797 2415 1058 2466 reipublicae,
1087 2415 1305 2465 municipij,
1336 2417 1407 2453 &c.

325 2467 403 2504 Sed
428 2467 517 2515 quia
543 2467 783 2517 particularis
811 2468 910 2507 illius
938 2468 1028 2506 iuris
1057 2469 1354 2507 fundamentum
1382 2475 1439 2507 est
1466 2468 1505 2506 in
1533 2468 1794 2507 consensione
1823 2467 2214 2518 communitatis,aut

271 2518 446 2557 instituto
488 2532 626 2558 eorum
670 2521 737 2570 qui
779 2521 1050 2560 communitati
1078 2523 1119 2570 (f.
1153 2523 1269 2570 1516)
1298 2528 1498 2570 praesunt:
1540 2534 1612 2559 nos
1649 2528 1781 2559 autern
1817 2523 1894 2560 hoc
1930 2522 2022 2559 1060
2054 2533 2136 2559 11011
2163 2520 2212 2558 (16

275 2572 451 2621 quolibet
491 2572 713 2622 particulari
753 2574 856 2624 iure,
897 2575 964 2613 sed
1001 2574 1051 2612 de
1089 2587 1136 2613 eo
1177 2574 1259 2613 iure
1286 2574 1455 2625 agimus,
1485 2575 1594 2624 quod
1622 2575 1730 2612 Deus
1758 2587 1828 2624 per
1855 2573 2019 2624 gratiam
2049 2572 2212 2612 instituit

267 2625 503 2663 Iudaeorum
530 2625 652 2675 genti:
683 2626 834 2665 omissis
861 2627 943 2665 aliis
971 2627 1268 2676 particularibus
1294 2627 1463 2677 legibus,
1489 2639 1589 2676 quae
1617 2627 1789 2667 infinitae
1817 2634 1904 2665 sunt
1933 2629 1969 2665 &
1997 2625 2145 2665 alienae
2160 2627 2211 2664 ab

269 2679 347 2715 hoc
382 2677 555 2716 instituto
583 2686 739 2729 nostr03
769 2680 820 2718 de
849 2692 896 2718 eo
926 2681 1053 2718 50111111
1081 2679 1222 2718 dicturi
1249 2691 1403 2725 sumus,
1433 2681 1541 2729 quod
1568 2680 1608 2717 in
1635 2682 1740 2729 Lege
1767 2679 1891 2718 Mosis
1919 2679 2210 2718 obseruandum

271 2730 510 2779 putauimus:
554 2731 888 2781 Quandoquidem
917 2733 965 2770 de
997 2733 1193 2783 personis,
1222 2734 1339 2771 rebus
1367 2735 1403 2771 δε
1431 2732 1728 2771 circumstantiis
1758 2733 1974 2771 secundum
2002 2739 2208 2780 Vtrumque

272 2783 455 2833 modum,
484 2796 734 2822 communem
762 2788 798 2823 &
826 2785 1080 2835 singularem,
1112 2785 1169 2823 ius
1197 2792 1354 2835 oportet
1384 2798 1488 2837 esse,
1517 2785 1575 2823 ius
1603 2793 1733 2823 autem
1761 2785 1912 2835 legibus
1941 2785 2141 2874 definitulr,
2170 2785 2205 2820 &

2116 2849 2206 2886 eges
