2334 3020
836 110 1106 140 etnENrcr
1149 114 1286 140 vans
1329 108 1352 139 r.
1987 99 2060 151 465

120 218 363 258 ambulemus
391 218 427 257 in
458 217 580 257 domo
610 217 798 258 Domini?
825 221 1035 270 Fugiamus
1062 221 1221 270 procul,
1251 220 1276 259 ὃ
1305 221 1439 258 fratres
1455 218 1690 266 charissimi,
1720 219 1908 258 insaniam
1925 219 2061 269 istam,

123 274 211 310 cum
242 272 356 310 nobis
385 272 497 322 ipsis,
527 274 614 309 cum
639 272 721 310 aliis
737 273 1150 312 damnosissimamz&
1167 272 1676 323 potiusascribendalitera
1693 272 1806 310 vnica
1821 279 1945 310 totum
1963 273 2064 310 vitae

121 325 234 363 huius
277 325 512 363 curriculum
557 325 842 376 abstineamus
886 330 1004 376 quam
1034 334 1074 364 vt
1103 326 1271 364 animam
1301 327 1439 372 vllam,
1468 327 1528 363 vel
1559 326 1760 364 minimam
1790 327 1825 364 δι
1853 325 2063 363 infirmissi-

123 391 227 416 mam
244 407 254 426 ,
283 380 539 428 percellamus
569 386 634 416 aut
662 380 941 418 labefactemus
971 379 1102 418 officio
1131 379 1353 417 inofficioso
1381 386 1529 417 nostro.

175 431 213 468 Si
255 431 386 480 igitur,
427 431 521 480 quid
564 437 697 469 nonne
734 433 873 470 veritas
909 433 1193 484 propugnanda
1222 430 1303 470 est?
1332 432 1471 469 dixerit
1499 432 1704 491 quispiam.
1734 433 1803 470 Est
1831 431 1988 481 quidem
2019 444 2064 469 ea

123 485 425 542 propugnanda,
456 483 520 521 vbi
549 493 815 535 oppugnatur,
846 487 912 524 sed
943 493 1095 536 tempus
1124 492 1182 523 est
1209 485 1349 523 iustum
1379 485 1721 548 propugnationis
1750 488 1784 523 ἃ
1811 494 1964 544 tempus
1981 497 2062 522 ces-

123 537 282 574 sationis
316 539 440 586 aeque
481 537 517 574 in
563 538 723 587 publico
767 547 884 588 atque
926 539 961 576 in
1004 539 1156 589 priuato
1199 540 1334 576 labore
1371 546 1506 575 nostro
1535 541 1558 576 a
1587 538 1760 576 Domino
1789 538 2064 575 constitutum:

122 591 458 639 quemadmodum
490 590 528 627 in
559 591 710 639 praeliis
740 598 893 641 tempus
923 600 980 630 est
1009 592 1166 651 petendi
1196 592 1319 629 hostis
1348 592 1667 641 depellendique,
1711 594 1745 629 ἃ
1776 598 1928 650 tempus
1957 604 2064 640 spec-

121 642 229 680 tandi
271 650 388 692 atque
430 643 730 691 contemnendi,
775 657 895 694 quum
937 645 1065 683 solido
1107 643 1286 694 impingit
1324 645 1498 682 demens.
1541 646 1650 692 'lyro
1680 644 1875 682 consumit
1903 657 2065 702 operam

121 695 308 741 inaniter,
339 705 544 733 veteranus
573 697 744 746 prudens
772 710 852 735 non
881 697 953 736 nisi
981 699 1132 736 Vtiliter.
1176 699 1297 746 Nam,
1326 700 1431 735 certe
1460 697 1489 735 si
1519 697 1584 756 qui
1613 704 1790 735 naturam
1821 697 1990 735 veritatis
2019 710 2066 735 ex

121 748 301 786 doctrina
329 749 403 786 Dei
432 749 672 799 didicerunt,
703 755 871 800 eamque
899 765 945 789 ex
975 751 1108 789 officio
1138 750 1334 788 charitatis
1355 751 1404 788 ad
1419 751 1734 800 propinquorum
1750 750 2065 788 aedificationem

123 801 284 851 cupiunt
312 814 531 851 exponere,
576 805 656 841 vult
685 804 791 841 Deus
822 805 870 841 ad
901 804 1200 842 conuenientem
1230 803 1414 852 modum,
1444 804 1493 840 ad
1522 816 1729 852 personas,
1758 805 1792 841 ἃ
1821 805 1871 841 ad
1902 803 2064 841 eircum-

123 855 282 892 stantias
310 855 362 892 ita
390 856 440 892 ab
469 855 543 893 illis
571 858 605 894 ἃ
634 856 748 894 nobis
777 857 936 906 respici,
965 865 1006 894 vt
1035 857 1248 895 seruiamus
1277 856 1384 906 paci,
1415 858 1450 894 ἃ*
1479 869 1636 894 omnem
1662 864 1810 894 motum
1828 856 2065 894 contrarium

122 909 207 957 paci
237 907 479 946 sanctissima
507 909 714 958 prudentia
742 923 895 960 semper
925 910 1176 948 declinemus.
1207 911 1460 959 Quapropter
1487 910 1525 946 in
1555 910 1714 959 priuatis
1739 909 2066 959 institutionibus,

124 961 488 1011 redargutionibuS,
517 962 793 1009 hortamentis,
823 963 1211 1013 reprehensionibus,
1241 962 1596 1011 consolationibus,
1626 964 1659 1000 ἃ
1692 963 1721 1000 si
1751 975 1825 1011 qua
1854 969 1943 1001 sunt
1958 975 2067 1012 prae-

121 1017 226 1052 terea
255 1014 498 1064 huiusmodi,
528 1016 621 1064 quid
650 1017 854 1065 quomodo
887 1017 1103 1054 secundum
1132 1015 1322 1054 rationem
1354 1027 1608 1065 personarum
1637 1016 2066 1054 &circumstantiarum

123 1067 204 1104 fieri
246 1075 448 1116 oporteat,
494 1069 784 1118 diligentissime
820 1069 1067 1119 praescripsit
1106 1070 1226 1107 Deus.
1256 1070 1357 1106 Nam
1387 1068 1588 1107 veritatem
1617 1081 1697 1106 non
1727 1070 1852 1107 solum
1883 1069 2069 1118 expressit

123 1121 338 1158 secundum
368 1128 545 1158 naturam
575 1122 714 1172 ipsius3
743 1123 998 1160 verumetiam
1029 1122 1305 1172 exprimendae
1333 1122 1432 1160 illius
1462 1122 1560 1159 inter
1588 1134 1660 1160 nos
1689 1123 1853 1160 modum
1882 1135 1929 1159 ex
1945 1122 2067 1159 chari-

122 1180 200 1220 tate
229 1173 549 1223 circumscripsit,
594 1177 616 1212 a
645 1175 716 1224 piis
746 1176 903 1225 singulis
933 1176 1243 1223 obseruandum,
1272 1182 1312 1212 vt
1341 1176 1418 1213 sale
1449 1177 1483 1213 &
1511 1175 1633 1224 gratia
1663 1175 1844 1213 conditus
1868 1175 1915 1212 sit
1939 1188 2067 1213 sermo

123 1228 158 1264 &
195 1227 386 1276 scriptura
420 1236 564 1266 nostra.
603 1228 734 1266 Colos.
773 1242 808 1275 4.
838 1230 874 1266 6.
904 1241 1162 1278 personarum
1191 1239 1351 1277 quoque
1380 1236 1599 1277 respectum
1628 1228 1761 1266 haberi
1792 1228 1925 1266 docuit
1954 1240 2068 1277 opor-

122 1287 224 1329 tere,
266 1287 306 1317 vt
342 1288 550 1330 peccantes
580 1289 834 1329 moneantur,
862 1295 908 1319 ac
936 1294 1015 1319 non
1043 1282 1317 1319 traducantur:
1356 1289 1590 1318 moneantur
1618 1289 1747 1319 autem
1778 1281 1916 1320 ordine
1945 1281 2066 1318 chari-

123 1332 231 1379 tatis,
266 1346 346 1370 non
372 1333 594 1372 inordinata
627 1335 692 1372 illa
721 1335 982 1384 imprudentia
1010 1335 1280 1384 increpentur,
1308 1346 1427 1383 quam
1457 1334 1598 1383 cuique
1627 1334 1774 1373 dictare
1803 1336 1902 1373 solet
1929 1334 2067 1372 offensi

122 1385 241 1423 animi
269 1386 531 1435 perturbatio:
562 1395 794 1425 moneantur
823 1388 955 1433 toties,
986 1389 1079 1425 dum
1110 1401 1197 1438 spes
1225 1387 1511 1425 emendationis
1539 1394 1612 1435 est,
1642 1388 1677 1424 &
1702 1395 1934 1427 moneantur
1948 1387 2068 1437 locis,

123 1452 170 1476 ex
212 1440 353 1488 quibus
394 1448 637 1490 cognoscant
665 1441 805 1479 honori
834 1453 904 1478 suo
935 1443 969 1479 δι
998 1440 1111 1479 saluti
1142 1440 1314 1490 consuli,
1345 1440 1513 1489 denique
1542 1440 1574 1478 si
1602 1441 1776 1490 repetitis
1805 1440 1962 1479 monitis
1987 1454 2068 1479 non

122 1493 410 1543 acquieuerint,
453 1493 628 1531 sinantur
669 1494 966 1543 aliquantisper,
1011 1495 1140 1532 donec
1182 1494 1400 1532 subsederit
1436 1494 1500 1530 illa
1537 1494 1779 1543 perturbatio
1820 1493 1940 1531 animi
1969 1507 2070 1543 quae

124 1545 229 1594 ipsos
256 1552 499 1584 transuersos
528 1547 648 1598 rapit·
677 1555 742 1585 aut
767 1547 796 1584 si
826 1559 1027 1597 nunquam
1057 1546 1303 1597 resipiscant.
1333 1546 1506 1584 sinantur
1533 1549 1669 1596 plane,
1696 1560 1745 1585 ne
1767 1547 1963 1585 discamus
1980 1560 2070 1585 cum

123 1598 271 1636 claudis
306 1599 548 1649 claudicare,
587 1600 623 1637 &
652 1600 888 1638 contentiosi
917 1613 1007 1638 cum
1036 1600 1262 1638 hominibus
1293 1600 1540 1649 contenti0(f.
1573 1613 1589 1648 7
1597 1601 1717 1649 37)S1s
1745 1602 1779 1638 &
1809 1600 2072 1660 pertinacibus

124 1651 289 1690 rixando
319 1652 547 1691 efficiamur.
591 1653 697 1701 Quid
723 1655 873 1702 obstat,
903 1655 1046 1691 amabo
1075 1666 1165 1702 vos,
1196 1653 1406 1702 quominus
1433 1654 1602 1692 eundem
1640 1653 1852 1692 ordinem
1843 1667 1881 1690 in
1906 1653 2073 1712 publicis

125 1705 267 1743 nostris
309 1706 554 1744 sermonibus
596 1708 631 1745 &
673 1707 825 1757 scriptis
868 1703 1150 1745 obseruemus?
1192 1708 1292 1744 Nam
1335 1708 1441 1745 hunc
1485 1707 1662 1744 ordinem
1708 1707 1824 1745 etiam
1866 1707 1903 1744 in
1948 1707 2073 1745 causis

125 1757 289 1807 publicis
318 1771 391 1797 nos
419 1758 554 1797 docuit
584 1760 744 1810 veritas,
787 1762 822 1798 δι
861 1761 1030 1798 eundem
1060 1772 1219 1809 quoque
1258 1760 1446 1819 praecipit
1490 1759 1652 1798 omnino
1689 1761 1874 1812 charitas,
1903 1772 2073 1810 cumque

125 1818 261 1849 natura
298 1812 495 1850 charitatis
533 1825 578 1850 ea
606 1813 671 1863 sit,
700 1821 741 1851 vt
769 1814 818 1851 ad
847 1813 1103 1851 commodum
1133 1813 1314 1863 respiciat
1345 1825 1478 1852 eorum
1509 1813 1741 1863 quibuscum
1770 1813 1939 1863 agimus,
1969 1815 2073 1851 certe

121 1865 158 1902 &
187 1871 324 1903 natura
351 1877 487 1903 eorum
516 1868 689 1916 postulat
718 1875 757 1904 vt
786 1879 947 1917 agamus
976 1879 1024 1904 ex
1053 1867 1250 1905 charitatis
1279 1868 1380 1917 lege.
1410 1866 1640 1916 Cogitemus
1657 1879 1771 1916 ergo,
1804 1868 1939 1904 fratres
1954 1867 2070 1904 dilec-

125 1917 280 1967 tissimi,
322 1925 518 1968 quotquot
556 1931 689 1958 sumus
725 1920 790 1969 qui
829 1933 975 1958 nomen
1013 1919 1169 1958 Christo
1198 1920 1396 1970 dedimus,
1426 1932 1503 1969 qua
1540 1919 1747 1970 religione,
1776 1931 1853 1970 qua
1882 1921 1957 1958 fide
1986 1931 2074 1970 pru-

126 1971 336 2020 dentiaque
374 1971 412 2009 in
450 1971 509 2010 his
545 1973 767 2011 actionibus
810 1973 977 2023 publicis
1017 1973 1162 2010 versari
1203 1986 1277 2011 nos
1319 1986 1457 2011 omnes
1499 1980 1700 2023 oporteat,
1743 1973 1810 2022 qui
1847 1973 1886 2011 in
1914 1973 2075 2023 priuatis

126 2030 302 2062 tenemus
338 2025 461 2075 magis
502 2037 636 2064 earum
673 2027 854 2064 modum:
893 2027 928 2064 &
964 2026 1150 2075 deinceps
1185 2026 1322 2064 demus
1358 2039 1404 2064 ex
1431 2025 1563 2064 animo
1593 2039 1776 2076 operam,
1804 2034 1846 2064 vt
1872 2026 2075 2065 veritatem

127 2076 165 2114 in
195 2077 403 2128 charitate,
435 2080 469 2116 &
499 2079 729 2118 charitatem
758 2080 796 2117 in
830 2093 927 2130 pace
955 2080 1006 2117 ad
1035 2081 1200 2117 salutem
1230 2079 1625 2128 aedificationemque
1654 2091 1906 2118 communem
1935 2091 2077 2130 procu-

126 2142 276 2176 remus,
321 2132 575 2170 recordemur
614 2145 751 2170 eorum
789 2145 889 2183 quae
926 2136 1016 2170 ante
1046 2133 1095 2170 de
1124 2132 1253 2182 capite
1282 2133 1348 2171 illo
1378 2140 1532 2181 nostro,
1561 2140 1657 2182 typo
1687 2133 1777 2170 fidei
1805 2133 1840 2170 &
1870 2145 2077 2171 conuersa-

127 2183 244 2221 tionis
271 2192 427 2222 nostrae
456 2186 491 2222 ἃ
521 2186 778 2225 confessionis
805 2188 1022 2236 Apostolo,
1051 2185 1227 2224 Domino
1249 2188 1336 2224 Iesu
1352 2185 1510 2224 Christo
1532 2185 1778 2224 dicebamus:
1795 2199 1875 2224 non
1891 2186 2078 2236 litigabit,

126 2249 255 2286 neque
283 2238 581 2288 vociferabitur,
613 2240 685 2278 &c.
714 2241 828 2278 Matt.
862 2253 919 2277 12.
955 2253 1013 2289 19·
1043 2239 1317 2288 Respiciamus
1345 2240 1394 2277 ad
1423 2239 1529 2276 Pauli
1555 2238 1768 2289 monitum,
1794 2239 1860 2288 qui
1877 2239 2079 2277 hominem

126 2290 242 2328 etiam
286 2291 525 2329 haereticum
569 2293 650 2330 vult
685 2295 708 2330 a
745 2293 861 2331 nobis
891 2294 1051 2331 demum
1088 2292 1200 2329 vitari
1228 2300 1318 2342 post
1347 2305 1463 2329 vnam
1492 2294 1528 2331 &
1556 2295 1717 2330 alteram
1747 2293 2079 2342 admonitionem,

128 2355 249 2392 quum
279 2344 462 2382 nouimus
490 2356 578 2382 eum
608 2357 788 2384 euersum
814 2359 917 2395 esse,
947 2347 982 2384 δι
1010 2345 1062 2382 ita
1092 2357 1277 2395 peccare,
1306 2352 1347 2383 vt
1375 2352 1513 2394 suopte
1541 2344 1687 2384 iudicio
1713 2345 1761 2384 sit
1781 2347 2079 2384 condemnatus.

127 2396 205 2434 Tit.
234 2409 271 2445 3.
302 2410 360 2435 10.
396 2411 454 2435 11.
498 2398 795 2437 Meminerimus
823 2398 993 2448 denique
1023 2399 1197 2436 amuleto
1227 2398 1445 2437 certissimo
1474 2411 1547 2436 nos
1576 2398 1712 2436 instrui
1739 2400 1789 2437 ab
1813 2399 1880 2437 illo
1905 2399 2081 2446 dicente,

130 2449 250 2498 Quod
291 2450 323 2488 si
359 2451 445 2500 quis
483 2453 589 2489 volet
626 2452 896 2491 contentiosus
929 2464 1034 2502 esse,
1063 2463 1144 2489 non
1175 2458 1232 2489 est
1264 2451 1329 2490 hic
1358 2465 1445 2490 mos
1474 2458 1629 2502 noster,
1659 2464 1788 2502 neque
1815 2452 2080 2491 Ecclesiarum

129 2503 216 2541 Dei.
245 2505 276 2541 I.
306 2504 399 2542 Cor.
434 2517 492 2542 11.
528 2506 586 2542 16.

181 2557 319 2606 Neque
361 2560 455 2596 vero
494 2559 703 2607 propterea
743 2557 1028 2608 confingendus
1056 2564 1116 2596 est
1142 2557 1258 2596 nobis
1286 2557 1412 2596 inanis
1440 2565 1586 2608 metus,
1629 2558 1828 2596 desertum
1859 2559 1937 2596 hoc
1965 2565 2082 2608 pacto

128 2608 172 2646 iri
201 2610 426 2662 veritatem,
469 2623 514 2648 ac
544 2610 710 2660 proinde
738 2625 813 2651 nos
841 2611 993 2659 diuina,
1039 2611 1074 2648 &
1103 2609 1251 2658 aliena,
1281 2612 1316 2648 δε
1345 2620 1477 2649 nostra
1506 2622 1623 2649 causa
1650 2612 1772 2649 teneri
1800 2612 1943 2661 scripta
1972 2623 2083 2649 accu-

130 2664 278 2700 mulare
322 2663 493 2714 scriptis,
537 2665 572 2702 &
615 2663 776 2715 singulis
818 2666 878 2702 vel
909 2663 1194 2702 oblatrantibus
1223 2664 1385 2703 canibus
1414 2677 1655 2714 responsare.
1701 2666 1801 2702 Nam
1831 2665 1907 2702 hoc
1937 2665 2086 2702 dictum

131 2717 311 2765 profecto
340 2718 553 2755 multorum
583 2724 640 2755 est
673 2721 967 2769 μορμολυκεῖον,
998 2716 1063 2766 qui
1094 2716 1172 2755 suis
1200 2717 1281 2755 siue
1310 2717 1685 2767 perturbationibus,
1723 2718 1804 2755 siue
1829 2717 2087 2768 praeposteris

128 2769 281 2807 iudiciis
311 2769 530 2808 existimant
561 2779 747 2819 oportere
776 2777 816 2808 vt
844 2771 905 2819 alij
937 2771 1073 2807 dextra
1103 2781 1170 2806 sua
1199 2772 1358 2809 cadant.
1386 2773 1525 2820 Longe
1540 2771 1649 2809 aliter
1663 2784 1735 2809 nos
1751 2772 1947 2818 Christus,
1977 2771 2088 2808 aliter

1086 2837 1134 2871 5«)
1868 2826 2085 2873 Prophetae
