2334 3020
272 120 344 156 230
881 113 1096 139 THESES
1139 110 1569 139 THEOLOGICAE.

266 224 453 272 denique,
495 232 614 271 quum
651 234 723 270 pro
763 220 991 259 necessitate
1029 219 1153 258 aliena
1182 233 1228 257 ex
1257 218 1389 258 officio
1419 218 1613 257 charitatis
1638 219 1819 269 precibus
1849 220 1995 257 nostris
2029 222 2198 270 appella—

271 288 355 314 mus
382 277 521 312 Deum.

326 341 382 366 12.
438 329 528 365 Duo
557 335 686 365 autem
716 326 777 364 hic
806 326 1045 364 considerari
1072 328 1095 363 a
1117 325 1233 363 nobis
1260 337 1419 363 necesse
1435 333 1509 363 est:
1532 339 1563 364 1.
1579 324 1877 375 dispositionem
1894 332 2068 363 nostram
2084 339 2200 364 oran-

268 383 375 420 tium.
408 395 440 419 2.
472 380 767 429 dispositionem
799 380 834 417 &
863 378 1118 417 substantiam
1146 377 1334 416 orationis
1362 385 1533 416 nostrae.

327 448 383 483 13.
439 435 719 484 Disposz'tiofzis
747 432 940 470 orantium
969 432 1069 469 duae
1090 439 1179 469 sunt
1185 437 1349 482 partes:
1364 444 1440 469 vna
1454 431 1505 468 ad
1520 430 1856 480 praeparationem
1872 430 2065 479 ipsorum:
2082 433 2202 470 altera

270 489 318 525 ad
346 486 661 525 constitutionem
690 486 728 524 in
758 486 910 523 orando
939 485 1158 534 pertinens,
1187 487 1221 522 δι
1250 484 1370 533 intus,
1395 486 1430 524 δι
1454 483 1559 522 foris.

327 554 384 587 14.
441 542 647 589 Praeparat
676 539 776 576 intus
805 537 1008 576 hominum
1037 545 1206 583 mentes,
1238 536 1453 589 &animos
1481 537 1531 574 ad
1560 536 1777 574 orationem
1805 536 2005 586 accendit,
2038 545 2121 574 tum
2136 537 2199 587 pia

269 596 303 632 ἃ
332 593 495 643 diligens
524 592 699 631 miseriae
728 591 920 641 ipsorum,
945 592 979 628 &
1008 590 1297 629 misericordiae
1327 589 1421 639 Dei,
1451 592 1485 628 δι
1514 592 1789 627 mandatorum
1819 588 1899 627 eius
1924 591 2106 639 frequens
2121 603 2199 628 me-

266 647 423 695 ditatio,
465 655 547 683 turn
588 644 791 695 singularis
832 644 1100 693 publicorum,
1143 643 1465 692 priuatorumque
1505 643 1698 680 malorum
1726 653 1885 691 sensus,
1915 649 2033 692 atque
2063 654 2199 682 eorum

266 699 432 738 affectio.

322 763 378 802 15.
435 754 642 802 Praeparat
671 750 785 800 foris,
814 749 1053 789 conueniens
1079 762 1209 787 rerum
1238 755 1482 787 externarum
1511 748 1607 785 citra
1634 747 1949 797 superstitionem
1977 751 2025 787 eo
2054 748 2199 786 facien-

263 806 359 844 tium
389 803 710 854 repraesentatio:
740 803 1076 853 quemadmodum
1104 809 1252 841 veteres
1280 814 1363 840 sese
1392 803 1441 839 ab
1469 801 1576 850 omni
1591 800 1819 850 antiquitate
1834 814 2020 851 persaepe
2037 801 2198 851 ieiunio,

263 862 297 898 δι
325 859 496 897 vestibus
526 860 672 895 luctum
702 859 736 895 &
760 856 1028 907 indignitatem
1055 867 1164 894 suam
1193 855 1490 894 testificantibus
1518 854 1568 892 ad
1596 854 1674 891 hoc
1703 854 1878 892 osticium
1895 855 2139 904 excitarunt,
2159 856 2194 893 &

265 916 288 950 a
316 910 520 962 Prophetis
550 913 704 948 fuerunt
730 910 897 948 excitati.

320 967 378 1003 16.
435 963 672 1002 Constitutio
696 962 794 1001 iusta
825 963 928 1000 intus
956 969 1013 1000 est
1042 961 1257 1011 orantium,
1286 972 1406 1010 quum
1435 960 1496 1009 pie
1523 959 1772 1009 legitimeque
1800 959 2035 1009 comparati,
2052 973 2099 998 ex
2114 966 2199 998 toto

266 1018 397 1056 animo
446 1017 654 1066 studioque
696 1024 926 1066 comparent
967 1028 1101 1053 coram
1146 1016 1233 1052 Deo
1263 1015 1368 1061 solo,
1400 1015 1531 1063 Patre,
1562 1013 1641 1050 filio
1671 1015 1706 1050 ἃ
1735 1012 1876 1062 Spiritu
1907 1020 2065 1063 sancto,
2095 1020 2200 1051 certa

266 1084 355 1109 cum
386 1071 527 1108 fiducia
555 1069 857 1119 promissionum
886 1069 967 1106 eius
996 1069 1034 1106 in
1064 1068 1219 1106 Christo
1248 1069 1335 1105 Iesu
1367 1066 1480 1104 vnico
1510 1065 1724 1104 mediatore
1746 1072 1897 1103 nostro.

323 1136 381 1172 17.
437 1124 568 1172 Quum
599 1122 915 1160 constitutionem
944 1122 982 1159 in
1011 1120 1149 1159 animis
1180 1120 1332 1170 piorum
1359 1119 1494 1169 efficit,
1524 1121 1558 1157 &
1583 1125 1766 1168 operatur
1798 1118 1923 1168 idem,
1941 1118 2199 1167 qui&veram

265 1176 592 1226 resipiscentiam,
623 1177 658 1214 δι
686 1177 804 1213 fidem
835 1177 1040 1213 salutarem
1071 1174 1213 1223 donat,
1243 1172 1405 1223 Spiritus
1434 1179 1587 1210 sanctus
1617 1170 1654 1208 in
1683 1170 1773 1221 ipsis
1800 1171 1980 1209 habitans
2009 1174 2043 1210 &
2069 1171 2201 1210 omnia

265 1231 435 1268 efficiens
462 1230 501 1267 in
531 1229 724 1268 omnibus.

322 1286 379 1321 18.
435 1282 672 1320 Constitutio
701 1282 798 1320 iusta
827 1281 920 1320 foris
950 1288 1033 1330 est,
1061 1281 1100 1318 in
1129 1280 1390 1318 conueniente
1419 1280 1454 1316 δι
1485 1279 1631 1316 decora
1660 1289 1864 1327 manuum,
1893 1278 2119 1327 oculorum,
2135 1290 2183 1327 ge

264 1349 403 1385 nuum,
447 1336 482 1372 &
525 1335 700 1385 corporis
730 1334 847 1373 totius
871 1334 1044 1372 ratione:
1075 1345 1195 1382 quum
1225 1344 1361 1370 manus
1392 1344 1510 1380 purae
1538 1332 1588 1368 ad
1617 1332 1772 1368 coelum
1802 1332 2050 1377 attolluntur,
2080 1330 2199 1367 animi

266 1390 313 1426 ad
341 1390 471 1426 Deum
500 1389 576 1425 fide
604 1387 877 1426 transuolantis
907 1389 942 1425 δι
970 1386 1222 1436 supplicantis
1252 1386 1417 1423 indices:
1447 1385 1551 1422 oculi
1569 1384 1606 1421 in
1623 1383 1863 1433 argumentis
1878 1382 1969 1421 fidei
1985 1382 2198 1432 suspiciunt

268 1443 422 1489 coelos,
454 1443 492 1479 in
508 1442 677 1491 -peccati
713 1440 958 1479 confessione
987 1447 1128 1478 terram
1158 1451 1288 1477 versus
1316 1436 1565 1485 deijciuntur:
1599 1449 1726 1487 genua
1755 1438 1962 1474 flectuntur
1997 1435 2195 1474 abiectum

265 1495 558 1545 supplicemque
586 1495 758 1532 animum
788 1493 1050 1532 testificantia:
1079 1505 1221 1542 corpus
1250 1491 1417 1540 denique
1446 1499 1510 1528 aut
1539 1498 1612 1528 stat
1642 1490 1690 1527 ad
1720 1489 1992 1539 ministerium,
2021 1496 2086 1527 aut
2112 1501 2198 1538 pro·

269 1548 361 1586 cidit
387 1549 438 1585 ad
467 1548 735 1585 adorationem
765 1546 936 1585 Domini.

327 1615 385 1650 19.
442 1602 530 1639 Hac
572 1600 848 1639 constitutione
890 1612 1023 1637 coram
1051 1599 1138 1636 Deo
1170 1600 1256 1636 solo
1284 1597 1592 1646 comparendum
1622 1595 1845 1645 statuimus,
1876 1595 1966 1644 quia
1994 1594 2113 1632 solius
2143 1601 2200 1632 est

270 1653 343 1691 Dei
385 1667 521 1703 nosse,
565 1655 681 1704 velle,
724 1665 861 1703 posse,
905 1655 939 1691 &
970 1658 1164 1701 praestare
1194 1650 1325 1689 omnia
1353 1650 1548 1700 postulata
1577 1649 1752 1687 omnium
1781 1648 1831 1686 ad
1858 1661 1898 1686 se
1925 1647 2200 1686 accedentium

270 1707 350 1755 (hic
378 1706 482 1745 enim
509 1709 623 1745 Pater
648 1713 780 1744 noster
808 1705 874 1755 qui
904 1712 961 1743 est
990 1705 1028 1742 in
1059 1704 1200 1755 coelis,
1230 1707 1263 1742 δι
1286 1703 1395 1741 cuius
1424 1709 1481 1741 est
1510 1713 1695 1752 regnum,
1724 1700 1920 1751 potentia,
1949 1703 1984 1739 &
2008 1700 2132 1750 gloria
2160 1699 2199 1737 in

267 1761 411 1808 secula)
441 1763 475 1798 ἃ
505 1759 578 1798 sibi
608 1759 680 1798 soli
703 1761 807 1797 hunc
838 1760 985 1796 cultum
1015 1759 1055 1806 (f.
1090 1759 1219 1806 1701.)
1252 1756 1473 1794 vindicauit.

324 1827 384 1851 20.
439 1815 575 1862 Itaque
599 1820 845 1860 sanctorum,
876 1812 1245 1859 defunctorumque,
1274 1812 1309 1848 ἃ
1337 1820 1473 1847 eorum
1497 1808 1671 1845 omnium
1698 1806 1859 1856 quinon
1876 1813 1965 1844 sunt
1980 1806 2117 1844 natura
2131 1805 2198 1853 dij„

268 1866 414 1904 duliam
443 1867 478 1904 ἃ
507 1865 775 1915 hyperduliam
806 1876 896 1903 cum
925 1865 1139 1913 Apostolo,
1175 1864 1306 1901 Galat.
1337 1876 1372 1908 4.
1403 1866 1439 1900 8.
1468 1860 1711 1898 abdicamus.

323 1933 382 1957 21.
437 1921 518 1956 Nec
548 1918 683 1956 leuiter
711 1931 777 1957 eos
806 1930 932 1955 errare
961 1927 1186 1965 censemus,
1215 1915 1280 1965 qui
1309 1915 1399 1952 fidei
1424 1913 1696 1952 certitudinem
1724 1912 1990 1950 insimulantes
2020 1911 2199 1950 securita-

265 1972 312 2010 tis
339 1973 374 2009 &
403 1972 645 2022 arrogantiae
675 1971 854 2016 nomine,
885 1970 924 2007 in
954 1969 1075 2007 dubio
1105 1970 1264 2007 haerere
1293 1975 1448 2006 orantes
1478 1967 1629 2005 iubent.

322 2038 381 2063 22.
437 2027 520 2063 Nec
562 2038 628 2063 eos
656 2024 825 2074 denique
855 2023 921 2073 qui
950 2023 1105 2061 Christo
1137 2021 1415 2059 mediationem
1445 2018 1725 2068 redemptionis
1754 2018 1987 2067 tribuentes,
2017 2017 2198 2055 interces-

269 2078 385 2115 sionis
413 2078 448 2116 ei
476 2077 649 2116 officium
673 2084 738 2115 aut
766 2077 942 2115 adimunt
971 2077 1106 2126 plane,
1135 2082 1200 2112 aut
1228 2086 1317 2112 cum
1346 2073 1428 2111 aliis
1455 2072 1684 2123 partiuntur.

323 2144 383 2180 23-
438 2130 651 2181 Dispositio
692 2132 727 2168 δι
756 2131 971 2168 substantia
1000 2128 1185 2166 orationis
1222 2134 1377 2165 nostrae
1406 2137 1596 2175 nusquam
1625 2125 1782 2162 breuius
1811 2130 1876 2161 aut
1905 2122 2046 2161 clarius
2084 2124 2202 2172 quam

269 2184 306 2221 in
337 2184 578 2222 sanctissima
607 2184 671 2221 illa
702 2182 934 2233 precationis
963 2181 1196 2219 Dominicae
1223 2181 1392 2218 formula
1421 2179 1597 2217 traditur.

326 2251 385 2283 24.
441 2236 626 2275 Continet
655 2244 782 2274 autem
813 2238 910 2274 haec
928 2236 1106 2285 precatio
1135 2234 1339 2283 petitiones
1369 2232 1461 2270 alias
1477 2231 1622 2269 directe
1639 2231 1689 2268 ad
1704 2232 1833 2268 Deum
1850 2236 2092 2279 spectantes,
2109 2228 2204 2265 alias

273 2290 417 2328 directe
447 2290 496 2327 ad
525 2302 597 2327 nos
624 2293 657 2328 δι
686 2303 754 2339 per
783 2300 1028 2338 consequens
1056 2288 1105 2324 ad
1133 2289 1261 2325 Deum
1291 2293 1478 2323 nostrum.

332 2353 391 2392 25.
447 2344 591 2380 Earum
621 2355 720 2392 quae
749 2343 798 2380 ad
830 2343 957 2380 Deum
986 2347 1161 2391 spectant
1189 2339 1314 2389 prima
1342 2346 1416 2387 est,
1446 2349 1522 2387 qua
1551 2347 1799 2374 communem
1828 2337 1945 2373 finem
1961 2334 2120 2371 aliarum
2142 2346 2204 2382 pe-

277 2397 455 2433 titionum
485 2395 659 2432 omnium
689 2402 937 2445 exoptamus:
971 2407 1112 2443 nempe
1142 2400 1181 2430 vt
1210 2405 1352 2430 nomen
1383 2391 1456 2428 l)ei
1485 2397 1661 2428 sanctum
1691 2391 1725 2427 &
1755 2389 1908 2427 celebre
1937 2387 1984 2425 sit
2010 2393 2127 2436 atque
2141 2386 2203 2423 de-

274 2455 509 2486 monstretur
538 2449 693 2498 passim.

328 2503 386 2539 26.
445 2501 624 2539 Secunda
651 2509 708 2539 est
736 2499 852 2548 medij
881 2499 1050 2549 primarij
1082 2499 1132 2537 ad
1161 2500 1276 2535 finem
1306 2497 1413 2534 illum
1443 2495 1692 2546 pertinentis,
1720 2502 1762 2532 vt
1790 2496 1894 2532 Deus
1924 2493 2005 2542 ipse
2021 2492 2205 2530 mundi&

274 2555 468 2592 Ecclesiae
498 2556 582 2591 Rex
612 2566 723 2592 suum
752 2565 914 2603 regnum
943 2555 1059 2602 quam
1087 2551 1268 2589 latissime
1295 2550 1484 2588 diffundat
1513 2548 1769 2598 Euangelium
1797 2546 2048 2596 auctoritate,
2073 2548 2204 2595 &per-

274 2608 378 2644 ficiat
406 2607 546 2645 virtute
574 2606 654 2645 sua.

331 2671 390 2707 27.
446 2659 577 2697 Tertia
606 2666 662 2697 est
691 2658 805 2706 medij
837 2657 1052 2705 secundarij
1082 2658 1131 2694 ad
1162 2658 1278 2694 finem
1307 2655 1474 2694 eundem
1504 2654 1749 2704 pertinentis,
1778 2660 1818 2690 vt
1852 2664 1925 2689 nos
1955 2650 2097 2689 subditi
2126 2649 2206 2688 eius

275 2713 439 2762 imperio
480 2714 514 2749 ἃ*
559 2711 746 2750 voluntati
787 2711 905 2761 ipsius
940 2711 1104 2748 fideliter
1146 2711 1426 2758 obsequamur,
1457 2708 1789 2757 quemadmodum
1819 2705 1858 2742 in
1891 2704 2010 2742 coelis
2047 2702 2206 2752 Angeli,

277 2773 392 2814 atque
416 2767 465 2803 ad
494 2778 576 2802 rem
605 2765 717 2803 istam
747 2764 957 2814 dirigamur
984 2764 1062 2801 hoc
1092 2763 1285 2801 beneficio
1314 2762 1408 2799 eius.

1868 2814 1928 2848 28.
1971 2808 2205 2848 Petitionum
