2334 3020
307 81 382 116 374
855 83 920 108 DF.
962 83 1248 109 POLI'NAE
1292 83 1461 109 MOsIS
1503 85 1694 111 OBSER.

302 187 450 225 ratione
491 189 526 224 δε
568 188 715 225 directa
757 188 814 226 ius
852 187 907 226 eis
943 201 1165 238 expressum
1195 196 1271 227 est:
1310 196 1376 227 aut
1404 202 1537 228 earum
1566 191 1805 242 analogiam.
1836 191 1865 229 si
1895 205 1972 231 non
2004 195 2149 234 extabit
2176 197 2234 235 ius

302 252 524 289 expressum
553 241 602 278 (le
625 241 670 278 iis
699 242 812 279 rebus
842 253 942 291 quae
970 255 1017 279 ex
1045 242 1226 280 similium
1254 243 1548 292 comparatione
1577 243 1739 282 indicari
1767 253 1940 293 possunt.
1980 248 2040 285 Ac
2069 249 2233 297 proinde

301 304 557 342 quaecunque
600 294 704 343 leges
747 293 969 344 simpliciter
1010 294 1100 332 iuris
1143 297 1362 334 communis
1403 297 1508 345 apud
1543 298 1684 335 Mosen
1721 297 1773 335 ita
1800 305 1910 347 sunt,
1941 307 1980 337 vt
2009 313 2056 338 ex
2085 301 2233 340 ratione

300 347 500 383 communi
534 347 771 396 procedant,
801 348 1018 396 eademque
1047 348 1241 397 obligent.
1274 361 1339 386 eas
1367 349 1529 388 omnino
1558 361 1657 400 opus
1687 357 1743 388 est
1771 351 1989 389 obseruari:
2033 354 2234 404 Quicquid

301 405 429 436 autem
457 405 514 437 est
544 399 582 436 in
611 399 655 437 iis
683 400 852 449 legibus,
883 402 992 449 quod
1021 413 1067 438 ex
1095 401 1245 439 ratione
1273 402 1474 440 communi
1503 414 1583 441 non
1614 402 1767 441 videtur
1794 404 1973 443 absolute
2003 418 2088 445 esse
2101 420 2232 446 neces-

301 451 463 496 sarium.
504 452 584 490 eius
620 459 749 490 tamen
784 454 976 491 seruanda
1008 461 1064 492 est
1091 454 1289 504 analogia:
1319 468 1369 492 ne
1397 463 1462 493 aut
1494 456 1551 494 ius
1579 455 1706 506 ipsum
1735 456 1933 495 aduersari
1960 458 2033 497 iuri
2061 472 2232 509 vnquam

301 503 494 553 videatur,
522 511 588 542 aut
615 505 793 544 homines
821 506 860 544 in
885 507 965 544 iure
994 506 1067 545 sibi
1096 508 1144 549 ὡς
1173 508 1213 544 ἐν
1242 509 1380 555 ἀνέμου
1412 510 1531 551 πεδίῳ
1560 508 1794 547 conuersari.

354 556 432 594 Hic
460 561 552 596 vero
581 559 779 607 pergrauis
806 559 940 597 incidit
967 564 1156 608 quaestio:
1187 562 1392 609 Quaenam
1421 569 1468 599 sit
1494 564 1593 600 haec
1615 562 1812 612 analogia,
1840 564 1876 601 ἃ
1904 563 2045 612 quibus
2060 564 2099 602 in
2114 566 2230 604 rebus

301 610 513 660 mutabilis,
542 618 607 648 aut
634 611 898 650 immutabilis.
926 615 1044 651 Hanc
1068 613 1314 662 questionem
1342 613 1549 652 definimus
1568 614 1607 652 in
1627 615 1733 653 hunc
1756 615 1918 653 modum
1935 616 2085 665 paucis:
2122 620 2232 658 Thes.

298 676 360 711 30.
391 664 433 712 (f.
467 666 581 712 1517)
609 666 809 713 Analogia
844 667 945 703 iuris
978 667 1017 703 in
1051 669 1347 705 circmnstantzb's
1374 668 1495 704 saliem
1521 669 1715 705 mutabilis
1748 674 1824 706 est:
1856 675 1899 706 at
1915 670 1954 706 in
1973 670 2231 718 fundamento

298 717 463 754 rationis
490 719 552 755 vel
576 718 810 756 substantiae
837 720 999 757 minime).
1027 720 1073 757 Id
1101 727 1231 757 autem
1259 720 1410 758 ratione
1432 719 1515 769 ipsa
1530 727 1688 758 naturae
1702 720 1755 758 ita
1770 722 2043 767 confirmatur,
2060 730 2100 761 vt
2114 736 2232 763 nemo

299 770 425 806 bonus
465 769 556 807 huic
583 770 768 809 axiomati
794 783 964 821 vnquam
993 772 1040 810 sit
1069 773 1393 811 contradicturus.
1422 774 1522 810 Nam
1550 775 1640 812 cum
1669 773 1845 811 omnium
1871 775 2001 824 legum
2030 776 2153 814 Mosis
2187 790 2233 815 ea

297 829 434 859 natura
461 822 528 871 sit,
557 830 599 860 vt
627 823 666 861 in
696 824 954 863 fundamento
983 826 1277 875 substantiaque
1305 825 1464 864 rationis
1494 826 1577 876 ipsa
1605 839 1655 864 ne
1681 826 1883 865 minimum
1912 828 2070 877 quidem
2097 829 2233 869 aiusta

297 874 447 913 ratione
474 877 675 914 communi
702 879 738 915 δι
766 885 870 916 recta
898 878 1163 927 discesserint,
1194 878 1416 917 communis
1442 886 1572 917 autem
1599 880 1697 918 ratio
1727 892 1881 929 semper
1907 880 2006 918 iusta
2026 881 2231 921 sit&con-

297 928 548 977 stantissima,
578 930 763 980 quicquid
793 931 985 969 eiusmodi
1013 939 1069 970 est
1096 932 1135 970 in
1165 932 1314 982 legibus
1343 932 1484 977 Mosis‚
1502 932 1539 970 id
1558 932 2125 972 certissimi&constantissimi
2141 935 2232 974 iuris

300 994 382 1019 esse
411 983 660 1021 affirmamus.
693 983 770 1021 Sed
798 984 888 1033 quia
918 992 1072 1034 praeter
1098 985 1194 1024 illud
1223 987 1520 1023 fundamentum
1543 985 1703 1024 rationis
1719 986 1938 1024 communis
1953 988 2147 1026 accedunt
2162 989 2233 1026 cir·

297 1035 551 1073 cumstantiae
579 1048 829 1082 communes,
857 1046 922 1075 aut
949 1038 1218 1087 particularesq
1251 1039 1427 1088 personis
1456 1041 1490 1077 &
1518 1040 1651 1085 rebus,
1675 1050 1776 1088 quae
1803 1041 2027 1077 varietatem
2043 1040 2135 1090 ipsis
2150 1054 2229 1080 non

297 1087 536 1126 mediocrem
572 1089 772 1133 adferunt;
809 1089 874 1128 htc
910 1104 991 1129 non
1020 1103 1173 1130 summo
1202 1091 1283 1130 iure
1311 1105 1381 1141 per
1408 1091 1539 1130 omnia
1567 1092 1762 1141 agendum
1791 1099 1865 1130 est:
1895 1094 1964 1129 sed
1992 1106 2039 1130 ex
2066 1094 2226 1132 circum-

297 1140 444 1178 stantiis
472 1154 743 1190 personarum„
773 1146 979 1193 rerumque
1006 1146 1246 1194 exploranda
1274 1145 1566 1194 diligentissime
1593 1145 1685 1183 iuris
1712 1145 1911 1195 analogia,
1940 1146 2086 1195 nequid
2101 1147 2230 1197 specie

297 1193 389 1231 iuris
417 1201 553 1232 contra
581 1194 639 1232 ius
668 1196 704 1232 ἃ
731 1196 964 1245 aequitatem
994 1197 1272 1236 committatur.
1303 1200 1500 1247 Respectu
1529 1197 1644 1249 igitur
1670 1209 1926 1248 personarum
1951 1200 2127 1237 &rerum
2143 1200 2229 1238 sim-

298 1246 450 1296 pliciter
483 1247 580 1285 ratio
617 1250 837 1288 communis
875 1252 909 1288 &
946 1250 1002 1288 ius
1038 1263 1249 1289 commune
1285 1251 1454 1289 obtinet:
1485 1253 1521 1290 δε
1556 1251 1792 1301 quicumque
1821 1251 1996 1300 personis
2024 1259 2089 1289 aut
2116 1254 2230 1291 rebus

297 1300 519 1349 indulgent,
561 1307 626 1339 aut
654 1305 792 1340 contra
820 1303 995 1341 duriores
1025 1312 1112 1342 sunt
1143 1306 1179 1342 &
1208 1304 1416 1354 iniquiores
1444 1304 1483 1342 in
1512 1317 1576 1342 eas
1605 1317 1651 1342 ex
1679 1304 1797 1342 animi
1826 1304 1883 1341 sui
1912 1304 2121 1354 sententia,
2150 1319 2228 1344 non

298 1360 426 1390 autem
464 1353 840 1393 circumstantiarum
877 1357 1096 1406 analogiam
1134 1360 1314 1396 accurate
1351 1358 1577 1407 expendunt
1613 1356 1755 1395 trutina
1787 1356 2007 1407 aequitatis,
2044 1357 2067 1406 ij
2102 1366 2230 1397 rectae

300 1405 439 1444 rationi
478 1407 514 1444 ἃ
550 1408 750 1445 communi
779 1408 850 1446 iuri
879 1411 1152 1448 aduersantur:
1183 1412 1291 1460 quod
1322 1410 1379 1448 ius
1407 1423 1486 1448 non
1515 1413 1562 1449 eo
1591 1410 1718 1448 minus
1747 1422 1956 1448 commune
1984 1417 2060 1462 est,
2089 1411 2180 1461 quia
2207 1414 2230 1449 a

298 1460 411 1497 Mose
440 1459 600 1503 dicitur:
631 1463 700 1498 sed
728 1465 865 1500 contra
893 1476 940 1501 eo
970 1463 1054 1513 ipso
1084 1476 1294 1502 commune
1322 1471 1399 1510 θεῖἸ
1428 1465 1536 1513 quod
1563 1466 1586 1501 a
1607 1465 1720 1501 Mose
1734 1465 1858 1513 aeque
1875 1463 2014 1501 dicitur
2028 1471 2069 1501 vt
2083 1466 2133 1502 ab
2148 1464 2230 1503 aliis

298 1511 444 1550 dictum
473 1520 541 1550 est.
572 1515 624 1550 At
651 1526 699 1551 eo
729 1514 868 1552 certius
896 1518 931 1554 δι
960 1516 1128 1554 sanctius
1156 1517 1260 1555 idem
1292 1517 1349 1555 ius
1378 1518 1605 1555 habendum
1628 1524 1685 1554 est
1701 1517 1843 1566 (quiaa
1860 1518 1973 1555 Mose
1988 1516 2136 1554 dictum
2151 1525 2228 1567 θεῖἴ

296 1565 515 1614 legislatore
543 1565 895 1616 incorruptissimo„
927 1571 962 1607 &
990 1570 1095 1607 fideli
1123 1570 1353 1608 administro
1383 1570 1422 1607 in
1451 1577 1534 1608 tota
1561 1570 1684 1607 domo
1713 1569 1799 1607 Dei.
1829 1571 2023 1619 Respectu
2051 1573 2144 1608 vero
2160 1570 2230 1608 cir·

296 1618 634 1664 cumstantiarum,
665 1632 764 1669 quae
792 1629 881 1659 sunt
909 1623 1132 1666 mutabiles„
1160 1623 1275 1661 etiam
1306 1623 1501 1661 mutabilis
1528 1623 1693 1661 efficitur
1718 1622 1810 1660 iuris
1837 1623 2030 1673 analogia.
2058 1623 2229 1661 Proinde

294 1673 363 1720 (μα’
385 1673 471 1708 iure
497 1675 686 1710 commum·
712 1675 876 1711 ciuiliter
903 1688 951 1712 ex
979 1678 1060 1724 lege
1086 1678 1215 1713 Illosis
1243 1689 1333 1713 reus
1361 1678 1495 1714 mortis
1511 1681 1584 1719 esti
1610 1677 1705 1713 idem
1721 1689 1811 1713 reus
1827 1678 1961 1714 mortis
1975 1677 2045 1713 lzoc
2060 1682 2229 1727 tempore

292 1725 488 1762 habendus
514 1731 588 1762 est:
615 1727 725 1763 Mun
754 1729 863 1764 vniat
892 1733 947 1765 est
971 1730 1140 1766 iustitiae
1167 1731 1269 1766 rasio
1299 1730 1348 1766 ξεν
1371 1730 1630 1767 immutabilis.
1663 1729 1983 1766 Cz'rcmnstantiae
1997 1731 2110 1778 verb,
2135 1735 2177 1768 vt
2188 1731 2228 1766 ἐκ

287 1777 434 1826 factis,
463 1779 516 1815 sic
542 1780 582 1816 in
611 1781 696 1816 iure
721 1781 882 1818 variant
906 1783 1238 1831 quamplm'z'7717m‚
1267 1784 1434 1831 quadam
1463 1783 1627 1819 rationis
1655 1783 1852 1829 analogia.

348 1832 442 1868 Hoc
469 1831 616 1869 dictum
642 1844 722 1869 non
753 1840 881 1881 potest
908 1834 1156 1871 commodius
1185 1834 1345 1884 intelligi
1374 1837 1492 1883 quam
1508 1834 1632 1872 allatis
1648 1833 1853 1884 exemplis,
1878 1846 1978 1882 quae
1994 1834 2229 1872 euidentiam

295 1885 410 1921 rebus
446 1884 596 1923 adferre
626 1886 763 1922 solent.
793 1888 836 1923 In
866 1894 949 1924 toto
978 1894 1108 1924 autem
1137 1889 1406 1937 exemplorum
1435 1900 1576 1937 genere
1601 1888 1750 1924 nullum
1782 1894 1838 1924 est
1865 1887 2082 1925 euidentius
2111 1890 2229 1936 quam

295 1937 404 1986 quod
433 1937 482 1974 de
510 1938 645 1987 poenis
672 1950 829 1977 reorum
857 1946 935 1985 θεῖ,
964 1940 1031 1989 qui
1059 1941 1219 1978 alicuius
1247 1942 1385 1989 culpae
1413 1940 1578 1978 ciuiliter
1596 1942 1654 1989 (vt
1668 1942 1828 1988 vocant)
1844 1940 2166 1989 reprehensibiles
2183 1954 2230 1978 ex

295 1992 379 2039 lege
409 1990 582 2028 conuicti
610 1998 711 2029 sunt.
740 1993 842 2029 Nam
870 1993 1042 2042 alioquin
1071 1994 1101 2031 si
1130 1994 1224 2042 quid
1253 1995 1358 2043 leges
1387 2000 1454 2031 aut
1481 1993 1633 2038 iubent.
1664 1999 1730 2030 aut
1756 2000 1907 2041 vetant,
1935 2000 2000 2030 aut
2016 1993 2131 2031 etiam
2147 2006 2230 2042 per-

297 2044 470 2091 mittunt„
499 2056 579 2081 non
607 2051 736 2093 potest
765 2045 803 2082 in
833 2058 880 2083 eo
910 2053 990 2083 tam
1020 2046 1223 2095 perspicue
1252 2048 1302 2084 ab
1331 2046 1514 2085 omnibus
1541 2046 1639 2084 ratio
1669 2045 1760 2083 iuris
1789 2045 1888 2083 illius
1912 2046 2133 2093 obseruarig
2157 2048 2230 2084 &a

294 2095 487 2144 plerisque
516 2097 606 2134 satis
633 2104 691 2134 est
719 2098 951 2146 obsequium
980 2100 1165 2148 praestari
1193 2100 1288 2149 legi„
1317 2099 1494 2149 quamuis
1523 2099 1715 2137 rationem
1742 2098 1841 2136 illius
1870 2111 1951 2136 non
1980 2099 2032 2136 ita
2061 2098 2228 2148 capiant.

298 2148 558 2187 Praemiorum
588 2153 680 2188 vero
709 2152 1100 2201 munerationumque
1129 2154 1305 2201 exempla
1336 2161 1419 2190 tum
1447 2165 1533 2190 rara
1560 2160 1647 2190 sunt
1676 2153 1711 2189 &
1740 2151 2016 2201 infrequentia„
2039 2159 2119 2189 tum
2135 2155 2229 2190 vero

296 2201 420 2239 minus
448 2203 624 2251 exposita
652 2205 861 2242 multorum
879 2205 1095 2254 cognitioni
1108 2214 1224 2254 atque
1245 2205 1406 2244 iudiciis.
1436 2206 1514 2243 Sed
1529 2217 1744 2254 poenarum
1760 2204 2110 2255 suppliciorumue7
2130 2217 2229 2254 quae

295 2254 520 2293 hominibus
555 2263 693 2294 contra
728 2258 855 2306 legem
892 2257 1137 2296 venientibus
1176 2258 1453 2307 importantur.
1494 2259 1672 2308 exempla
1702 2266 1791 2295 sunt
1822 2257 2151 2306 frequentissima.
2180 2258 2230 2295 ad

297 2308 471 2345 omnium
512 2309 777 2358 cognitionem
807 2312 843 2348 &
872 2311 909 2347 in
940 2311 1064 2348 oculis
1093 2311 1268 2348 omnium
1298 2313 1427 2360 palam
1456 2311 1654 2360 exposita,
1683 2325 1718 2349 α
1747 2310 1993 2348 infestissima
2020 2312 2231 2348 multorum

297 2360 466 2409 iudiciis„
505 2362 595 2410 quia
633 2362 808 2411 plerique
838 2364 887 2401 ad
917 2376 1072 2401 reorum
1104 2364 1418 2412 excusationem„
1447 2363 1759 2413 iudiciorumque
1787 2363 2074 2401 accusationem
2104 2363 2232 2412 specie

297 2413 585 2452 misericordiae
613 2415 724 2453 facile
752 2415 996 2454 inclinantur.
1026 2417 1279 2467 Quapropter
1303 2430 1350 2455 ex
1374 2419 1450 2455 hoc
1474 2428 1562 2454 vsus
1582 2417 1715 2467 legalis
1737 2429 1880 2467 genere
1902 2417 2080 2466 exempla
2105 2429 2231 2465 sump-

297 2466 370 2503 turi
401 2478 555 2517 sumus‚
588 2468 728 2516 quibus
757 2470 834 2506 hoc
861 2469 1015 2507 axioma
1044 2472 1283 2518 postremum
1313 2471 1567 2508 declaremus.

349 2518 525 2557 Dicimus
553 2533 646 2569 ergo
675 2534 765 2558 eum
800 2521 866 2569 qui
894 2521 974 2559 iure
1003 2523 1204 2560 communi
1232 2522 1396 2561 ciuiliter
1423 2536 1469 2560 ex
1496 2525 1583 2572 lege
1611 2521 1734 2560 Mosis
1759 2534 1846 2559 reus
1870 2521 2005 2560 mortis
2030 2527 2105 2571 θεῖ,
2130 2531 2234 2559 eum-

296 2572 385 2608 dem
414 2584 523 2609 reum
553 2573 690 2611 mortis
719 2575 794 2611 hoc
822 2583 1000 2623 ternpore
1028 2576 1252 2613 habendum
1282 2589 1385 2613 esse:
1415 2575 1455 2614 id
1483 2582 1561 2619 est.
1591 2574 1752 2613 &morti
1768 2574 1992 2619 addictum„
2017 2573 2232 2612 secundum

296 2624 487 2662 rationem
515 2628 537 2662 a
565 2627 653 2663 Deo
681 2628 983 2677 praescriptam„
1013 2629 1047 2665 ἃ
1077 2630 1100 2665 a
1127 2628 1319 2666 iudicibus
1346 2628 1480 2666 mortis
1508 2628 1781 2666 addicendum.
1818 2628 1895 2666 Sed
1924 2628 2020 2664 duas
2049 2625 2232 2665 distincti-

295 2690 390 2715 ones
419 2686 526 2716 certo
558 2680 720 2717 consrlio
753 2681 1006 2722 adhibemus„
1036 2682 1125 2718 clim
1155 2681 1257 2719 istud
1286 2682 1334 2719 de
1363 2694 1431 2719 reo
1457 2681 1592 2719 mortis
1609 2683 1756 2730 exlege
1770 2681 1892 2718 Mosis
1907 2679 2232 2730 pronunciamus,

300 2729 489 2770 dicendo:
518 2745 623 2770 reum
653 2734 738 2770 iure
766 2735 972 2785 communi,
1000 2735 1178 2775 ciuiliter.
1206 2733 1315 2774 Prior
1344 2734 1541 2773 distinctio
1570 2740 1628 2772 est
1655 2740 1835 2786 respectu
1854 2733 2116 2782 fundamenti,
2140 2733 2230 2769 cum

2123 2795 2231 2823 reum
