2334 3020
283 117 356 165 258
900 122 1123 151 THESES
1164 120 1591 151 THEOLOGICAE.

607 280 752 318 XLIX.
807 279 894 316 DE
937 278 1448 318 SACRAMENTIS
1489 281 1559 318 IN
1601 279 1898 318 GENERE.

348 397 708 451 Quandoquidem
755 396 956 451 Spiritus
990 396 1206 446 Sanctus,
1239 403 1289 438 vt
1319 397 1442 438 nobis
1473 396 1667 451 applicet
1697 397 1912 452 quicquid
1937 397 2000 437 ad
2026 397 2213 438 salutem

283 459 548 512 requiritur,
583 472 668 499 non
699 459 871 499 tantum
903 458 1034 499 verbo
1058 457 1173 514 fidei
1204 462 1271 498 uti
1297 457 1463 506 voluit,
1497 472 1651 499 verum
1683 459 1816 500 etiam
1838 458 2030 498 alterum
2049 458 2214 498 instru-

280 525 493 567 mentum,
530 518 822 559 Sacramenta
854 519 1023 559 scilicet
1038 518 1238 566 adlzibet,
1263 518 1425 558 idcirco
1443 532 1538 559 cum
1557 519 1777 572 bucusque
1792 518 1844 558 de
1860 518 1990 559 verbo
2005 518 2212 565 maxime,

281 580 425 632 iisque
465 593 576 632 quae
616 579 679 619 ad
717 579 1097 620 ministrationem
1137 579 1263 619 verbi
1297 579 1527 632 pertinent
1564 579 1732 620 abunde
1770 579 1883 620 satis
1924 579 2090 619 dictum
2129 578 2213 625 sit,

283 640 458 680 ordinis
491 640 628 681 series
657 639 857 691 postulat
887 646 938 681 vt
967 639 1031 679 ad
1060 638 1373 688 Sacramenta,
1407 640 1533 680 verbi
1562 639 1693 681 illius
1709 638 2214 694 appendicis&sigilla‚

279 700 483 754 deinceps
529 699 799 741 accedamus.
853 699 1003 753 Atque
1052 699 1135 740 lcac
1182 700 1356 753 quidem
1404 699 1708 753 disputatione
1748 701 1800 741 a'e
1832 699 2137 742 Sacramentis
2168 699 2216 739 in

275 775 440 815 genere
472 774 667 815 agemus,

1110 901 1326 938 THEsls
1367 901 1398 939 I.

338 1020 633 1060 Sacramentum
662 1032 740 1059 vox
768 1019 908 1058 Latina
934 1024 992 1057 est
1018 1020 1041 1055 a
1068 1018 1260 1056 sacrando
1290 1018 1473 1056 deducta.
1502 1017 1622 1056 Cuius
1651 1017 1760 1056 vocis
1789 1028 1899 1055 vsum
1937 1017 2064 1055 Latini
2090 1017 2218 1055 Theo-

285 1074 366 1124 logi
394 1087 441 1112 ex
470 1073 671 1112 communi
698 1085 770 1112 vsu
797 1073 848 1111 ad
877 1078 1013 1111 coetus
1041 1071 1283 1109 Ch1istianos
1311 1071 1490 1109 videntur
1504 1071 1762 1119 transtulisse
1780 1070 1942 1108 mutuati
1958 1069 2102 1109 501110οϊ
2117 1070 2218 1108 113110

284 1140 424 1166 vocem
452 1129 475 1164 a
504 1126 658 1165 militari
687 1126 753 1165 illo
784 1125 1031 1165 iureiurando
1059 1136 1139 1184 quo
1169 1124 1309 1163 milites
1337 1124 1487 1174 reipub.
1515 1123 1705 1174 primum,
1731 1123 1874 1162 deinde
1898 1123 2055 1162 Caesari
2069 1123 2219 1161 solenni

287 1182 322 1218 &
350 1192 462 1219 sacro
492 1180 665 1239 quodam
694 1180 789 1230 ritu,
819 1179 935 1218 etiam
963 1177 1209 1237 praescriptis
1236 1177 1364 1215 verbis
1392 1190 1477 1216 sese
1500 1190 1650 1216 sacrare
1672 1184 1750 1226 atq.
1766 1176 2007 1236 obstringere
2022 1177 2217 1226 solebant,

285 1238 409 1283 eaque
451 1233 600 1272 ratione
627 1233 976 1271 accommodantes
1004 1231 1113 1269 vocis
1140 1230 1252 1268 huius
1281 1242 1392 1268 vsum
1423 1231 1474 1269 ad
1502 1242 1654 1269 sacrum
1683 1230 1777 1268 illud
1805 1229 1920 1289 quasi
1937 1230 2217 1278 iuramentum,

285 1286 394 1345 quod
435 1285 641 1325 intercedit
677 1286 776 1324 inter
816 1287 945 1324 Deum
988 1286 1024 1323 &
1064 1285 1198 1322 fideles
1227 1296 1308 1321 non
1337 1283 1580 1334 simpliciter,
1609 1283 1678 1322 sed
1707 1283 1941 1333 interpositis
1970 1284 2005 1321 &
2035 1281 2218 1321 adhibitis

284 1338 403 1377 sacris
445 1338 582 1378 ritibus
623 1352 670 1377 ac
699 1338 931 1377 ceremoniis
959 1337 1262 1376 constabilitum.
1291 1338 1422 1386 Atque
1452 1338 1550 1375 haec
1579 1336 1738 1386 quidem
1767 1349 1867 1386 vox,
1895 1336 1970 1374 iam
1999 1338 2022 1374 a
2050 1336 2218 1385 profano

289 1393 340 1430 ad
374 1403 529 1430 sacrum
568 1403 680 1430 vsum
720 1392 903 1430 translata
945 1402 1066 1440 quum
1096 1398 1268 1429 sumatur
1299 1392 1360 1428 vel
1390 1390 1590 1440 opposite,
1619 1391 1654 1428 &
1692 1389 1851 1439 quidem
1879 1396 1944 1427 aut
1971 1390 2119 1427 tantum
2147 1400 2219 1438 pro

286 1445 423 1496 signo,
451 1451 518 1483 aut
544 1446 695 1483 tantum
722 1457 795 1495 pro
824 1445 975 1494 signato
1003 1456 1073 1493 per
1101 1443 1400 1493 synecdochen:
1430 1444 1491 1482 vel
1519 1444 1697 1481 absolute
1724 1455 1796 1492 pro
1826 1450 2008 1492 vtroque,
2035 1441 2076 1479 id
2104 1448 2162 1479 est
2176 1440 2221 1478 si-

282 1504 402 1557 gnato
430 1497 562 1547 simul,
591 1497 672 1536 siue
700 1510 773 1548 pro
801 1497 884 1536 tota
912 1496 976 1535 illa
1004 1496 1160 1555 actione
1189 1508 1298 1534 sacra
1327 1508 1427 1546 quae
1453 1497 1617 1534 salutem
1646 1497 1988 1534 Sacramentorum
2015 1493 2218 1544 participa-

285 1551 433 1589 tionem
474 1551 692 1589 concurrit:
730 1563 823 1601 nos,
866 1549 987 1600 priori
1022 1548 1183 1599 omissa,
1219 1549 1474 1599 posteriorem
1503 1550 1584 1588 eius
1613 1548 1935 1599 significationem
1961 1547 2128 1586 maxime
2155 1546 2218 1584 hic

286 1610 506 1654 spectantes
534 1604 828 1642 Sacramentum
856 1604 933 1641 1100
961 1603 1083 1641 111οᾱ0
1114 1602 1334 1641 definimus.

339 1670 373 1696 2.
427 1658 722 1697 Sacramentum
752 1663 810 1696 est
837 1656 940 1695 actio
969 1668 1077 1695 sacra
1103 1654 1285 1694 diuinitus
1313 1655 1505 1706 instituta,
1533 1655 1573 1692 in
1603 1654 1679 1704 qua
1706 1655 1840 1693 fideles
1855 1653 2011 1704 publice
2027 1653 2217 1701 oblatum,

285 1710 501 1760 Euangelio
531 1709 730 1749 Christum
762 1709 972 1759 omniaque
998 1708 1190 1747 beneficia
1220 1708 1319 1754 eius,
1365 1709 1486 1746 verbo
1515 1708 1605 1746 fidei
1631 1707 1826 1758 exposita,
1855 1707 1927 1745 sibi
1956 1706 2151 1756 applicant
2181 1708 2216 1744 &

283 1762 421 1801 vniunt
465 1763 587 1801 modo
616 1763 790 1813 quodam
818 1761 1023 1813 singulari,
1051 1760 1221 1799 vicissim
1243 1769 1374 1799 autem
1402 1761 1676 1811 gratitudinem
1706 1761 1741 1798 &
1766 1760 1948 1810 pietatem
1978 1771 2087 1798 suam
2127 1771 2218 1808 erga

284 1817 414 1854 Deum
442 1817 690 1867 profitentur,
718 1815 818 1854 inter
846 1828 887 1854 se
915 1813 1050 1853 mutua
1073 1813 1260 1853 charitate
1289 1816 1538 1864 copulantur,
1567 1816 1602 1852 &
1630 1815 1681 1852 ab
1709 1813 1917 1852 incredulis
1946 1820 2129 1862 tanquam
2152 1824 2218 1861 po-

286 1871 401 1919 pulus
429 1869 591 1919 quidam
619 1845 822 1919 peculiaris
848 1868 924 1907 Dei
952 1868 1236 1907 discernuntur.

341 1935 377 1971 3.
437 1923 604 1961 Causam
647 1921 899 1968 efficientem,
943 1928 1200 1971 autoremque
1242 1921 1583 1958 Sacramentorum
1619 1920 1821 1958 statuimus
1849 1920 1976 1957 solum
2004 1919 2153 1966 Deum,
2184 1919 2220 1955 &

285 1975 442 2013 vnicum
469 1974 545 2014 Dei
570 1975 855 2024 hominumque
884 1973 1140 2012 mediatorem
1168 1975 1297 2012 Iesum
1325 1973 1536 2012 Christum.
1563 1974 1664 2011 Nam
1688 1972 1786 2011 sicut
1804 1971 1880 2010 Dei
1900 1970 2018 2010 solius
2034 1977 2092 2009 est
2106 1982 2220 2020 quae-

286 2039 443 2078 cunque
477 2027 736 2066 Sacramentis
764 2029 1016 2066 conferuntur
1042 2025 1289 2077 promittere,
1317 2026 1370 2064 ita
1397 2026 1511 2064 etiam
1540 2025 1639 2064 illius
1667 2025 1786 2064 solius
1813 2032 1870 2063 est
1898 2023 2105 2074 obsignare
2122 2035 2222 2073 quae

286 2081 325 2119 in
367 2082 489 2120 verbo
535 2080 726 2131 promisit.
767 2081 882 2119 Adeo
918 2087 960 2119 vt
987 2080 1079 2118 hinc
1107 2080 1212 2118 nulla
1240 2078 1463 2138 hominibus
1486 2079 1693 2118 auctoritas
1720 2077 1945 2117 instituendi
1973 2077 2221 2115 Sacramenta

287 2133 536 2184 relinquatur.
581 2135 683 2172 Nam
726 2133 1068 2193 quemadmodum
1100 2131 1154 2170 1111
1190 2131 1490 2192 promissionem
1517 2131 1663 2183 gratiae
1691 2130 1950 2170 Sacramentis
1976 2142 2128 2189 semper
2155 2142 2220 2167 an-

284 2199 426 2225 nexam
455 2188 547 2226 dare
576 2193 796 2237 nequeunt,
824 2186 877 2224 ita
903 2198 1031 2236 neque
1058 2184 1150 2236 ipsis
1171 2186 1280 2236 signa
1304 2187 1339 2224 &
1367 2184 1491 2235 sigilla
1517 2185 1736 2223 d1u1narum
1751 2185 1903 2222 illarum
1919 2182 2219 2234 promissionum

287 2241 365 2279 vllo
395 2240 517 2278 modo
547 2239 792 2278 comminisci
818 2239 908 2278 licet
935 2247 1012 2289 atq.
1041 2238 1318 2289 praescribere.
1347 2239 1463 2277 Vnde
1490 2245 1669 2289 apparet,
1699 2239 1815 2297 quam
1843 2238 1918 2275 sint
1944 2236 1998 2274 illi
2024 2235 2062 2273 in
2090 2237 2219 2273 Deum

286 2292 441 2344 iniurij,
470 2292 536 2343 qui
564 2293 626 2331 vel
652 2304 757 2331 noua
783 2292 1022 2331 fabricantur
1050 2292 1323 2342 Sacramenta
1348 2292 1408 2329 vel
1437 2290 1482 2329 iis
1510 2303 1610 2341 quae
1638 2292 1764 2329 aDeo
1780 2288 2219 2340 1nsututasunt,quoad

294 2346 569 2397 substantiam,
591 2345 739 2395 aliquid
767 2347 828 2385 vel
851 2346 1019 2396 addere
1048 2346 1112 2384 vel
1138 2344 1340 2383 detrahere
1369 2343 1591 2382 moliuntur.

344 2412 380 2446 4.
439 2400 611 2437 Materia
645 2399 803 2448 duplex.
839 2400 1013 2437 Externa
1049 2399 1085 2436 &
1113 2396 1376 2448 elementaris,
1405 2409 1505 2447 quae
1531 2397 1652 2436 variat
1680 2396 1719 2434 in
1750 2396 1925 2446 quolibet
1956 2396 2221 2434 Sacramento.

289 2453 448 2490 Interna
476 2454 511 2490 &
535 2450 740 2501 spiritualis
767 2463 867 2501 quae
894 2464 1046 2502 semper
1078 2463 1220 2502 genere
1248 2452 1283 2489 &
1312 2449 1525 2489 substantia
1547 2450 1684 2489 eadem
1713 2456 1782 2488 est.
1809 2450 1895 2487 Has
1921 2461 1982 2487 res
2010 2447 2123 2486 etiam
2138 2459 2220 2485 non

288 2503 544 2543 incommode
572 2503 739 2554 partium
767 2505 946 2555 nomine,
976 2504 1044 2543 sed
1073 2503 1334 2543 essentialium
1362 2502 1407 2562 (f.
1433 2513 1528 2553 1725
1536 2505 1560 2551 .)
1577 2515 1736 2542 censere
1751 2513 1969 2552 possumus.
1997 2501 2099 2538 Nam
2115 2499 2219 2549 quic-

289 2558 384 2607 quid
412 2564 469 2596 est
490 2557 529 2595 in
558 2558 835 2607 Sacramento,
863 2564 928 2596 aut
956 2557 995 2595 in
1020 2569 1153 2595 sensus
1181 2563 1361 2596 externos
1388 2555 1566 2606 incurrit,
1598 2563 1662 2595 aut
1689 2568 1750 2594 res
1780 2562 1837 2593 est
1864 2553 2219 2604 spiritualis&coe-

288 2610 418 2661 lestis,
459 2623 529 2661 per
570 2617 771 2649 externam
811 2587 916 2649 1113111
946 2610 1174 2660 significata.
1203 2610 1314 2648 Istud
1344 2608 1518 2660 signum,
1546 2610 1624 2647 hoc
1653 2611 1747 2647 vero
1775 2607 1966 2666 signatum
1992 2607 2219 2656 appellatur.

350 2673 385 2713 5.
442 2663 607 2702 Materia
636 2669 796 2701 exterra
823 2670 880 2702 est
907 2676 973 2714 ea,
1007 2675 1106 2713 quae
1130 2663 1316 2723 quicquid
1332 2663 1507 2700 sensibus
1522 2661 1722 2701 subiicitur
1737 2659 2030 2720 complectitur,
2044 2658 2220 2696 Verbum

293 2715 438 2754 scilicet
467 2717 503 2755 &
533 2716 766 2766 symbolum.
797 2717 1000 2767 Symbola,
1036 2716 1116 2755 siue
1144 2717 1253 2767 signa
1280 2722 1367 2754 sunt
1396 2728 1457 2754 res
1484 2715 1571 2753 illae
1598 2721 1777 2754 externae
1805 2727 1852 2752 ex
1880 2711 2118 2752 institutione
2145 2710 2219 2748 Dei

288 2770 311 2806 a
345 2770 546 2807 communi
573 2780 644 2807 vsu
671 2775 913 2819 segregatae,
943 2771 978 2807 &
1005 2770 1121 2808 rebus
1135 2769 1294 2808 Internls
1309 2782 1355 2807 ac
1370 2768 1630 2817 spiritualibus
1643 2767 1758 2805 nobis
1775 2765 2055 2816 significandis,
2044 2775 2217 2853 ,repgae-

2002 2824 2136 2856 sentan
2166 2829 2215 2863 15,
