2334 3020
803 105 872 133 Dr:
912 104 1062 132 VERA
1104 102 1456 131 THEOLOGIA.
2038 83 2103 141 73'

154 223 427 266 assequuturus
454 226 514 263 eS,
543 225 615 251 nec
644 211 872 263 dignitatem
899 210 1162 261 Theologiae,
1189 223 1263 249 nec
1290 209 1494 249 veritatem
1522 206 1831 258 subiecti,quod
1846 207 1943 246 haec
1957 207 2085 246 Theo-

153 271 256 321 logia
299 274 476 320 generat,
512 267 548 304 &
587 265 745 315 quicum
774 268 797 304 a
824 267 913 304 Deo
941 263 1230 303 communicata
1256 270 1326 302 est.
1366 262 1540 302 Omnino
1566 261 1696 309 itaque
1724 259 1923 310 duplicem
1951 261 2080 298 Theo-

153 323 282 374 logiae
321 321 511 360 rationem
552 318 734 357 constitui
773 321 796 356 a
831 317 945 357 nobis
981 329 1141 356 necesse
1169 322 1246 366 est,
1274 315 1595 366 quandoquidem
1623 314 1706 364 ipsa
1733 312 1772 351 in
1800 325 1841 352 se
1870 326 1918 351 ex
1946 320 2083 352 natura

155 375 397 424 essentiaque
433 385 501 411 sua
537 371 645 410 aliter
674 373 922 421 obseruatur,
951 373 1070 420 quam
1098 369 1138 408 in
1165 368 1341 408 subiecto
1367 368 1435 407 illo
1463 367 1569 407 tenui
1596 366 1829 416 infirmoque
1858 365 2082 416 hominum,

155 429 223 479 qui
255 442 301 466 ex
336 424 587 477 perceptione
625 426 661 462 &
689 423 1039 474 comprehensione
1067 422 1168 461 illius
1195 421 1391 472 Theologi
1417 421 1672 471 appellantur.
1714 419 1890 457 Priorem
1918 420 2082 458 modum

154 481 395 530 Theologiae
423 479 511 516 curn
538 477 762 516 nominibus
789 477 927 528 ipsius,
943 483 1026 515 tum
1043 482 1148 515 certa
1162 474 1483 514 determinatione
1498 471 1870 522 circumscribimus,
1887 471 2061 511 dicentes
2074 502 2084 522 ,

155 547 233 572 esse
271 534 483 571 absolutam
523 532 624 569 llanc
671 532 937 579 Theologiam,
980 531 1029 567 ἐφ’
1065 530 1104 567 T
1097 530 1310 577 lzeologiam
1352 529 1553 566 secundam
1586 539 1646 572 se,
1671 531 1753 575 pro
1776 527 2085 564 communicantis

155 588 275 625 modo.
318 585 550 623 Absolutam
585 583 688 622 enim
724 595 845 633 quum
873 582 1056 633 dicimus,
1085 580 1289 621 consilium
1316 587 1493 620 nostrum
1520 591 1604 619 esse
1631 578 1874 617 ostendimus
1896 590 2010 628 agere
2035 578 2086 616 de

155 638 374 689 Theologia
415 638 593 676 absolute
633 636 936 686 simpliciterque
978 635 1241 685 considerata,
1284 633 1379 672 citra
1414 632 1688 672 admistionem
1716 630 1772 669 rei
1801 630 1978 682 alterius,
2005 631 2087 669 siue

155 691 337 741 subiecti,
366 691 446 728 siue
473 689 653 741 aliarum,
680 690 941 739 vndecunque
968 688 1065 738 sint,
1093 689 1143 726 ad
1172 700 1258 726 eam
1284 686 1568 726 accedentium.
1599 685 1849 734 Quapropter
1872 682 1971 722 eiam
1986 684 2084 722 haec

156 743 375 794 Theologia
414 743 628 782 secundum
664 742 849 792 appellari
876 744 992 793 solet,
1019 740 1061 779 id
1088 747 1165 791 est,
1194 740 1410 779 secundum
1437 739 1650 777 naturalem
1679 736 1970 783 conditionem,
1998 749 2086 786 pro-

156 797 359 848 priamque
392 796 598 835 essentiam
636 797 691 844 (vt
718 797 877 844 vocant)
905 795 1040 845 ipsius:
1076 796 1135 832 Ita
1162 800 1202 831 vt
1227 792 1322 831 nihil
1349 792 1519 831 alienum
1547 791 1587 830 in
1615 803 1662 829 ea
1688 790 1757 840 sit,
1786 790 1822 827 &
1849 789 1945 827 nihil
1972 800 2084 827 suum

159 863 240 890 non
282 851 330 889 sit
370 849 409 888 in
452 862 514 899 ea,
556 855 673 898 prout
707 855 765 887 est
796 851 820 886 a
847 849 935 886 Deo
964 847 1183 886 informata.
1225 845 1353 884 Huius
1380 848 1475 883 vero
1503 842 1775 883 determinatio
1803 842 1977 892 pauculis
2011 841 2085 880 illis

157 903 288 943 verbis
317 906 341 941 a
369 903 483 941 nobis
510 902 636 952 posita
663 908 740 953 est,
759 907 841 951 pro
867 902 977 939 modo
1004 900 1325 938 communicantis.
1367 899 1470 936 Nam
1498 898 1589 935 cum
1617 907 1752 934 earum
1775 907 1903 934 rerum
1919 907 2020 945 quae
2034 896 2083 934 ab

152 957 276 996 aliena
304 956 445 994 virtute
472 957 509 993 δε
537 954 710 993 efficacia
737 954 977 1004 procedunt,
1004 952 1146 991 modus
1173 952 1223 990 ab
1251 951 1436 989 effectore
1465 950 1530 988 sit:
1559 949 1779 999 Theologia
1800 955 1949 998 autem,
1974 959 2085 998 argu-

153 1018 328 1049 mentum
364 1009 403 1047 in
426 1009 540 1047 rebus
569 1007 726 1057 creatis,
756 1008 792 1046 &
820 1019 936 1057 supra
963 1018 1023 1045 res
1050 1017 1187 1044 omnes
1215 1010 1384 1054 creatas,
1413 1001 1703 1052 dignissimum,
1730 1013 1812 1039 non
1840 1001 1963 1051 possit
1990 1012 2082 1040 casu

154 1070 221 1102 aut
247 1064 392 1101 temere
427 1062 479 1100 ad
514 1073 587 1099 nos
614 1060 742 1099 delata
770 1072 872 1098 esse:
901 1061 1008 1097 recte
1035 1057 1196 1097 omnino
1224 1056 1371 1095 faciunt
1400 1062 1517 1105 atque
1545 1055 1755 1105 sapienter,
1783 1054 2005 1103 quicunque
2033 1055 2084 1092 ab

156 1118 339 1155 effectore
367 1114 485 1165 ipsius
513 1113 730 1164 percipiunt
757 1112 874 1163 ipsius
889 1112 1065 1150 modum.
1089 1111 1160 1148 Est
1174 1115 1303 1148 autem
1318 1119 1450 1148 earum
1466 1119 1595 1146 rerum
1606 1137 1617 1158 ,
1633 1105 1787 1157 quasvis
1802 1106 1927 1145 aliena
1941 1106 2080 1157 efficit,

157 1170 301 1220 duplex
341 1168 500 1206 modus:
543 1168 656 1205 Unus
682 1167 921 1215 adaequatus
950 1164 1081 1203 virtuti
1109 1161 1309 1201 efficientis
1337 1174 1498 1212 causae,
1526 1159 1862 1210 quemadmodum
1890 1159 2013 1198 homo
2037 1161 2087 1198 ab

156 1221 317 1260 homine
343 1227 566 1272 generatur:
595 1220 723 1269 Alter,
746 1218 905 1257 inferior
927 1231 975 1255 ac
996 1216 1156 1255 minime
1170 1216 1433 1265 adaequatus,
1461 1220 1503 1252 vt
1524 1214 1566 1252 fit
1584 1213 1624 1251 in
1639 1213 1755 1252 rebus
1770 1211 2090 1261 quamplurimis.

158 1277 297 1324 Neque
328 1273 432 1312 enim
460 1285 580 1323 opera
606 1271 797 1310 artificum
825 1271 1093 1319 adaequantur
1120 1268 1198 1307 suis
1225 1267 1456 1318 artificibus,
1484 1278 1611 1316 neque
1626 1272 1785 1305 externa
1799 1277 1919 1314 opera
1931 1264 2091 1303 internis

158 1328 360 1378 operibus,
389 1337 488 1376 quae
517 1325 672 1364 artificis
697 1325 896 1363 voluntate
925 1322 1167 1371 consilioque
1187 1321 1227 1359 in
1250 1320 1382 1359 animo
1406 1320 1676 1359 informantur.
1703 1319 1773 1356 Est
1787 1325 1918 1356 autem
1934 1324 2090 1356 nostrae

159 1379 400 1431 Theologiae
426 1385 565 1418 auctor
592 1379 628 1415 δι
656 1379 816 1416 effector
842 1378 966 1427 Deus,
988 1375 1055 1425 qui
1081 1374 1205 1424 ipsam
1234 1373 1402 1424 gratiose
1418 1375 1507 1412 cum
1527 1385 1669 1423 genere
1683 1371 1858 1409 humano
1874 1370 2090 1408 communi-

159 1441 241 1485 cat,
269 1433 388 1483 sdque
416 1444 488 1482 pro
509 1431 632 1469 modo
657 1441 745 1469 suo:
761 1436 1029 1468 verumtamen
1056 1440 1138 1466 non
1152 1427 1219 1466 illo
1246 1427 1486 1477 adaequato,
1515 1426 1556 1465 id
1583 1432 1660 1477 est,
1676 1437 1748 1474 pro
1763 1423 1885 1462 modo
1900 1423 2089 1462 essentiae

158 1498 269 1536 suae,
305 1497 405 1535 quae
429 1483 578 1523 infinita
605 1490 680 1534 est,
709 1483 779 1522 sed
807 1482 928 1521 modo
955 1494 1037 1519 non
1065 1481 1304 1531 adaequato,
1333 1480 1373 1518 id
1400 1486 1458 1518 est
1484 1492 1556 1529 pro
1584 1480 1708 1517 modo
1735 1476 1946 1516 voluntatis
1975 1489 2090 1527 suae,

155 1538 410 1578 reuelatioues
451 1548 539 1576 suas
574 1534 823 1586 temperantis
859 1535 910 1574 ad
946 1534 1270 1573 commoditatem
1297 1532 1535 1572 conditionis
1563 1539 1733 1571 nostrae.
1770 1543 1862 1569 nam
1891 1529 2087 1580 Sapientia

158 1593 375 1642 adaequata
410 1603 455 1629 ea
491 1596 548 1629 est
576 1601 693 1639 quam
721 1591 757 1627 T
759 1587 981 1639 heologiam
1009 1588 1263 1638 archetypam
1303 1586 1384 1625 siue
1419 1592 1671 1636 prototypam
1707 1583 2008 1634 appellauimus,
2037 1583 2089 1621 ad

155 1657 272 1695 quam
302 1643 477 1695 proxime
503 1641 656 1682 accedit
682 1642 901 1693 Theologia
928 1640 1084 1680 vnionis
1110 1641 1149 1679 in
1179 1639 1334 1679 Christo
1362 1642 1468 1678 Iesu:
1498 1639 1713 1677 secundum
1741 1639 1843 1675 hanc
1870 1635 2090 1686 Theologia

154 1698 313 1737 visionis
335 1698 374 1736 in
400 1697 551 1736 Sanctis
579 1695 829 1734 caelestibus:
857 1695 1012 1734 tertium
1040 1693 1210 1744 denique
1238 1694 1371 1732 locum
1398 1693 1497 1731 haec
1524 1699 1657 1731 nostra
1680 1689 1900 1740 Theologia
1928 1689 2092 1728 obtinet.

155 1764 254 1801 quae
282 1750 314 1789 si
341 1762 432 1789 cum
458 1749 678 1799 Theologia
705 1755 930 1787 sanctorum
959 1747 999 1786 in
1027 1747 1147 1786 coelis
1175 1746 1335 1785 minime
1363 1752 1421 1785 est
1449 1745 1736 1796 comparanda,
1763 1745 1883 1793 longe
1911 1743 2089 1792 profecto

155 1804 321 1854 iniquius
362 1805 534 1842 futurum
574 1809 697 1851 esset,
739 1801 771 1841 si
813 1801 899 1851 quis
938 1813 1026 1839 eam
1063 1812 1154 1839 cum
1182 1799 1403 1850 Theologia
1429 1798 1602 1848 vnionis,
1631 1796 1915 1847 iniquissimum
1943 1794 2092 1833 sicum

157 1856 376 1908 Theologia
403 1857 468 1895 illa
493 1857 704 1905 archetypa
731 1856 767 1893 δι
795 1854 989 1893 essentiali
1015 1855 1133 1892 vellet
1159 1852 1419 1892 committere.
1455 1854 1525 1891 Est
1551 1851 1667 1902 igitur
1704 1850 1847 1889 modus
1888 1849 2090 1887 absolutae

157 1910 269 1949 huius
308 1908 549 1960 Theologiae
589 1911 612 1947 a
652 1907 968 1947 communicante
1010 1907 1145 1957 datus,
1181 1919 1253 1957 pro
1282 1906 1404 1945 modo
1439 1905 1649 1956 sapientiae
1677 1906 1713 1943 &
1741 1901 1926 1942 bonitatis
1954 1900 2093 1951 ipsius,

159 1970 264 2002 certa
291 1965 490 2002 voluntate
518 1961 757 2011 consilioque
787 1961 886 2012 eius,
913 1972 994 2011 quo
1022 1960 1281 1999 revelationes
1308 1971 1397 1998 suas
1425 1957 1732 2008 contemperauit
1760 1954 1979 1994 conditioni
2006 1966 2094 1992 nos-

159 2023 261 2066 trae,
295 2018 331 2054 &
360 2029 443 2055 sese
466 2014 784 2054 accommodauit
809 2016 913 2053 vltro
940 2014 990 2052 ad
1017 2013 1209 2052 rationem
1237 2012 1465 2063 hominum,
1493 2013 1734 2060 salutemque
1761 2007 1961 2047 Ecclesiae
1989 2019 2093 2045 suae.

209 2071 323 2108 Haec
361 2069 426 2107 illa
461 2075 520 2107 est
553 2069 731 2107 absoluta
758 2067 998 2118 Theologia,
1026 2073 1151 2106 totam
1178 2066 1369 2105 rationem
1396 2067 1609 2116 perfectam
1636 2064 1806 2114 perfecte
1835 2061 2093 2112 comprehen-

159 2123 274 2174 dens,
312 2134 431 2173 quam
465 2124 555 2161 Deo
584 2121 728 2172 placuit
754 2122 928 2160 reuelare
954 2120 995 2159 in
1023 2132 1256 2170 commune,
1284 2119 1335 2158 ad
1362 2119 1519 2157 laudem
1546 2118 1691 2168 gratiae
1718 2115 1912 2167 gloriosae
1940 2125 2032 2152 suae
2054 2113 2093 2151 in

157 2176 312 2214 Christo
339 2177 440 2215 Iesu.
480 2177 541 2214 Ex
567 2175 642 2213 hac
669 2181 800 2213 autem
828 2173 959 2213 diuina
986 2174 1102 2223 plane
1129 2174 1341 2223 perfectaq.
1369 2171 1587 2221 Theologia
1601 2167 1874 2209 communitati
1887 2166 2093 2206 hominum

156 2242 224 2279 per
251 2229 326 2268 Dei
353 2229 516 2280 gratiam
544 2227 739 2279 exposita,
767 2227 950 2277 profluxit
977 2228 1098 2265 altera
1124 2227 1189 2264 illa
1216 2226 1315 2264 ratio
1343 2225 1606 2275 Theologiae,
1635 2235 1754 2273 quam
1769 2221 1985 2260 secundum
2000 2219 2095 2269 quid

155 2283 411 2332 appellamus.
452 2281 538 2320 Etsi
564 2294 647 2319 non
675 2288 733 2319 est
761 2280 1036 2331 cogitandum,
1068 2291 1189 2329 quum
1218 2280 1261 2326 (f.
1294 2280 1420 2328 1399.)
1450 2277 1669 2316 modificari
1695 2273 1957 2325 Theologiam
1988 2272 2097 2311 illam

159 2335 332 2374 diuinam
358 2334 652 2386 praedicamus,
680 2346 753 2372 nos
781 2334 831 2372 de
860 2333 1022 2372 veritate
1050 2332 1151 2371 illius
1172 2344 1415 2382 ,quacunque
1443 2332 1492 2370 de
1520 2343 1638 2369 causa
1650 2331 1750 2369 velle
1765 2329 1989 2368 detrahere:
2005 2338 2098 2363 nam

159 2387 423 2439 Theologiam·
453 2388 559 2426 illam
586 2399 838 2437 veneramur,
867 2385 1110 2436 colimusque
1137 2383 1445 2436 religiosissime,
1474 2385 1510 2422 &
1537 2385 1716 2434 lugemus
1743 2382 1872 2433 potius
1900 2378 2099 2418 infirmita-

160 2448 241 2480 tem
279 2449 454 2480 nostram
489 2442 526 2479 &
559 2440 756 2491 angustias
791 2439 932 2478 mentis
960 2446 1136 2488 nostrae,
1166 2441 1285 2489 quam
1313 2445 1355 2476 vt
1383 2439 1431 2476 de
1459 2436 1700 2476 sanctissima
1726 2436 1812 2485 illa,
1841 2435 1876 2472 &
1904 2431 2099 2483 perfectis-

161 2495 258 2532 sima
285 2494 507 2545 Theologia
533 2494 727 2532 tantulum
756 2493 1018 2531 detrahamus.
1060 2493 1139 2531 Sed
1176 2491 1268 2542 quia
1301 2491 1462 2543 virtutes
1500 2493 1638 2529 omnes
1666 2492 1723 2539 (vt
1749 2490 1839 2527 ante
1867 2485 2048 2534 diximus)
2077 2486 2100 2521 a

163 2554 301 2585 natura
337 2549 454 2598 longe
495 2554 584 2586 sunt
623 2546 925 2597 praestantiores
950 2546 989 2584 in
1017 2545 1170 2596 seipsis,
1197 2546 1315 2595 quam
1343 2545 1383 2583 in
1411 2543 1590 2584 subiecto
1618 2544 1698 2581 vllo
1726 2554 1818 2591 suo,
1848 2539 2100 2590 quemadmo-

161 2600 256 2639 dum
297 2600 404 2639 aliud
440 2608 498 2639 est
534 2599 677 2638 iustitia
719 2600 758 2638 in
786 2612 845 2651 se,
874 2599 978 2638 aliud
1005 2599 1149 2637 iustitia
1174 2598 1344 2636 hominis
1372 2610 1464 2636 cum
1492 2596 1735 2636 restrictione
1763 2594 1884 2633 dicta:
1914 2593 1960 2631 θὸ
1989 2592 2031 2629 fit
2058 2596 2100 2629 vt

163 2653 422 2704 Theologiam
450 2654 665 2692 secundum
692 2652 787 2702 quid
814 2654 1056 2703 appellamus
1085 2665 1191 2702 eam,
1215 2663 1315 2701 quae
1342 2652 1382 2690 in
1409 2650 1570 2690 homine
1594 2656 1671 2701 est,
1692 2646 1957 2687 &secundum
1971 2643 2097 2683 homi-

163 2719 278 2758 nem,
307 2706 415 2746 cuius
443 2707 572 2746 forma
599 2706 780 2757 simplex,
807 2704 1027 2756 Theologia
1055 2706 1235 2744 absoluta
1260 2707 1284 2743 a
1311 2705 1426 2744 nobis
1454 2704 1557 2742 dicta
1571 2710 1640 2742 est.
1669 2704 1740 2741 Est
1752 2701 1867 2752 igitur
1880 2696 2100 2747 Theologia

163 2759 228 2799 illa
271 2761 470 2811 absoluta,
512 2761 619 2798 velut
660 2761 788 2797 forma
826 2758 1050 2809 purissima:
1084 2757 1305 2809 Theologia
1331 2760 1424 2797 vero
1453 2757 1668 2796 secundum
1698 2754 1814 2805 quid,
1841 2753 1948 2792 velut
1974 2752 2102 2809 forma

1117 2825 1163 2849 10
1237 2812 1242 2818 '
1918 2811 2102 2844 materlae
