2334 3020
222 46 297 92 480
913 52 1178 81 Einnurci
1222 56 1358 81 PARS
1401 52 1453 83 11.

215 160 572 199 ratiocinationibus
612 166 886 199 euanescentes
921 161 1098 199 Vmbram
1141 160 1236 199 boni
1272 173 1344 211 pro
1367 162 1477 200 bono
1505 162 1798 212 amplexantur:
1828 162 1864 201 δι
1892 168 2023 201 tamen
2052 161 2142 213 quia

216 227 299 253 sese
328 213 539 264 plurimum
566 224 657 251 cum
684 212 758 251 illis
785 212 1031 252 inferioribus
1057 221 1306 265 comparant,
1334 214 1508 265 apprime
1523 215 1699 253 omnium
1714 215 1786 254 sibi
1801 215 1982 254 videntur
1996 228 2144 266 sapere.

217 268 277 304 Ac
300 266 466 316 proinde
492 277 622 316 neque
648 265 709 316 hi,
749 277 878 316 neque
904 265 958 304 illi
986 278 1158 316 vnquam
1189 274 1354 317 possunt
1381 279 1541 307 cernere
1569 267 1664 317 quid
1691 269 1842 307 bonum
1866 269 1902 306 δε
1932 268 2146 307 iucundum

215 332 262 357 ex
288 319 448 358 veritate
476 319 535 358 sit.
563 320 717 357 Bonum
744 323 838 358 vero
866 321 902 358 δε
931 318 1168 370 iucundum,
1197 321 1306 369 quod
1334 320 1495 369 quidem
1521 323 1612 359 vere
1639 322 1790 359 bonum
1805 327 1920 371 atque
1933 321 2145 360 iucundum

216 378 291 422 est,
320 372 416 410 illud
445 373 706 422 appellamus,
739 373 848 421 quod
875 385 992 410 vnam
1020 373 1138 411 habet
1167 379 1412 411 constantem
1440 378 1651 423 veramque
1664 374 1929 424 symmetriam
1944 374 2026 413 siue
2040 387 2146 413 com·

214 437 390 463 mensum
433 432 470 463 et
509 424 834 464 commoditatem
862 425 976 464 boni:
1020 425 1072 463 ita
1101 432 1142 463 ut
1169 438 1241 464 nec
1269 426 1501 476 particulare
1529 427 1578 465 de
1605 427 1830 477 communi,
1863 440 1939 466 nec
1976 430 2145 478 particu-

214 479 293 516 lare
324 484 390 516 aut
424 489 636 517 commune
674 478 725 516 de
766 478 972 518 vniuersali
1012 479 1221 529 derogent,
1263 491 1337 517 nec
1378 481 1584 530 corporale
1624 480 1784 530 spiritali
1821 480 2145 530 impedimentum

214 532 367 582 afferat,
402 543 475 570 nec
511 530 649 570 sensile
675 537 741 569 aut
777 533 951 570 naturale
988 531 1127 570 morali
1166 531 1290 583 obsit,
1330 545 1405 571 nec
1446 533 1615 583 denique
1655 545 1839 583 praesens
1880 535 1915 572 δε
1953 534 2145 573 caducum

213 585 343 622 futuro
371 589 608 633 aeternoque
635 584 881 635 aduersetur3
910 585 981 623 sed
1007 583 1190 623 inferiora
1218 585 1506 637 superioribus,
1535 585 1667 624 omnia
1694 597 1848 625 summo
1877 588 1914 624 <Sc
1941 586 2147 625 vniuersali

212 638 320 675 bono
362 647 433 676 suo
475 637 614 675 ordine
650 638 686 675 δε
714 638 805 676 loco
833 637 1056 677 inseruiant.
1085 637 1165 676 Hic
1192 637 1352 676 demum
1379 641 1470 677 vere
1497 641 1649 678 bonum
1670 639 2032 679 esse&iucundum
2047 641 2145 677 affir-

214 701 386 741 mamus,
413 690 479 728 vbi
506 691 603 728 haec
633 689 858 729 constitutio
887 702 1017 729 rerum
1040 690 1374 730 animaduertitur.

265 744 382 781 Hanc
422 742 760 792 constitutionem,
802 744 938 782 saltem
978 750 1095 794 prout
1135 743 1175 782 in
1215 745 1330 783 rebus
1365 744 1542 783 humanis
1572 745 1759 796 praestari
1780 752 1929 797 potest,
1959 745 2079 796 siquis
2108 745 2146 783 in

214 795 359 834 familia
399 803 591 846 cerneret,
620 796 870 835 incredibiles
899 796 957 835 sui
983 809 1138 835 amores
1165 796 1370 848 excitaret,
1400 797 1431 836 si
1457 798 1496 836 in
1525 798 1703 849 ciuitate,
1732 811 1779 838 eo
1807 798 1931 849 gratia
1959 798 2146 848 amplior,

213 848 304 897 quia
331 860 543 887 commune
569 849 665 887 illud
699 855 869 899 praestat
895 850 1141 889 domestico:
1170 850 1201 888 si
1227 850 1266 888 in
1294 851 1476 901 regione:
1505 851 1536 889 si
1563 852 1767 890 inmundo
1782 851 1950 901 denique
1965 851 2146 890 vniuerso

213 901 295 951 (qui
322 908 453 940 tamen
480 903 582 940 hanc
610 901 750 953 refugit
777 902 922 941 malitia
950 906 1032 948 sua)
1061 903 1368 953 praeclarissime
1396 904 1605 944 nobiscum
1632 912 1824 955 ageretur.
1866 905 1944 944 Sed
1972 905 2080 955 quod
2107 904 2146 942 in

211 954 392 992 vniuerso
423 955 591 1005 mundo,
620 955 659 993 in
687 955 846 1006 regione
874 956 1031 1006 mundi,
1060 956 1099 994 in
1128 956 1305 1007 ciuitate,
1334 956 1374 994 in
1403 957 1525 996 domo
1553 959 1630 996 vlla
1645 958 1888 1008 deprehendi
1900 970 1982 997 non
1997 964 2147 1007 potest,

212 1007 307 1045 illud
335 1014 461 1045 totum
488 1008 666 1057 adeoque
689 1008 854 1058 amplius
883 1009 922 1047 in
950 1009 1126 1048 Ecclesia
1155 1009 1269 1048 nobis
1298 1010 1500 1049 exhibetur
1527 1010 1722 1050 beneficio
1750 1011 1837 1049 Dei.
1866 1012 1967 1049 Nam
1984 1011 2056 1049 etsi
2070 1011 2148 1048 hoc

210 1062 360 1098 bonum
400 1062 721 1111 voluptatemque
767 1062 868 1100 hanc
903 1063 1072 1105 mundus
1101 1074 1182 1101 non
1212 1063 1337 1113 videt,
1378 1076 1451 1102 nec
1483 1063 1589 1103 videt
1617 1077 1708 1103 caro
1736 1070 1802 1102 aut
1831 1064 1968 1102 oculus
1994 1063 2146 1102 carnis:

210 1113 343 1152 vident
384 1120 514 1152 tamen
553 1114 777 1163 quicunque
812 1117 950 1154 oculos
978 1117 1126 1154 habent
1152 1115 1282 1155 cordis
1308 1118 1331 1154 a
1358 1117 1447 1155 Deo
1477 1117 1713 1156 illuminatos
1741 1123 1859 1167 atque
1887 1123 2147 1167 expurgatos,

212 1166 250 1204 id
278 1173 354 1214 est,
383 1166 606 1216 quicunque
633 1167 672 1205 in
701 1167 877 1206 Ecclesia
905 1175 1014 1219 sunt,
1044 1169 1079 1206 δε
1106 1168 1146 1206 in
1175 1181 1221 1207 ea
1249 1169 1460 1208 adhaerent
1487 1170 1644 1209 Christo
1672 1170 1817 1209 viuenti
1846 1169 1885 1207 in
1912 1170 2004 1220 ipsis
2032 1176 2147 1218 atque

212 1219 436 1257 ambulanti.
474 1222 567 1258 Hoc
594 1220 690 1258 illud
717 1227 775 1259 est
802 1221 910 1270 quod
938 1221 1010 1259 sibi
1039 1223 1234 1272 Propheta
1261 1222 1405 1272 voluit,
1434 1235 1525 1261 cum
1553 1223 1669 1262 nobis
1693 1229 1906 1273 exponeret
1934 1224 2034 1261 hanc
2062 1235 2144 1261 rem

212 1272 372 1310 demum
399 1274 544 1311 bonam
573 1275 608 1311 δε
634 1273 843 1311 iucundam
871 1287 981 1326 esse,
1009 1275 1117 1324 quod
1145 1275 1281 1313 fratres
1309 1276 1486 1314 habitent
1514 1276 1629 1315 etiam
1657 1277 1719 1315 vel
1747 1275 1978 1314 consideant
2005 1279 2093 1314 vna.

265 1327 395 1375 Atque
418 1326 497 1364 hoc
524 1326 682 1375 quidem
711 1327 880 1378 bonum,
909 1327 1088 1377 quamuis
1116 1327 1300 1367 diuinitus
1330 1330 1498 1379 bonum,
1527 1329 1793 1368 &iucundum
1818 1328 1934 1367 etiam
1951 1328 2148 1379 diuinitus,

212 1385 343 1416 tamen
384 1380 520 1417 oculus
560 1391 641 1417 non
681 1378 804 1427 videt,
849 1381 950 1419 auris
992 1393 1071 1419 non
1113 1380 1242 1432 audit,
1270 1382 1392 1420 homo
1421 1382 1590 1432 denique
1616 1395 1689 1421 nec
1719 1384 1877 1432 palpare
1906 1394 2049 1429 manu,
2076 1394 2148 1420 nec

211 1437 386 1481 gustare,
402 1444 475 1470 nec
502 1431 659 1470 odorari
681 1431 776 1471 illud
804 1440 952 1483 potest,
981 1446 1055 1472 nec
1084 1433 1225 1472 sentire
1248 1435 1329 1473 vllo
1357 1441 1474 1485 pacto
1501 1435 1649 1474 viribus
1677 1442 1837 1474 naturae
1853 1447 1958 1474 suae.
1975 1435 2052 1473 Sed
2066 1447 2147 1473 non

212 1486 419 1534 propterea
458 1485 607 1523 bonum
650 1498 734 1524 esse
772 1485 929 1536 desinit,
971 1486 1002 1525 si
1037 1488 1187 1525 bonum
1229 1499 1313 1526 esse
1341 1500 1422 1526 non
1452 1488 1606 1527 videtur
1633 1488 1678 1528 iis
1708 1489 1774 1539 qui
1802 1487 2018 1527 bonitatem
2045 1489 2146 1526 hanc

211 1537 567 1587 iucunditatemque
595 1550 676 1576 non
704 1545 865 1587 possunt
880 1539 1094 1589 percipere.
1121 1541 1158 1577 N
1161 1552 1206 1578 ec
1222 1540 1420 1580 coloribus
1435 1571 1445 1591 ,
1460 1554 1534 1580 nec
1550 1541 1670 1592 sonis,
1688 1555 1760 1580 nec
1775 1541 2052 1592 odoramentis,
2068 1553 2142 1579 nec

212 1590 400 1629 suauitate
414 1602 561 1640 rerum,
590 1603 663 1629 nec
683 1597 789 1629 tactu
803 1591 1022 1630 afficiuntur
1037 1592 1195 1644 mortui;
1220 1594 1309 1643 quia
1324 1594 1466 1633 mortui
1482 1601 1591 1646 sunt,
1606 1595 1646 1633 id
1662 1602 1740 1645 est,
1755 1594 1875 1645 inepti
1890 1593 2148 1645 percipiendis

212 1644 326 1681 rebus
354 1655 450 1692 quas
478 1644 599 1682 modo
627 1643 807 1683 diximus.
836 1645 1147 1684 Odoramentum
1175 1653 1233 1684 est
1260 1648 1585 1694 odoramentum,
1614 1647 1685 1687 etsi
1712 1648 1752 1686 in
1780 1660 1892 1685 nares
1921 1647 2058 1698 pituita
2080 1647 2148 1685 ob-

213 1702 377 1734 structas
406 1696 592 1736 insiderit.
618 1696 723 1747 Ignis
751 1710 833 1736 non
860 1700 1067 1748 propterea
1095 1698 1235 1737 desinit
1262 1699 1361 1750 ignis
1389 1713 1494 1752 esse,
1533 1701 1564 1739 si
1592 1713 1638 1739 ea
1666 1713 1747 1739 non
1777 1700 1913 1739 vsserit
1938 1712 2039 1750 quae
2066 1712 2147 1738 non

213 1755 301 1786 sunt
341 1748 516 1799 praedita
555 1749 730 1799 potentia
772 1754 827 1798 (vt
867 1753 1027 1800 vocant)
1067 1751 1220 1801 passiua
1261 1759 1302 1790 vt
1344 1752 1433 1803 igne
1473 1755 1767 1793 comburantur.
1795 1756 1876 1792 Res
1905 1766 2042 1792 omnes
2065 1759 2146 1791 tum

211 1802 371 1840 demum
401 1804 506 1840 recte
534 1809 653 1853 agunt
680 1802 852 1841 actiones
881 1815 988 1855 suas,
1016 1809 1200 1854 recteque
1229 1805 1516 1857 percipiuntur,
1554 1808 1645 1845 clim
1673 1807 1724 1845 ad
1753 1807 1908 1846 obiecta
1936 1805 2148 1845 commoda

213 1857 248 1892 δι
276 1854 550 1894 conuenientia
578 1854 669 1905 ipsis
696 1855 993 1906 actionibusque
1020 1857 1190 1907 ipsarum
1219 1859 1478 1907 peruenerint.
1508 1859 1615 1908 Quid
1643 1866 1726 1898 tum
1754 1859 1891 1910 igitur,
1920 1859 1951 1898 si
1979 1859 2147 1897 mundus

211 1920 292 1945 non
333 1908 444 1947 nouit
483 1908 596 1946 istam
632 1909 849 1948 bonitatem
886 1911 922 1947 &
963 1909 1266 1962 iucunditatem,
1296 1911 1390 1950 istos
1419 1913 1567 1951 fructus
1596 1911 1820 1952 Ecclesiae?
1850 1912 1958 1961 Quid
1985 1919 2089 1962 tum,
2117 1912 2148 1949 si

213 1973 261 1998 ne
289 1960 505 1999 Ecclesiam
532 1960 691 2011 quidem
719 1960 897 2001 nouerit?
926 1964 1086 2013 Ineptus
1115 1970 1172 2001 est
1199 1964 1258 2002 his
1285 1966 1400 2003 rebus
1429 1965 1698 2015 percipiendis.
1713 1965 1832 2004 vitam
1848 1964 2051 2004 Ecclesiae
2066 1977 2148 2003 non

213 2013 318 2052 videt
345 2021 539 2063 mortuus,
568 2014 869 2053 odoramentum
897 2027 978 2054 non
1004 2016 1119 2055 sentit
1144 2016 1388 2066 frigefactus,
1418 2018 1548 2068 ignem
1577 2018 1652 2057 Dei
1677 2019 1717 2057 in
1743 2019 1920 2057 Ecclesia
1935 2031 2015 2057 non
2032 2017 2147 2056 sentit

211 2065 320 2116 lapis.
348 2068 426 2105 Sed
453 2066 476 2116 ij
507 2068 666 2106 demum
694 2068 863 2106 sentiunt
890 2080 988 2118 quos
1018 2069 1214 2119 Propheta
1241 2070 1318 2108 hoc
1345 2072 1437 2109 loco
1465 2078 1584 2109 vocat
1612 2074 1647 2110 δε
1676 2071 1839 2123 excitat,
1866 2071 2020 2122 dicens,
2048 2083 2148 2120 ecce,

213 2132 326 2168 quam
354 2121 490 2158 bonum
517 2121 599 2160 ξεν-’6.
641 2121 913 2159 Communiter
940 2121 1099 2171 quidem
1126 2123 1203 2161 hoc
1218 2122 1333 2173 dicit,
1363 2124 1431 2162 sed
1447 2136 1527 2162 non
1543 2137 1679 2163 omnes
1694 2124 1733 2163 in
1749 2125 1949 2163 communi
1964 2124 2146 2163 audiunt:

213 2171 245 2209 Ii
273 2173 399 2211 solum
426 2173 608 2223 audiunt,
636 2173 776 2223 quibus
804 2175 906 2212 hanc
934 2175 1156 2213 doctrinam
1183 2175 1223 2213 in
1253 2188 1390 2214 manus
1418 2177 1540 2227 tradi,
1570 2179 1606 2216 δε
1634 2177 1674 2215 in
1702 2177 1835 2216 animo
1850 2177 2010 2216 inscribi
2023 2176 2147 2215 voluit

214 2225 419 2264 Dominus.
449 2226 698 2276 Quapropter
728 2227 779 2265 ad
802 2227 909 2276 pios,
936 2227 1001 2278 qui
1019 2227 1188 2277 mysterij
1204 2228 1317 2267 huius
1334 2232 1424 2267 vere
1439 2242 1604 2280 capaces
1620 2236 1732 2281 sunt,
1747 2230 1978 2269 excitandos
1994 2230 2149 2268 duobus

213 2278 448 2327 argumentis
488 2279 625 2329 pungit
665 2279 923 2319 conscientias
964 2288 1138 2331 nostras,
1178 2282 1267 2320 cum
1310 2282 1619 2332 propositionem
1662 2294 1770 2322 suam
1809 2296 2002 2323 exornans
2031 2289 2147 2332 atque

214 2330 473 2380 amplificans,
501 2333 537 2370 &
564 2331 808 2371 subiectione
836 2333 972 2383 vtitur,
1000 2335 1035 2372 &
1063 2334 1320 2374 admiratione
1349 2336 1701 2375 vehementissima.
1731 2336 2025 2375 Subiectionem
2043 2335 2147 2386 dico,

212 2395 289 2432 qua
324 2384 496 2434 singulos
535 2384 729 2435 nostrum,
767 2386 877 2435 quasi
904 2385 943 2424 in
974 2399 1056 2425 rem
1084 2395 1327 2437 praesentem
1356 2395 1490 2433 vocat,
1522 2388 1728 2439 inquiens3
1756 2390 1877 2428 Ecce:
1904 2388 2146 2428 administra-

211 2436 359 2474 tionem
387 2440 500 2487 vero,
528 2449 605 2487 qua
632 2438 705 2476 sibi
731 2437 813 2488 ipse
840 2451 920 2477 non
948 2439 1187 2478 satisfaciens
1215 2441 1254 2478 in
1282 2442 1513 2491 exponenda
1540 2442 1799 2492 amplitudine
1827 2442 1923 2481 boni
1953 2443 1989 2479 &
2012 2441 2147 2480 iucun-

213 2488 341 2527 ditatis
377 2489 503 2539 istius,
545 2502 682 2528 omnes
724 2491 837 2529 simul
879 2492 977 2541 rapit
1013 2492 1051 2530 in
1081 2493 1454 2543 contemplationem
1482 2494 1604 2546 illius,
1634 2495 1819 2545 dicendo,
1848 2497 1969 2545 quam
1997 2495 2146 2532 bonum

214 2543 249 2579 δι
271 2544 389 2591 quam
415 2543 652 2581 iucundum!
682 2543 842 2593 perinde
870 2545 973 2583 enim
1001 2552 1059 2584 est
1079 2552 1197 2596 atque
1223 2547 1254 2585 si
1282 2546 1450 2598 diceret,
1479 2560 1552 2585 nec
1583 2560 1657 2598 ego
1685 2547 1775 2587 satis
1804 2560 1851 2586 ex
1881 2548 2012 2587 officio
2029 2558 2146 2585 nosse

213 2601 278 2631 aut
318 2595 541 2644 praedicare
580 2596 674 2634 illud
714 2609 892 2646 possum,
936 2609 1063 2648 neque
1104 2606 1281 2638 nostrum
1320 2599 1544 2651 quisquam,
1585 2614 1632 2639 ac
1661 2614 1710 2640 ne
1742 2600 1873 2639 cuncti
1903 2601 2085 2652 quidem,
2114 2599 2147 2637 si

213 2646 314 2685 vires
340 2655 491 2686 nostras
518 2651 594 2687 vna
621 2649 927 2699 coniungamus:
956 2651 1025 2689 sed
1052 2651 1166 2690 vnica
1193 2653 1399 2691 admiratio
1430 2666 1520 2692 meo
1549 2656 1584 2692 &
1613 2653 1817 2692 communi
1844 2653 2020 2704 nomine,
2036 2652 2145 2704 quod

214 2699 384 2738 dicturus
426 2713 547 2739 essem
577 2702 607 2740 si
634 2714 808 2753 possem,
849 2703 1159 2743 demonstratura
1187 2711 1256 2744 est.
1285 2705 1437 2744 silentio
1466 2719 1573 2757 me0,
1609 2707 1717 2756 quod
1746 2708 1789 2755 (f.
1823 2709 1915 2756 750)
1945 2705 2039 2745 mihi
2068 2717 2146 2743 am·

2001 2758 2150 2809 plitudo
