2334 3020
728 101 947 130 THESES
988 101 1416 131 THEOLOGICAE.
1961 104 2032 145 255

924 261 1142 298 Talmis
1184 272 1209 298 1.

152 379 414 418 Ministerium
446 381 469 416 a
506 377 764 415 ministrando
802 377 972 422 dictum.
1012 377 1243 428 generaliter
1283 377 1444 415 sumitur
1482 391 1553 428 pro
1590 378 1635 416 ea
1670 379 1824 417 actione
1853 380 1888 417 &
1917 392 2035 430 opera

98 433 243 480 aliena,
273 432 349 481 quii
379 439 562 480 tanquam
588 430 714 468 media
744 431 792 468 ad
818 431 965 480 aliquid
990 431 1312 479 consequendum
1338 430 1501 477 vtimur3
1532 431 1633 469 vnde
1649 439 1782 481 postca
1800 436 1882 470 κατ’
1899 434 2037 480 ἐξοχήν

100 485 340 535 restringitur
369 485 418 522 ad
448 484 618 534 regimen
653 484 871 530 Ecclesiam
901 484 980 522 siue
1011 484 1227 533 spirituale,
1254 484 1361 533 quod
1391 484 1566 533 spiritum
1596 484 1771 534 respicit„
1799 486 1880 523 siue
1896 498 2035 535 corpo-

99 542 200 587 mle,
239 538 346 587 quod
376 550 520 587 corpus
549 539 700 575 tantum
731 540 914 587 (quorum
945 537 1060 574 etiam
1088 539 1116 574 I.
1148 538 1435 586 Presbyterale,
1465 539 1513 574 II.
1545 537 1759 575 Diaconale
1787 538 1949 581 dicitur,
1981 551 2035 575 se-

99 593 271 629 cundum
302 603 490 640 personas
519 591 849 638 administrantes)
875 590 960 640 quia
993 592 1069 627 hoc
1100 592 1204 628 Deus
1235 593 1420 639 tanquam
1438 591 1567 628 medio
1583 591 1805 629 inseruienti
1821 593 1870 629 ad
1887 593 2035 629 electos

98 657 189 682 suos
232 644 500 693 colligendos„
549 649 692 693 eosque
722 644 912 694 regendos
942 643 1069 682 vtitur.
1099 645 1181 681 Nos
1210 642 1272 681 bic
1301 643 1498 691 ministerij
1531 656 1676 682 nomen
1705 644 1951 694 spiritualiter
1979 656 2035 682 su-

98 697 240 736 mimus
275 709 348 746 pro
388 696 576 746 spirituali
607 697 641 734 &
681 697 936 746 Presbyterali
976 698 1081 745 (curn
1110 697 1271 734 caeteris
1298 697 1415 747 longe
1443 699 1640 746 praestet).
1667 697 1690 734 i.
1720 711 1792 747 pro
1820 697 2034 735 ministerio

98 763 235 789 eorum
265 762 365 799 quos
394 749 489 787 dicit
516 761 541 786 1.
571 751 672 787 Tim.
705 760 740 799 5.
774 762 832 798 17.
862 751 1003 788 Paulus
1034 749 1178 799 duplici
1206 749 1452 799 potissimum
1482 751 1633 788 bonore
1663 751 1822 801 dignos,
1850 751 1959 799 quod
1987 752 2036 788 la-

98 804 239 842 borent
287 802 323 840 in
355 815 536 840 sermone
566 805 600 840 &
629 802 828 846 doctrina,
859 816 928 841 eos
958 803 1198 853 distinguens
1226 804 1276 841 ab
1309 802 1354 840 iis
1382 803 1616 853 presbyteris
1647 805 1712 853 qui
1741 803 1970 854 disciplinae
2000 805 2035 842 δι

104 857 288 898 eim-§inc
317 867 450 893 curam
479 857 628 894 tantum
658 857 815 894 liabent.

157 922 190 947 2.
246 911 298 946 Vt
326 916 456 947 autem
486 909 639 946 diuersa
668 909 869 947 Ecclesiae
899 909 1040 959 facies7
1067 908 1122 946 sic
1153 908 1406 946 ministerium
1423 908 1611 958 reperitur
1626 909 1837 948 diuersum.
1856 912 1900 948 In
1917 910 2035 948 veteri

99 963 134 998 T
136 969 353 999 estamento
388 962 753 1000 adumbrationibus
784 963 910 1000 futura
941 961 1360 1012 praesignificantibus.
1390 963 1425 999 δι
1462 961 1659 999 sacrificiis
1687 975 1786 1012 opus
1815 971 1917 1014 erat3
1946 963 2036 1001 ideo

98 1014 354 1052 ministerium
396 1017 472 1053 tale
516 1015 596 1053 siue
624 1027 757 1053 earum
797 1027 924 1053 rerum
956 1015 1243 1053 administratio
1272 1014 1488 1053 obtinebat.
1520 1016 1571 1052 At
1600 1019 1692 1054 vero
1722 1017 1811 1054 cum
1841 1016 1879 1054 in
1912 1018 1961 1054 N.
1989 1018 2036 1054 T.

100 1068 262 1105 vmbrae
307 1068 491 1106 desierint
532 1069 567 1106 &
606 1068 761 1118 corpori
790 1068 996 1117 cesserint7
1026 1067 1224 1106 diuersum
1254 1068 1304 1105 ab
1334 1068 1401 1105 illo
1431 1067 1506 1105 iam
1537 1068 1792 1107 ministerium
1820 1069 2039 1119 requiritur.

98 1121 173 1158 Sed
201 1120 237 1158 δι
265 1120 304 1158 in
330 1120 485 1159 diuersa
513 1121 715 1160 Ecclesiae
741 1121 913 1160 eiusdem
944 1120 1221 1159 constitutione
1250 1122 1323 1158 sub
1353 1121 1494 1159 eodem
1523 1122 1702 1170 foedere,
1738 1122 1844 1160 varie
1872 1122 2040 1160 ministe-

99 1173 198 1211 rium
240 1173 440 1212 constituit
481 1174 646 1223 Domi(f.
680 1178 884 1224 1722.)nus
912 1175 961 1212 ad
1001 1181 1176 1224 pastum7
1217 1175 1251 1212 &
1282 1173 1523 1211 curationem
1554 1174 1576 1223 i3
1596 1174 1684 1212 sius.
1715 1175 1816 1212 Nam
1848 1183 2036 1225 tanquam

99 1226 384 1265 medicamenta
428 1228 570 1277 quibus
613 1236 769 1265 curetur
807 1228 968 1266 morbus
998 1227 1218 1274 Ecclesiae.
1247 1226 1285 1264 in
1315 1226 1395 1264 eius
1425 1228 1679 1277 corruptione
1708 1228 1742 1265 δι
1768 1228 1879 1277 quasi
1908 1229 2041 1278 ruina,

101 1280 452 1318 extraordinarium
481 1280 642 1319 instituit
665 1280 941 1327 ministerium,
970 1281 1005 1318 &
1034 1280 1201 1329 aliquem
1233 1281 1281 1318 ad
1314 1280 1665 1319 extraordinarium
1695 1293 1794 1331 opus
1811 1282 1847 1318 in
1865 1282 2041 1320 Ecclesia

103 1333 325 1371 faciendum
355 1341 470 1371 vocat
499 1334 713 1372 secundum
742 1341 942 1384 vrgentem
971 1334 1264 1377 necessitatem.
1293 1333 1601 1372 extraordinario
1632 1342 1697 1372 aut
1713 1342 1901 1383 ortu7aut
1918 1343 2039 1374 motu.

103 1387 217 1435 quale
246 1386 315 1424 suit
345 1386 600 1425 ministerium
623 1387 747 1425 Mosis
776 1387 842 1437 qui
871 1388 999 1437 legem
1027 1386 1135 1424 tulit:
1166 1386 1295 1435 Eliae,
1324 1386 1390 1436 qui
1414 1387 1686 1425 labefactatam
1703 1388 1953 1426 Israeliticam
1969 1390 2040 1426 Ec-

99 1438 257 1476 clesiam
286 1440 524 1490 repurgauit:
556 1441 840 1490 Apostolorum
871 1442 906 1478 &
936 1439 1294 1489 Euangelistarum,
1327 1438 1393 1489 qui
1422 1441 1677 1490 Euangelium
1693 1441 1875 1491 gentibus
1889 1454 2039 1479 annun-

101 1492 266 1542 tiarunt3
306 1495 341 1531 ἃ
382 1493 599 1543 primorum
643 1499 864 1531 nostrorum
907 1493 1231 1542 instauratorum7
1263 1493 1330 1542 qui
1359 1493 1562 1531 Pontificia
1591 1494 1796 1543 tyrannide
1824 1497 2038 1545 collapsam

101 1545 315 1583 Ecclesiam
345 1546 528 1596 pristinae
557 1558 648 1584 suae
676 1546 832 1596 puritati
861 1547 1127 1585 reddiderunt.
1156 1548 1363 1595 Tanquam
1393 1554 1546 1596 pastum
1563 1551 1655 1586 vero
1672 1547 1828 1586 exhibet
1843 1549 2040 1586 ordinario

100 1598 326 1637 ministerio.
368 1601 470 1649 Nos,
511 1601 602 1637 cum
631 1600 680 1637 de
711 1600 911 1638 Ecclesiae
941 1602 1042 1639 bene
1070 1599 1303 1638 constitutae
1345 1606 1446 1638 statu
1477 1612 1594 1650 supra
1621 1608 1752 1639 actum
1783 1600 1851 1650 sit,
1881 1603 1930 1639 de
1958 1602 2040 1639 eius

99 1651 312 1690 ministerio
337 1653 560 1698 ordinario.
591 1654 700 1702 quod
729 1653 897 1691 maxime
926 1653 964 1691 in
994 1653 1040 1692 ea
1068 1653 1191 1703 viget,
1220 1652 1454 1691 instituimus
1484 1653 1628 1693 dicere.

152 1717 187 1753 3.
244 1705 319 1743 His
346 1705 501 1756 positis.
531 1706 586 1744 sic
617 1706 841 1745 definimus:
871 1706 1130 1746 Ministerium
1159 1706 1478 1744 Ecclesiasticum
1507 1715 1564 1745 est
1593 1718 1733 1745 munus
1755 1708 1836 1746 siue
1852 1707 2042 1757 officium7

99 1760 122 1795 a
163 1759 250 1796 Deo
294 1758 332 1796 in
366 1759 542 1797 Ecclesia
575 1773 647 1810 pro
681 1772 748 1797 sua
779 1762 1051 1811 φιλανθρωπίᾳ
1079 1759 1317 1805 institutum,
1351 1759 1521 1809 virisque
1545 1762 1595 1799 ad
1624 1761 1664 1798 id
1691 1761 1860 1811 legitime
1890 1761 2039 1799 vocatis

101 1812 401 1862 demandatum,
444 1826 490 1850 ex
529 1825 609 1862 quo
652 1812 752 1861 vita.
794 1817 829 1850 δι
859 1813 1039 1850 doctrina
1067 1821 1315 1863 praeeuntes,
1344 1814 1521 1851 Verbum
1549 1816 1584 1853 &
1613 1821 1855 1852 sacramenta
1882 1815 2040 1864 publice

100 1864 390 1914 administrant.
420 1867 455 1904 &
485 1866 667 1915 priuatim
695 1877 1014 1915 vnumquemque
1044 1866 1161 1916 otficij
1192 1873 1373 1915 monent,
1401 1866 1451 1904 ad
1475 1867 1648 1906 fidelium
1678 1868 2039 1917 confirmationem,

101 1917 314 1956 infidelium
344 1919 616 1969 vocationem7
645 1921 679 1958 &
709 1919 972 1969 respuentium
1002 1919 1260 1968 euictionem„
1277 1927 1316 1957 vt
1334 1920 1421 1958 Deo
1437 1932 1509 1969 pro
1525 1921 1764 1971 benignitate
1781 1922 1816 1958 ἃ
1835 1921 2040 1959 clementia

101 1982 169 2008 sua
193 1983 284 2021 erga
312 1973 466 2016 fideles.
496 1972 637 2011 iustitia
666 1975 759 2011 vero
788 1973 825 2010 in
855 1972 1075 2022 improbos,
1108 1973 1145 2011 in
1174 1980 1376 2011 aeternum
1405 1973 1528 2023 gloria
1558 1974 1750 2013 tribuitur.

154 2037 189 2071 4.
247 2025 306 2061 Ex
334 2037 413 2074 quo
443 2026 543 2064 duos
569 2026 607 2064 in
635 2025 825 2075 Pastoris,
852 2025 933 2064 siue
961 2026 1148 2076 Episcopi
1176 2028 1210 2065 &
1237 2026 1459 2075 Presbyteri
1488 2028 1723 2076 (συνονυμῶς
1750 2027 1853 2065 enim
1883 2027 1945 2065 illa
1961 2028 2040 2065 duo

101 2085 307 2115 sumuntur
347 2078 385 2116 in
429 2079 546 2117 Sacra
576 2080 613 2117 S.
650 2081 723 2117 Tit.
758 2093 789 2116 1.
822 2089 857 2129 5.
886 2079 921 2116 &
954 2091 986 2127 7.
1017 2083 1102 2118 Act.
1135 2093 1196 2118 20.
1228 2082 1305 2128 28.)
1334 2081 1477 2130 gradus
1506 2080 1746 2118 considerari
1769 2080 2040 2119 animaduerti—

102 2142 208 2167 mus:
250 2143 369 2169 vnum
412 2144 664 2170 communem
707 2134 742 2171 δε
771 2134 935 2170 alterurn
973 2133 1189 2183 proprium.
1217 2133 1450 2171 Communis
1474 2141 1531 2171 est
1561 2136 1807 2183 exemplum„
1836 2146 1916 2183 quo
1941 2134 2042 2172 vitae

101 2185 249 2232 probae
277 2185 460 2223 omnibus
489 2185 677 2235 exemplis
705 2199 788 2224 sese
816 2186 1025 2235 praebent:
1055 2188 1131 2224 hoc
1161 2187 1264 2225 enirn
1293 2188 1428 2224 fideles
1456 2195 1645 2236 quantum
1674 2187 1711 2224 in
1734 2187 1826 2237 ipsis
1842 2195 1920 2236 est7
1937 2200 2041 2237 prae-

104 2243 206 2274 stare
235 2238 400 2276 debent:
433 2239 499 2276 sed
532 2239 776 2288 potissimum
810 2240 969 2278 Pastor.
1003 2241 1078 2278 Til.
1112 2254 1145 2278 2.
1178 2253 1210 2289 7.
1244 2239 1308 2289 qui
1335 2241 1422 2277 cum
1457 2239 1503 2278 sit
1532 2252 1699 2289 persona
1728 2241 1906 2290 publica.
1935 2241 1973 2278 in
2002 2254 2043 2279 se

104 2290 282 2328 omnium
322 2293 460 2329 oculos
489 2292 606 2330 habet
634 2292 859 2338 coniectos„
890 2292 1058 2342 ideoque
1088 2293 1257 2343 primum
1286 2300 1326 2330 vt
1354 2293 1390 2330 in
1422 2292 1499 2330 vita
1537 2292 1687 2342 priuata
1711 2305 1829 2343 purus
1858 2294 1921 2344 sit,
1952 2294 2043 2332 eniti

104 2343 238 2381 debet:
282 2352 360 2382 tum
390 2344 426 2382 in
467 2352 550 2382 tota
579 2346 902 2390 conuersatione.
932 2349 987 2393 (vt
1016 2346 1123 2395 pium
1154 2347 1188 2384 &
1213 2359 1372 2397 grauem
1400 2346 1525 2383 virum
1555 2347 1684 2395 decet)
1712 2359 1800 2392 sua.
1828 2349 1864 2386 δι
1891 2347 2041 2397 νΧοτίε,

103 2397 138 2434 &
168 2395 400 2446 liberorum7
428 2399 464 2436 δι
492 2398 683 2446 famulitij.

159 2460 193 2498 5.
249 2451 362 2488 Alter
389 2451 426 2488 in
457 2451 627 2489 Pastoris
657 2451 790 2490 officio
820 2452 983 2502 gradus,
1013 2460 1070 2490 est
1097 2452 1150 2490 illi
1178 2452 1379 2503 proprius,
1409 2452 1499 2501 quia
1526 2451 1579 2490 illi
1595 2453 1782 2503 competit
1799 2454 1948 2491 tanturn
1964 2456 2042 2503 qua

105 2503 259 2552 Pastor,
289 2506 324 2542 δε
353 2505 448 2542 duas
480 2512 609 2555 partes
625 2504 818 2543 continet:
841 2505 1214 2544 administrationem
1233 2505 2043 2555 &ordinem.Administrationemautem,

102 2555 227 2593 Verbi
256 2558 292 2595 &
322 2558 682 2596 Sacramentorum.
712 2560 849 2608 Itaque
880 2559 1005 2608 prima
1034 2567 1090 2597 est
1117 2559 1227 2597 verbi
1258 2559 1560 2608 administratio.
1591 2571 1691 2608 quae
1718 2567 1775 2599 est
1804 2573 1922 2597 sanae
1951 2561 2044 2597 doc-

104 2608 250 2654 trinae,
283 2617 363 2648 tum
393 2611 555 2660 publice
583 2612 620 2648 in
649 2612 907 2649 concionibus
936 2612 1058 2650 fidelis
1087 2612 1326 2663 propositio.
1358 2613 1437 2650 tum
1468 2612 1649 2662 priuatim
1678 2614 1712 2651 81
1745 2615 1849 2663 apud
1873 2613 2046 2663 singulos

104 2674 177 2710 pro
206 2664 439 2702 necessitate
471 2664 704 2713 exptiratio,
731 2665 901 2703 maxime
929 2668 1023 2703 vero
1053 2666 1218 2705 afflictos
1248 2665 1329 2703 siue
1358 2665 1566 2715 spirituali,
1595 2665 1675 2704 siue
1691 2667 1885 2716 corporali
1901 2668 2043 2704 morbo

105 2716 291 2763 precibus
329 2718 362 2755 ἃ*
405 2718 680 2755 consolatione
721 2719 902 2755 leuando.
934 2720 1063 2766 Atque
1093 2720 1189 2758 haec
1217 2719 1394 2757 immensi
1428 2727 1515 2756 sunt
1545 2719 1690 2757 laboris
1719 2733 1750 2758 1.
1788 2721 1886 2757 Tim.
1915 2733 1951 2766 4.
1987 2722 2044 2757 18.

103 2768 393 2820 lectionemque
425 2772 459 2808 &
493 2772 668 2808 studium
697 2772 784 2821 iuge
814 2771 1044 2809 &siderant
1077 2778 1319 2825 Χαρίσματα.
1349 2785 1386 2809 n.
1415 2772 1477 2810 illa
1493 2773 1642 2822 quaein
1659 2772 1853 2822 primitiua
1868 2773 2045 2811 Ecclesia

1805 2826 2037 2865 miraculose
