2334 3020
813 126 1028 154 THESES
1069 123 1504 152 THEOLOGICAE.
2043 119 2110 157 151

181 244 346 282 deficere
387 243 410 278 a
450 249 545 277 vero
588 237 624 275 &
664 234 774 273 bono
815 245 889 271 nec
927 230 1098 282 possint,
1125 230 1274 269 Matth.
1311 231 1347 267 6.
1382 242 1440 267 10.
1471 240 1545 266 nec
1572 226 1712 277 velint,
1738 225 2019 276 perfectissima
2046 225 2121 263 Dei

182 294 407 346 cognitione
447 294 482 330 &
519 288 730 328 dilectione
764 285 889 336 pleni,
927 283 1118 334 obsequio
1154 285 1190 321 &
1217 282 1398 320 laudibus
1425 281 1500 320 Dei
1529 293 1683 330 semper
1711 279 1985 319 incumbentes
2014 279 2119 318 Psal.

188 361 275 398 103.
307 360 366 384 20.
396 347 448 383 ita
474 349 515 382 vt
542 341 582 380 in
609 340 793 379 omnibus
820 339 889 377 viis
918 338 1073 376 Christo
1103 338 1136 374 ἃ
1166 336 1365 374 Ecclesiae
1388 334 1565 373 alacriter
1593 333 1826 383 ministrent,
1853 333 1962 370 Psal.
1993 344 2054 381 34.
2084 332 2119 368 8.

186 403 235 440 ἔφ’
263 413 324 450 91.
359 411 418 439 ιι,
450 397 560 434 Dan.
595 407 653 432 10.
687 407 744 430 12.
775 393 922 430 Matth.
957 393 1014 428 18.
1048 403 1106 427 10.
1133 389 1259 426 Hebr.
1289 402 1320 426 1.
1352 402 1407 435 14.
1431 387 1593 425 &malis
1621 398 1768 436 poenas
1797 386 1899 423 iussu
1926 385 2002 423 Dei
2025 382 2120 422 infli-

184 460 296 505 gant,
334 465 367 489 2.
405 452 504 499 Reg.
538 460 597 496 19.
626 457 688 496 35.
732 444 787 483 Hi
814 447 909 483 vero
942 445 1028 482 Deo
1057 442 1313 491 rebellantes,
1335 441 1496 479 veritate
1521 442 1555 478 &
1583 439 1661 478 vita
1688 439 1936 488 exciderunt,
1964 436 2122 476 menda-

185 511 328 555 cesque
368 501 589 542 homicidae
618 499 709 538 iacti
738 505 846 536 sunt:
876 498 989 535 [aasz.
1021 498 1055 533 8.
1087 509 1148 542 44.
1181 508 1215 532 2.
1247 495 1325 533 Pet.
1359 507 1392 531 2.
1423 508 1460 541 4.
1488 494 1578 530 lud.
1603 494 1638 530 6.
1669 492 1750 530 sine
1778 492 1855 529 vlla
1885 503 1953 540 spe
1987 502 2121 528 recon-

186 557 390 598 ciliationis
432 566 522 593 curn
562 554 672 591 Deo:
711 562 878 601 quorum
921 547 1096 600 potentia
1139 550 1174 586 δι
1212 548 1342 585 furore
1380 548 1487 585 Deus
1521 546 1638 584 vtitur
1665 544 1704 582 in
1733 543 1960 583 exercendis
1987 543 2059 593 piis
2088 544 2122 580 &

188 611 314 661 impiis
342 607 576 648 cruciandis:
606 606 690 643 Iob.
726 618 757 642 1.
791 617 848 641 12.
883 616 917 641 2.
952 603 1040 643 Gor.
1074 614 1133 639 12.
1167 611 1200 648 7.

238 664 346 701 VIII.
398 660 539 711 Ὃρατοὶ
567 661 660 697 vero
689 664 778 696 sunt
807 669 907 706 quae
934 656 1006 694 sub
1034 664 1190 692 sensum
1219 653 1384 702 cadunt,
1412 658 1454 690 vt
1482 651 1652 689 mundus
1682 649 1948 698 elementaris,
1977 648 2044 699 qui
2068 655 2125 686 est

189 718 250 756 vel
286 713 489 765 Superior,
524 713 586 750 vel
622 711 800 749 Inferior.
842 711 914 748 Per
941 707 1182 757 superiorem
1211 705 1458 755 intelligimus
1486 705 1705 743 aetheream
1736 703 1871 741 mundi
1902 702 2124 752 regionem,

186 772 265 814 hoc
293 775 350 807 est
378 768 663 804 firmamentum
692 775 782 802 cum
810 761 967 811 reliquis
996 759 1157 799 orbibus
1187 758 1417 796 caelestibus
1445 758 1484 795 in
1513 758 1701 795 circulum
1730 755 2129 794 mobilibus&muta—

188 822 285 861 tioni
311 818 512 867 obnoxiis,
542 819 646 857 Psal.
682 827 768 866 152.
800 827 859 864 27.
898 816 1028 864 Atque
1055 813 1119 850 hic
1143 811 1302 862 quidem
1325 810 1494 848 mundus
1511 809 1639 859 primo
1655 810 1736 860 die,
1751 822 1798 848 ex
1814 809 1951 847 eadem
1967 807 2129 846 materia

188 875 331 926 prima,
358 880 400 912 vt
427 872 542 910 etiam
571 870 719 919 reliqua
747 870 959 917 elementa,
987 869 1010 904 a
1037 867 1125 904 Deo
1154 866 1344 902 formatus
1371 869 1429 900 est
1457 866 1493 901 δε
1517 864 1725 912 perfectus.

241 929 310 966 IX.
365 924 531 964 Inferior
564 930 642 974 est,
675 922 782 961 cuius
810 920 959 959 ambitu
988 919 1237 957 continentur
1265 928 1454 965 corpora,
1483 922 1566 953 tum
1595 915 1802 965 simplicia,
1830 921 1871 952 vt
1900 915 2126 962 Elementa,

191 988 274 1020 tum
303 993 352 1018 ex
378 989 515 1017 eorum
543 974 885 1027 coagmentatione
914 972 1043 1010 mixta.
1075 972 1280 1008 Elementa
1294 976 1381 1006 sunt
1398 980 1565 1018 corpora
1580 968 1771 1018 simplicia
1786 968 1823 1005 in
1840 979 1939 1017 quae
1954 967 2028 1005 alia
2043 979 2126 1004 cor-

191 1047 291 1086 pora
318 1032 560 1079 diuiduntur,
587 1030 626 1068 in
656 1029 796 1078 quibus
824 1027 953 1065 insunt
980 1032 1045 1063 aut
1073 1022 1250 1073 potentia
1277 1027 1343 1059 aut
1370 1027 1481 1058 actu:
1498 1021 1582 1071 ipsa
1594 1023 1688 1059 vero
1705 1020 1826 1058 diuidi
1841 1033 1921 1058 non
1949 1026 2127 1070 possunt.

194 1087 306 1126 Ordo
346 1087 462 1134 vero,
498 1094 615 1132 quem
653 1083 762 1120 Deus
797 1078 1019 1119 obseruauit
1044 1077 1084 1115 in
1113 1086 1249 1114 eorum
1281 1073 1494 1121 creatione,
1526 1073 1590 1112 hic
1619 1080 1691 1112 est:
1720 1079 1762 1110 vt
1790 1072 1918 1123 primo
1944 1072 2133 1111 creauerit

195 1141 349 1191 ignem,
385 1136 525 1176 deinde
563 1132 807 1174 descenderit
840 1132 890 1171 ad
929 1129 1249 1170 constitutionem
1279 1126 1376 1165 aeris
1417 1126 1483 1175 qui
1525 1127 1564 1164 in
1602 1125 1820 1165 vastissimo
1850 1125 1916 1164 illo
1945 1125 2070 1176 spatio
2099 1125 2134 1162 δε

196 1193 324 1232 media
355 1190 420 1229 illa
447 1189 606 1240 regione
635 1188 769 1226 sedem
794 1187 932 1224 habet:
961 1184 1014 1222 ita
1042 1189 1083 1221 vt
1111 1181 1166 1219 ibi
1193 1181 1241 1219 sit
1270 1187 1455 1229 tanquam
1484 1180 1728 1229 διακριτικὸν
1756 1178 1856 1216 inter
1879 1190 1999 1228 aquas
2026 1190 2135 1227 supe-

197 1247 317 1284 riores
345 1246 380 1283 &
402 1242 624 1291 inferiores,
660 1241 796 1278 Genes.
830 1252 860 1276 1.
890 1239 927 1276 6.
958 1248 993 1285 7.
1035 1232 1264 1273 Constitutis
1291 1232 1400 1270 hisce
1429 1232 1661 1281 corporibus
1690 1243 1832 1280 aquam
1849 1232 2045 1270 &terram
2060 1232 2134 1268 for-

197 1298 331 1337 mauit.
371 1297 472 1335 Cum
512 1297 606 1333 vero
640 1294 738 1332 haec
774 1292 854 1330 duo
888 1301 1008 1328 vnum
1036 1287 1147 1337 quasi
1173 1287 1337 1337 globum
1365 1285 1465 1323 inter
1492 1296 1532 1322 se
1560 1284 1864 1335 constituerent,
1892 1286 2000 1323 Deus
2027 1284 2137 1333 aquis

197 1358 302 1391 certa
328 1349 605 1399 conceptacula
633 1347 669 1384 &
695 1347 829 1384 alueos
862 1341 1087 1391 destinauit,
1109 1346 1225 1389 atque
1245 1339 1330 1377 illas
1354 1351 1401 1376 eo
1419 1337 1567 1388 coegit:
1584 1338 1619 1375 &
1636 1337 1785 1376 siccum
1800 1344 1943 1376 terram
1958 1336 2115 1376 vocauit
2130 1367 2140 1387 ,

204 1406 299 1444 Gen.
357 1434 364 1441 .
402 1415 459 1440 10.

251 1459 302 1498 X.
329 1417 586 1504 9Composita
611 1464 781 1502 corpora
808 1456 915 1500 sunt,
945 1458 1046 1499 quae
1074 1460 1122 1486 ex
1151 1444 1392 1496 simplicibus
1421 1444 1654 1494 corporibus
1683 1450 1875 1483 constant.
1912 1445 2027 1482 Haec
2051 1450 2139 1482 sunt

199 1517 265 1550 aut
304 1510 475 1560 perfecte
515 1505 636 1544 mixta
675 1512 742 1543 aut
782 1503 1019 1553 imperfecte.
1061 1501 1235 1539 Perfecte
1270 1498 1390 1536 mixta
1426 1504 1533 1548 sunt,
1572 1508 1672 1547 quae
1702 1498 1834 1547 quoad
1863 1497 2065 1537 materiam
2093 1510 2140 1535 ex

202 1563 385 1602 omnibus
426 1558 680 1599 miscibilibus
721 1563 921 1606 constant,
962 1557 998 1593 δι
1033 1565 1112 1604 quo
1147 1552 1198 1590 ad
1233 1553 1402 1590 formam
1431 1563 1564 1589 veram
1592 1551 1634 1600 (f.
1670 1552 1798 1600 1633.)
1829 1561 1965 1589 eorum
1993 1551 2140 1589 habent

202 1616 404 1665 vnionem,
431 1613 484 1652 ita
509 1619 551 1651 vt
576 1625 624 1651 ex
650 1610 825 1662 pluribus
854 1607 989 1648 formis
1018 1607 1066 1646 sit
1091 1619 1168 1645 vna
1196 1606 1342 1655 forma,
1370 1605 1406 1642 &
1434 1606 1456 1642 e
1483 1602 1659 1654 plurimis
1674 1604 1821 1642 naturis
1837 1604 1884 1643 sit
1898 1617 1976 1643 vna
1991 1611 2140 1642 natura.

199 1669 434 1720 Imperfecte
473 1665 613 1717 mixta,
650 1677 750 1715 quae
778 1676 859 1702 non
887 1675 935 1701 ex
961 1660 1145 1700 omnibus
1175 1656 1376 1697 elementis
1406 1663 1607 1707 constant,
1636 1656 1707 1696 etsi
1735 1670 1782 1696 ex
1810 1657 2006 1708 pluribus:
2039 1657 2074 1695 Sc
2102 1656 2143 1694 in

202 1722 344 1773 quibus
375 1719 623 1759 indistinctae
658 1716 905 1756 miscibilium
941 1721 1102 1753 naturae
1139 1718 1359 1762 seruantur,
1389 1717 1429 1749 vt
1455 1712 1656 1760 Meteora,
1686 1710 1742 1749 sic
1771 1710 1897 1762 dicta,
1926 1718 2010 1750 tum
2034 1710 2143 1760 quod

201 1777 385 1826 pleraque
411 1779 619 1812 nascantur
646 1770 686 1810 in
714 1769 871 1810 sublimi
897 1770 1009 1819 loco,
1036 1766 1169 1815 ibique
1197 1763 1509 1815 conspiciantur,
1537 1771 1621 1801 tum
1644 1764 1753 1813 quod
1769 1764 1921 1803 animos
1936 1763 2141 1802 hominum

207 1828 393 1868 sollicitos
426 1833 545 1876 atque
581 1836 790 1875 suspensos
826 1822 1014 1871 reddant,
1042 1825 1204 1870 propter
1231 1829 1362 1856 rerum
1388 1818 1603 1855 futurarum
1632 1821 1839 1869 euentum,
1868 1820 1904 1856 &
1934 1817 1990 1856 sui
2018 1816 2141 1855 admi-

206 1882 355 1921 ratione
383 1879 493 1930 quasi
519 1879 559 1916 in
587 1877 753 1917 sublime
779 1877 944 1915 trahant.
975 1875 1100 1912 Arist.
1128 1873 1191 1910 lib.
1229 1885 1261 1909 1.
1290 1872 1456 1909 Meteor.
1485 1877 1570 1921 cap.
1604 1883 1636 1908 1.

258 1936 328 1974 XI.
382 1936 428 1972 In
464 1932 728 1982 perfectorum
765 1928 973 1968 Creatione
1013 1928 1118 1965 Deus
1155 1924 1324 1975 primum
1355 1923 1502 1962 creauit
1531 1936 1576 1961 ea
1605 1934 1705 1973 quae
1735 1931 1825 1963 sunt
1851 1923 2069 1963 necessaria
2096 1922 2147 1960 ad

206 1986 326 2026 vitam
348 1984 603 2025 animantium
630 1984 831 2033 alendam,
858 1988 900 2021 vt
927 1987 1016 2020 sunt
1045 1981 1222 2030 plantae,
1250 1978 1285 2015 &
1315 1978 1366 2016 ad
1396 1976 1718 2015 commoditatem
1747 1983 2008 2027 ornatumque
2031 1975 2146 2014 huius

207 2039 413 2090 domicilij,
439 2045 482 2077 ut
509 2039 587 2088 sol,
614 2039 726 2088 luna,
756 2042 858 2075 astra
885 2037 920 2074 ὅτ
948 2034 1102 2084 stellae,
1131 2043 1230 2082 quae
1258 2037 1347 2069 sunt
1375 2031 1657 2080 conceptacula
1680 2031 1716 2068 81
1740 2029 1997 2068 instrumenta
2012 2029 2142 2080 primo

208 2093 272 2133 die
305 2099 457 2132 creatae
492 2090 610 2138 lucis,
648 2090 768 2140 idque
795 2089 846 2127 ad
872 2086 1189 2137 distinguendum
1216 2091 1415 2135 tempora,
1446 2096 1592 2133 annOS,
1621 2095 1798 2134 menses,
1826 2097 1872 2122 ac
1901 2082 2006 2135 dies,
2034 2083 2070 2120 δε
2099 2082 2148 2120 ad

209 2146 462 2185 indicandum
489 2143 714 2183 hominibus
742 2148 1004 2193 tempestates.

262 2201 351 2238 XII.
406 2201 612 2238 Hactenus
651 2197 700 2236 de
741 2194 928 2244 domicilij
972 2190 1271 2242 constitutione,
1313 2190 1363 2228 ad
1404 2201 1522 2240 quam
1563 2188 1759 2239 pertinent
1796 2202 1843 2228 ea
1878 2204 1909 2228 1.
1941 2201 2042 2240 quae
2069 2201 2152 2227 esse

210 2254 369 2292 habent.
414 2266 447 2291 2.
490 2263 590 2301 quae
629 2256 782 2301 praeter
823 2260 906 2288 esse
948 2247 1065 2286 etiam
1101 2245 1247 2283 habent
1282 2243 1427 2281 viuere.
1466 2244 1689 2292 Sequuntur
1715 2243 1793 2280 iam
1822 2243 1936 2281 huius
1964 2241 2149 2290 domicilij

211 2306 382 2357 incolae,
423 2306 463 2344 in
504 2315 672 2354 quorum
706 2302 903 2341 creatione
943 2301 1051 2338 Deus
1079 2298 1186 2336 hunc
1214 2295 1392 2336 ordinem
1421 2296 1610 2346 seruavit,
1639 2302 1681 2333 vt
1710 2296 1836 2346 primo
1868 2296 2058 2335 creauerit
2084 2308 2151 2346 ea,

213 2371 313 2409 quae
349 2366 502 2409 praeter
537 2370 621 2396 esse
657 2359 692 2395 δι
718 2356 848 2395 viuere
876 2354 993 2393 etiam
1020 2353 1168 2391 habent
1196 2349 1358 2399 sentire,
1387 2356 1428 2388 vt
1455 2356 1544 2387 sunt
1571 2348 1740 2399 bestiae,
1771 2361 1918 2400 eaeque
1941 2348 2151 2399 aquatiles,

214 2412 389 2451 volatiles
427 2413 463 2450 δι
497 2417 709 2449 terrestres.
749 2408 903 2447 Deinde
933 2420 979 2446 ea
1006 2417 1106 2456 quae
1133 2411 1288 2455 praeter
1317 2415 1418 2453 esse,
1448 2403 1576 2441 viuere
1606 2404 1641 2440 δι
1671 2402 1834 2453 sentire,
1863 2403 1979 2442 etiam
2006 2402 2154 2441 habent
2203 2422 2207 2425 -

213 2465 448 2516 intelligere,
476 2472 518 2503 vt
544 2463 746 2513 homines,
773 2461 839 2512 qui
868 2473 916 2499 eo
945 2461 1046 2498 duce
1072 2458 1138 2496 illa
1164 2456 1297 2495 omnia
1326 2457 1362 2494 &
1390 2468 1430 2494 se
1459 2455 1565 2505 ipsos
1579 2457 1751 2494 referunt
1766 2457 1817 2494 ad
1831 2457 1960 2494 Deum
1975 2462 2153 2494 autorem

214 2525 412 2557 tantorum
440 2519 650 2556 bonorum.
678 2517 772 2554 Hoc
798 2515 929 2564 itaque
958 2512 1079 2551 modo
1108 2524 1174 2549 sex
1201 2509 1338 2548 diebus
1367 2508 1459 2547 fecit
1486 2510 1593 2547 Deus
1617 2509 2023 2560 coelun1‚terran1,&
2039 2519 2154 2558 quae-

214 2583 368 2621 cunque
393 2572 433 2609 in
462 2570 507 2609 iis
535 2576 642 2620 sunt,
670 2568 761 2608 dein
789 2566 979 2618 requieuit
1006 2565 1069 2604 die
1098 2563 1288 2614 septimo,
1317 2561 1572 2600 sanctificauit
1601 2562 1636 2599 81
1666 2562 1877 2601 benedixit.

1926 2823 2015 2861 XV.
2069 2821 2156 2858 DE
