2334 3020
851 129 1118 156 mRENici
1163 128 1301 155 PARS
1343 128 1368 154 1.
2002 113 2074 158 461

136 243 392 291 irrventibus,
437 239 744 280 sceleratissime.
773 239 887 276 Haec
928 238 1007 275 tela
1033 237 1110 274 iam
1146 236 1186 274 in
1227 248 1364 274 omnes
1392 242 1521 284 partes
1549 233 1758 273 Christiani
1789 232 1894 271 orbis
1922 230 2085 270 volitant

133 297 235 336 adeo
265 294 495 344 confertim,
524 301 565 332 vt
592 291 928 342 quemadmodum
957 290 1094 328 nimbo
1123 288 1465 327 vehementissimo
1494 289 1560 325 lux
1588 287 1706 335 caeli,
1734 286 1786 324 ita
1801 287 1866 323 lux
1881 283 2086 335 spiritualis

133 351 257 390 denso
298 350 466 389 telorum
503 347 667 386 istorum
703 357 868 382 numero
903 344 1034 381 multis
1072 341 1300 380 Christianis
1333 341 1528 379 mentibus
1557 340 1716 379 minime
1739 338 1851 377 malis
1879 338 2084 377 adimatur.

132 405 197 442 An
242 415 335 453 ergo
377 407 528 440 tantum
570 406 628 438 est
663 398 702 436 in
731 397 941 436 scribendo
970 395 1198 445 voluptatis,
1227 402 1269 433 vt
1296 401 1458 445 propter
1487 407 1573 432 eam
1602 393 1765 442 Christi,
1794 391 2017 441 Ecclesiae,
2047 392 2083 429 &

133 456 350 495 animarum
391 461 471 493 tam
513 454 723 492 multarum
765 457 1012 501 expungatur
1050 446 1172 487 ratio?
1208 461 1258 486 an
1287 449 1527 497 voluptatem
1556 447 1662 485 illam
1692 452 1866 484 nostram
1895 456 2015 494 quam
2045 443 2083 482 in

133 510 344 549 scribendo
371 507 567 557 capimus,
595 505 694 544 tanti
719 505 910 542 audemus
939 499 1093 541 emere?
1122 501 1228 550 Quin
1258 501 1388 551 potius
1416 500 1635 550 cogitamus
1665 499 1774 549 quod
1803 498 1898 537 olim
1930 497 2089 536 dicebat

132 563 196 602 ille
236 561 443 611 Satiricus,
486 559 610 598 teneri
658 559 802 596 multos
844 556 1042 595 scribendi
1085 555 1275 593 cacoethe
1315 551 1549 592 insanabili?
1578 553 1730 602 Scripta
1757 565 1838 589 non
1868 565 1914 590 ex
1943 551 2084 589 morbo

131 615 271 662 animi,
315 614 384 653 sed
440 626 488 652 ex
529 611 676 651 iudicio
705 617 814 648 certo
844 609 1041 648 exaranda
1069 616 1187 657 atque
1214 608 1369 646 edenda
1397 614 1500 645 sunt.
1532 605 1720 655 Alioquin
1748 604 1868 643 taceri
1887 610 2082 655 praestat:

134 670 223 708 cum
266 668 410 706 doceat
452 668 640 706 Salomon
678 664 794 703 etiam
824 665 1004 713 stultum,
1031 661 1194 712 quando
1225 667 1352 709 tacet,
1381 660 1504 699 videri
1533 658 1762 709 sapientem.
1790 660 1907 696 Prou.
1934 668 1992 706 17.
2025 659 2086 695 28.

132 722 253 771 Quod
282 721 313 759 si
340 727 451 759 certo
483 719 630 758 iudicio
659 720 776 769 fiant,
799 717 981 767 profecto
1011 716 1061 754 ad
1084 714 1311 765 veritatem,
1340 717 1375 753 ἃ
1398 727 1557 764 pacem,
1587 712 1896 761 charitatemque
1911 718 2087 762 spectare

130 782 288 827 oportet
314 774 460 812 omnia.

183 830 244 867 Ac
285 829 428 866 morbo
464 825 625 876 quidem
663 824 784 864 animi
812 822 943 874 potius
966 825 1085 872 quam
1113 821 1260 860 iudicio
1290 819 1434 868 scripta
1459 822 1577 870 quam
1607 818 1776 869 plurima
1805 819 1882 856 hoc
1909 824 2088 867 tempore

135 882 173 921 in
201 883 340 932 vulgus
369 879 568 931 dissipari,
598 878 728 918 multis
757 877 997 927 argumentis
1012 875 1171 926 probari
1187 881 1330 925 potest.
1345 875 1650 922 Verumtamen,
1680 885 1729 910 ne
1744 870 1940 922 longiores
1956 870 2087 918 simus,

134 936 305 986 paucula
332 935 526 983 quaedam
557 934 803 981 adferemus,
833 944 882 968 ex
910 930 1051 980 quibus
1082 928 1341 978 plurimorum
1372 927 1628 976 scriptorum,
1671 938 1770 975 quae
1798 925 1878 962 1106
1909 931 2088 974 tempore

131 988 449 1028 circumuolitant
478 987 516 1025 in
546 998 685 1025 manus
714 983 910 1032 omnium,
940 982 1210 1022 conditionem
1236 981 1512 1019 ostendemus:
1535 987 1576 1018 vt
1605 979 1746 1029 singuli
1760 978 1939 1027 videant,
1969 979 2087 1027 quam

134 1042 296 1091 impune
333 1048 528 1091 grassetur
565 1041 644 1078 hoc
672 1040 818 1077 malum
847 1037 1020 1075 maximo
1050 1034 1250 1074 Ecclesiae
1280 1035 1399 1072 malo.
1428 1035 1490 1072 De
1518 1033 1563 1072 iis
1592 1040 1743 1083 autem,
1772 1031 1936 1082 perinde
1964 1044 2009 1069 ac
2038 1031 2088 1069 de

133 1095 358 1134 actionibus
384 1093 547 1133 internis
575 1095 611 1132 ἃ
640 1091 807 1131 externis
835 1091 1064 1137 hominum,
1093 1101 1172 1127 non
1204 1102 1249 1127 ex
1278 1100 1422 1139 genere
1451 1086 1692 1137 materiaque
1722 1085 1889 1135 (agimus
1918 1083 2020 1123 enim
2038 1085 2088 1122 de

136 1148 290 1199 scriptis
335 1149 462 1186 solum
503 1147 555 1185 ad
586 1159 648 1184 res
677 1158 807 1184 sacras
829 1143 1131 1194 pertinentibus)
1168 1143 1237 1180 sed
1265 1156 1312 1180 ex
1340 1140 1492 1190 specie,
1521 1154 1566 1178 ac
1595 1137 1919 1188 circumstantiis,
1947 1139 1983 1176 &
2011 1138 2089 1176 fine

136 1202 312 1253 ipsorum
340 1201 423 1239 fieri
450 1200 638 1239 iudicium
667 1211 828 1238 necesse
856 1204 924 1236 est.
953 1197 1126 1235 Primum
1156 1195 1261 1234 enim
1291 1194 1437 1244 scripta
1458 1194 1646 1243 eduntur,
1674 1206 1721 1231 ac
1736 1192 1865 1243 potius
1880 1198 2091 1230 vomuntur

137 1258 256 1306 quam
294 1255 462 1305 plurima
495 1255 546 1292 ab
588 1252 751 1304 ingeniis
787 1249 1153 1302 perturbatissimis3
1195 1260 1296 1298 quae
1323 1247 1478 1298 pietati,
1515 1246 1686 1293 veritati,
1716 1245 1911 1296 charitati,
1940 1247 1975 1283 ἃ
2004 1245 2090 1294 paci

137 1308 323 1360 publicae
367 1307 494 1358 reipsa
532 1308 809 1352 aduersantur,
840 1306 875 1343 &
903 1316 1005 1354 quae
1032 1303 1072 1342 in
1101 1310 1303 1340 aeternum
1328 1307 1540 1352 praestaret
1568 1299 1758 1350 supprimi
1786 1300 1905 1349 quam
1933 1297 2091 1348 prodire

135 1362 176 1401 in
208 1361 315 1413 vulgi
342 1374 507 1399 manus:
537 1361 638 1399 adeo
667 1362 691 1398 a
717 1360 827 1398 bono
855 1356 1049 1408 principio
1078 1358 1240 1407 absunt,
1269 1357 1305 1394 &
1334 1355 1490 1393 abiecto
1520 1356 1651 1399 bono,
1680 1365 1782 1403 quae
1810 1351 1979 1402 speciem
2010 1354 2090 1389 fac-

135 1424 265 1454 torum
310 1414 551 1454 constituunt
591 1415 753 1452 bonam.
794 1411 950 1450 Deinde
992 1418 1033 1449 vt
1074 1411 1213 1448 demus
1254 1408 1398 1459 scripta
1435 1409 1557 1446 multa
1585 1407 1776 1453 existere,
1806 1417 1907 1456 quae
1927 1417 2009 1443 non
2037 1404 2090 1443 ita

133 1470 390 1507 aduersentur
429 1467 489 1506 his
529 1467 645 1507 bonis
687 1478 789 1516 quae
826 1465 947 1504 modo
979 1463 1167 1514 diximus,
1196 1464 1265 1502 sed
1293 1462 1377 1513 ipsa
1406 1464 1463 1511 (vt
1490 1473 1579 1499 cum
1609 1462 1728 1511 vulgo
1753 1461 1907 1510 loquar)
1935 1458 1975 1496 in
2003 1459 2092 1497 sub-

134 1522 273 1561 stantia
300 1523 408 1560 bona
437 1520 533 1566 sint,
561 1527 693 1559 tamen
722 1519 813 1558 huic
840 1521 971 1557 bonae
995 1516 1235 1556 substantiae
1263 1517 1432 1554 multum
1460 1514 1602 1554 veneni
1622 1527 1738 1564 saepe
1753 1512 1984 1562 infunditur,
2000 1512 2090 1550 cum

133 1577 225 1615 loco
269 1574 473 1614 doctrinae
516 1576 552 1612 &
595 1574 829 1624 dogmatum
857 1574 914 1621 (vt
937 1573 1097 1620 vocant)
1125 1569 1295 1610 veritatis
1324 1570 1447 1608 iustae
1475 1567 1791 1607 circumstantiae
1819 1566 2093 1617 negliguntur,

132 1631 168 1669 &
209 1642 270 1667 res
311 1629 540 1679 personales
585 1626 830 1676 iniiciuntur,
872 1624 1184 1670 criminationes,
1221 1622 1422 1673 conuicia,
1452 1621 1739 1671 contumeliae,
1770 1622 1891 1670 quam
1919 1619 2091 1669 plurima

133 1682 304 1733 denique
332 1680 586 1720 acerbissima
614 1679 784 1719 iudicia:
814 1691 915 1729 quae
942 1679 1033 1717 licet
1061 1685 1189 1717 essent
1216 1677 1436 1725 verissima,
1467 1689 1548 1715 non
1575 1675 1684 1714 iubet
1709 1673 1854 1713 veritas
1883 1672 1979 1723 dici,
2021 1673 2091 1710 sed

135 1737 244 1775 iubet
279 1734 433 1774 reticeri
471 1735 652 1773 charitas.
694 1735 797 1771 Nam
824 1733 919 1783 quid
945 1733 1023 1771 hoc
1051 1733 1103 1770 ad
1133 1731 1335 1769 veritatem
1363 1729 1712 1780 propugnandam,
1741 1735 1808 1766 aut
1836 1726 2089 1765 mendacium

136 1789 442 1840 expugnandum
492 1788 606 1838 facit,
658 1788 688 1826 si
730 1788 830 1825 forte
872 1786 1075 1824 hominem
1117 1785 1194 1824 suis
1234 1783 1437 1823 coloribus
1478 1785 1536 1832 (vt
1576 1782 1672 1821 mihi
1714 1780 1876 1831 quidem
1918 1779 2088 1828 videtur)

136 1840 376 1893 depinxero?
412 1854 540 1891 neque
575 1841 679 1879 enim
716 1840 917 1878 veritatem
954 1851 1064 1877 suam
1092 1852 1162 1890 per
1189 1837 1369 1877 homines
1396 1838 1506 1875 Deus
1533 1836 1585 1874 ita
1615 1834 1775 1886 probari
1801 1833 1946 1884 voluit,
1975 1839 2016 1871 vt
2044 1845 2091 1871 ex

135 1897 245 1935 bono
286 1902 352 1934 aut
392 1907 517 1945 prauo
555 1894 691 1944 huius,
720 1894 842 1943 illius,
872 1893 1104 1942 cuiusquam
1130 1891 1302 1931 hominis
1331 1890 1508 1929 instituto
1540 1889 1662 1939 vitae,
1690 1888 1740 1926 de
1768 1886 1929 1926 veritate
1958 1885 2092 1924 diuina

135 1949 322 1988 iudicent.
351 1948 611 1987 Transcendit
637 1947 778 1986 veritas
806 1960 967 1986 omnem
995 1946 1201 1984 hominum
1227 1952 1410 1994 captum:
1440 1955 1568 1993 neque
1597 1956 1666 1993 per
1693 1941 1874 1980 homines
1902 1939 1967 1978 illa
1994 1938 2090 1977 iudi-

139 2010 276 2053 catur,
304 2003 374 2041 sed
403 2002 585 2041 homines
613 2014 684 2052 per
712 2001 832 2039 illam.
862 2001 1116 2050 Quapropter
1142 2013 1224 2038 non
1253 1999 1411 2038 dicebat
1442 1997 1638 2045 Christus,
1674 2009 1720 2033 ex
1749 1993 1938 2032 fructibus
1965 1992 2091 2031 homi-

138 2068 255 2106 num,
296 2062 363 2095 aut
403 2069 451 2093 ex
477 2054 705 2094 hominibus
734 2053 986 2104 cognoscetis
1012 2053 1238 2101 veritatem,
1280 2053 1349 2090 sed
1379 2064 1427 2090 ex
1455 2049 1646 2088 fructibus
1674 2061 1812 2087 eorum
1841 2045 2092 2097 cognoscetis

138 2123 217 2149 eos.
261 2110 313 2147 Et
355 2108 503 2159 optime
544 2108 669 2158 inquit
709 2109 951 2158 Apostolus:
995 2107 1103 2156 Quid
1144 2106 1176 2145 si
1218 2105 1328 2144 infidi
1369 2106 1525 2143 fuerunt
1563 2099 1753 2153 quidam?
1781 2103 1888 2140 Num
1915 2100 2090 2150 ipsorum

140 2162 349 2202 infidelitas
376 2162 495 2200 fidem
523 2162 598 2201 Dei
627 2162 782 2200 inanem
810 2158 975 2200 reddet?
1003 2160 1117 2199 absit.
1145 2160 1226 2199 imo
1255 2166 1339 2197 esto
1369 2160 1476 2196 Deus
1505 2170 1641 2205 verax,
1666 2155 1794 2194 omnis
1823 2160 1954 2192 autem
1967 2154 2090 2191 homo

141 2216 335 2255 mendax:
374 2215 474 2254 sicut
510 2215 697 2266 scriptum
740 2221 822 2265 est,
851 2222 892 2253 vt
919 2213 1137 2252 iustificeris
1166 2213 1205 2251 in
1234 2212 1481 2252 sermonibus
1508 2209 1605 2261 tuis,
1634 2210 1669 2247 &
1698 2208 1832 2247 vincas
1860 2206 2021 2257 quando
2049 2212 2092 2244 tu

140 2270 300 2308 iudicas.
329 2271 448 2307 Rom.
479 2282 516 2318 3.
545 2282 580 2318 3.
611 2282 648 2316 4.
677 2270 882 2307 Postremo
914 2267 947 2306 si
975 2268 1026 2305 ad
1054 2269 1195 2317 finem,
1223 2278 1339 2316 quem
1370 2264 1443 2304 sibi
1471 2263 1510 2301 in
1539 2262 1690 2313 scriptis
1717 2267 1947 2312 proponunt
1963 2258 2091 2307 multi,

141 2330 208 2361 aut
249 2322 301 2361 ad
328 2329 512 2361 euentum
554 2321 670 2360 etiam
713 2321 962 2372 respicimus,
993 2321 1156 2359 omnino
1185 2318 1425 2369 comperturi
1455 2329 1608 2362 sumuS,
1637 2322 1704 2354 aut
1730 2316 1849 2353 finem
1877 2315 2091 2352 multorum

145 2376 213 2426 qui
240 2375 415 2415 scribunt
443 2375 622 2425 iniquum
649 2388 754 2421 esse,
783 2381 850 2413 aut
878 2374 909 2413 si
937 2373 1094 2424 quidem
1125 2372 1284 2412 minime
1312 2373 1437 2410 malus
1466 2378 1545 2421 est,
1573 2368 1785 2420 plurimum
1813 2370 1837 2406 a
1857 2368 1935 2406 fine
1950 2367 2093 2405 discre-

144 2442 238 2480 pare
267 2428 488 2479 scriptionis
516 2429 706 2467 modum:
735 2427 863 2479 ipsum
893 2427 1065 2477 denique
1093 2433 1277 2465 euentum
1304 2426 1354 2463 ab
1382 2432 1550 2474 Vtroque
1566 2424 1704 2462 abesse
1718 2424 1839 2471 quam
1853 2420 2093 2471 longissime.

140 2483 221 2522 Cur
256 2478 413 2521 autem?
449 2481 522 2520 nisi
561 2481 654 2531 quia
681 2481 721 2521 in
750 2481 960 2520 scribendo
989 2493 1064 2518 nec
1091 2479 1196 2530 finis,
1226 2492 1299 2518 nec
1328 2479 1471 2517 modus
1500 2483 1676 2517 seruatur
1702 2475 1938 2526 plurimum:
1968 2474 2004 2511 &
2033 2486 2093 2511 res

143 2535 335 2575 tacendae
365 2534 616 2586 diuulgantur
643 2535 682 2573 in
711 2534 934 2586 publicum3
965 2535 1000 2572 &
1027 2533 1341 2583 incompetentes
1368 2531 1515 2570 iudices
1538 2530 1578 2569 in
1592 2531 1710 2568 rebus
1725 2528 1840 2568 etiam
1857 2525 2095 2578 grauissimis

142 2588 290 2628 malitia
316 2588 523 2627 hominum
551 2590 823 2640 appellantur,
861 2593 1130 2638 competentes
1158 2589 1252 2626 vero
1281 2584 1529 2624 multitudine
1558 2582 1735 2634 oppressi
1762 2582 1803 2620 in
1829 2588 1938 2620 tanta
1965 2591 2095 2619 rerum

144 2641 446 2682 conturbatione
474 2641 601 2681 silent.

200 2696 317 2735 Certe
344 2696 444 2734 haec
471 2696 593 2746 mala,
622 2706 722 2744 quae
750 2694 873 2733 modo
902 2696 1004 2733 ame
1017 2693 1188 2732 adducta
1209 2699 1321 2742 sunt,
1351 2691 1482 2741 siquis
1501 2692 1683 2729 accurate
1699 2689 1782 2728 sine
1795 2686 2093 2739 perturbatione

151 2748 271 2788 animi
313 2747 559 2799 expenderit,
601 2747 805 2786 mirabitur
847 2760 1002 2786 mecum
1045 2758 1239 2785 summam
1266 2745 1373 2784 illam
1399 2744 1476 2784 Dei
1502 2742 1829 2792 misericordiam,
1858 2740 1926 2791 qui
1953 2750 2096 2790 corpus

145 2802 250 2841 illud
289 2802 463 2841 lacerum
504 2800 826 2852 Christianitatis,
868 2803 903 2840 &
943 2800 982 2839 in
1023 2812 1133 2840 suam
1162 2799 1281 2850 ipsius
1309 2799 1472 2838 salutem
1503 2797 1749 2837 coniuratum
1776 2796 1966 2834 hactenus
1993 2793 2097 2885 εῑοιῖκὲὸὲ

1926 2852 2072 2898 gratios
