<?xml version="1.0" encoding="UTF-8"?>
<!DOCTYPE html PUBLIC "-//W3C//DTD XHTML 1.0 Transitional//EN"
    "http://www.w3.org/TR/xhtml1/DTD/xhtml1-transitional.dtd">
<html xmlns="http://www.w3.org/1999/xhtml" xml:lang="en" lang="en">
 <head>
  <title>
</title>
<meta http-equiv="Content-Type" content="text/html;charset=utf-8" />
  <meta name='ocr-system' content='tesseract 3.04.00' />
  <meta name='ocr-capabilities' content='ocr_page ocr_carea ocr_par ocr_line ocrx_word'/>
</head>
<body>
  <div class='ocr_page' id='page_1' title='image "./opusculatheologi00juni/opusculatheologi00juni_0098.png"; bbox 0 0 2334 3020; ppageno 0'>
   <div class='ocr_carea' id='block_1_1' title="bbox 261 72 1562 111">
    <p class='ocr_par' dir='ltr' id='par_1_1' title="bbox 261 72 1562 111">
     <span class='ocr_line' id='line_1_1' title="bbox 261 72 1562 111; baseline 0.002 -3"><span class='ocrx_word' id='word_1_1' title='bbox 261 72 312 108; x_wconf 90' lang='lat'>68</span> <span class='ocrx_word' id='word_1_2' title='bbox 922 84 987 110; x_wconf 75' lang='lat' dir='ltr'>DE</span> <span class='ocrx_word' id='word_1_3' title='bbox 1029 85 1172 111; x_wconf 84' lang='lat' dir='ltr'><strong>VERA</strong></span> <span class='ocrx_word' id='word_1_4' title='bbox 1209 84 1562 111; x_wconf 81' lang='lat' dir='ltr'><strong>THEOLOGIA.</strong></span> 
     </span>
    </p>
   </div>
   <div class='ocr_carea' id='block_1_2' title="bbox 235 187 2193 2725">
    <p class='ocr_par' dir='ltr' id='par_1_2' title="bbox 239 187 2193 2507">
     <span class='ocr_line' id='line_1_2' title="bbox 262 187 2186 242; baseline 0.003 -19"><span class='ocrx_word' id='word_1_5' title='bbox 262 187 382 236; x_wconf 89' lang='lat' dir='ltr'>signis</span> <span class='ocrx_word' id='word_1_6' title='bbox 410 187 701 235; x_wconf 89' lang='lat' dir='ltr'>comparatione</span> <span class='ocrx_word' id='word_1_7' title='bbox 727 189 852 236; x_wconf 91' lang='lat' dir='ltr'>potuit</span> <span class='ocrx_word' id='word_1_8' title='bbox 880 190 1098 227; x_wconf 80' lang='lat' dir='ltr'>successiue</span> <span class='ocrx_word' id='word_1_9' title='bbox 1126 190 1431 229; x_wconf 85' lang='lat' dir='ltr'>ratiocinationis</span> <span class='ocrx_word' id='word_1_10' title='bbox 1455 202 1575 240; x_wconf 90' lang='lat' dir='ltr'>opera</span> <span class='ocrx_word' id='word_1_11' title='bbox 1595 203 1855 241; x_wconf 90' lang='lat' dir='ltr'>componere,</span> <span class='ocrx_word' id='word_1_12' title='bbox 1879 191 2078 242; x_wconf 85' lang='lat' dir='ltr'>diuidere,</span> <span class='ocrx_word' id='word_1_13' title='bbox 2095 204 2186 230; x_wconf 90' lang='lat' dir='ltr'>con-</span> 
     </span>
     <span class='ocr_line' id='line_1_3' title="bbox 267 239 2188 292; baseline 0.004 -17"><span class='ocrx_word' id='word_1_14' title='bbox 267 239 446 288; x_wconf 84' lang='lat' dir='ltr'>cludere,</span> <span class='ocrx_word' id='word_1_15' title='bbox 473 241 508 276; x_wconf 69' lang='grc' dir='ltr'>δι</span> <span class='ocrx_word' id='word_1_16' title='bbox 535 239 812 289; x_wconf 88' lang='lat' dir='ltr'>determinare,</span> <span class='ocrx_word' id='word_1_17' title='bbox 840 241 956 278; x_wconf 86' lang='lat' dir='ltr'>etiam</span> <span class='ocrx_word' id='word_1_18' title='bbox 986 243 1199 280; x_wconf 84' lang='lat' dir='ltr'>secundum</span> <span class='ocrx_word' id='word_1_19' title='bbox 1227 249 1425 291; x_wconf 77' lang='lat' dir='ltr'>naturam,</span> <span class='ocrx_word' id='word_1_20' title='bbox 1453 242 1640 292; x_wconf 87' lang='lat' dir='ltr'>quicquid</span> <span class='ocrx_word' id='word_1_21' title='bbox 1667 245 1848 282; x_wconf 82' lang='lat' dir='ltr'>facultate</span> <span class='ocrx_word' id='word_1_22' title='bbox 1876 243 1977 281; x_wconf 89' lang='lat' dir='ltr'>illius</span> <span class='ocrx_word' id='word_1_23' title='bbox 2004 244 2044 281; x_wconf 94' lang='lat' dir='ltr'>in</span> <span class='ocrx_word' id='word_1_24' title='bbox 2072 246 2188 284; x_wconf 91' lang='lat' dir='ltr'>rebus</span> 
     </span>
     <span class='ocr_line' id='line_1_4' title="bbox 268 290 2191 347; baseline 0.005 -19"><span class='ocrx_word' id='word_1_25' title='bbox 268 290 408 329; x_wconf 90' lang='lat' dir='ltr'>diuinis</span> <span class='ocrx_word' id='word_1_26' title='bbox 436 297 687 340; x_wconf 88' lang='lat' dir='ltr'>assequutura</span> <span class='ocrx_word' id='word_1_27' title='bbox 714 299 850 330; x_wconf 89' lang='lat' dir='ltr'>natura</span> <span class='ocrx_word' id='word_1_28' title='bbox 877 293 965 344; x_wconf 82' lang='lat' dir='ltr'>fuit3</span> <span class='ocrx_word' id='word_1_29' title='bbox 994 294 1161 344; x_wconf 90' lang='lat' dir='ltr'>denique</span> <span class='ocrx_word' id='word_1_30' title='bbox 1185 295 1384 333; x_wconf 88' lang='lat' dir='ltr'>scientiam</span> <span class='ocrx_word' id='word_1_31' title='bbox 1399 295 1568 345; x_wconf 83' lang='lat' dir='ltr'>aliquam</span> <span class='ocrx_word' id='word_1_32' title='bbox 1583 307 1712 334; x_wconf 89' lang='lat' dir='ltr'>rerum</span> <span class='ocrx_word' id='word_1_33' title='bbox 1727 296 1946 335; x_wconf 88' lang='lat' dir='ltr'>diuinarum</span> <span class='ocrx_word' id='word_1_34' title='bbox 1961 309 2191 347; x_wconf 88' lang='lat' dir='ltr'>comparare</span> 
     </span>
     <span class='ocr_line' id='line_1_5' title="bbox 264 342 2190 399; baseline 0.004 -17"><span class='ocrx_word' id='word_1_35' title='bbox 264 344 478 382; x_wconf 81' lang='lat' dir='ltr'>secundum</span> <span class='ocrx_word' id='word_1_36' title='bbox 507 342 679 393; x_wconf 79' lang='lat' dir='ltr'>integrae</span> <span class='ocrx_word' id='word_1_37' title='bbox 705 351 865 383; x_wconf 89' lang='lat' dir='ltr'>naturae</span> <span class='ocrx_word' id='word_1_38' title='bbox 890 347 1066 386; x_wconf 86' lang='lat' dir='ltr'>modum.</span> <span class='ocrx_word' id='word_1_39' title='bbox 1098 349 1168 386; x_wconf 91' lang='lat' dir='ltr'>sed</span> <span class='ocrx_word' id='word_1_40' title='bbox 1192 360 1307 397; x_wconf 91' lang='lat' dir='ltr'>supra</span> <span class='ocrx_word' id='word_1_41' title='bbox 1328 355 1505 386; x_wconf 84' lang='lat' dir='ltr'>naturam</span> <span class='ocrx_word' id='word_1_42' title='bbox 1529 361 1613 387; x_wconf 90' lang='lat' dir='ltr'>non</span> <span class='ocrx_word' id='word_1_43' title='bbox 1635 349 1761 399; x_wconf 90' lang='lat' dir='ltr'>potuit</span> <span class='ocrx_word' id='word_1_44' title='bbox 1780 350 2077 398; x_wconf 80' lang='lat' dir='ltr'>transcendere,</span> <span class='ocrx_word' id='word_1_45' title='bbox 2101 350 2190 399; x_wconf 86' lang='lat' dir='ltr'>quia</span> 
     </span>
     <span class='ocr_line' id='line_1_6' title="bbox 261 396 2190 452; baseline 0.004 -18"><span class='ocrx_word' id='word_1_46' title='bbox 261 407 350 434; x_wconf 90' lang='lat' dir='ltr'>suus</span> <span class='ocrx_word' id='word_1_47' title='bbox 394 396 464 434; x_wconf 89' lang='lat' dir='ltr'>fuit</span> <span class='ocrx_word' id='word_1_48' title='bbox 507 397 543 433; x_wconf 64' lang='grc' dir='ltr'>ὅ(</span> <span class='ocrx_word' id='word_1_49' title='bbox 571 396 773 446; x_wconf 88' lang='lat' dir='ltr'>singularis</span> <span class='ocrx_word' id='word_1_50' title='bbox 801 398 943 437; x_wconf 89' lang='lat' dir='ltr'>modus</span> <span class='ocrx_word' id='word_1_51' title='bbox 969 400 1217 438; x_wconf 89' lang='lat' dir='ltr'>facultatibus</span> <span class='ocrx_word' id='word_1_52' title='bbox 1245 400 1404 450; x_wconf 87' lang='lat' dir='ltr'>singulis</span> <span class='ocrx_word' id='word_1_53' title='bbox 1433 400 1571 452; x_wconf 66' lang='lat' dir='ltr'>ipsius,</span> <span class='ocrx_word' id='word_1_54' title='bbox 1599 408 1706 440; x_wconf 83' lang='lat' dir='ltr'>extra</span> <span class='ocrx_word' id='word_1_55' title='bbox 1733 414 1849 452; x_wconf 92' lang='lat' dir='ltr'>quem</span> <span class='ocrx_word' id='word_1_56' title='bbox 1877 402 2039 440; x_wconf 88' lang='lat' dir='ltr'>modum</span> <span class='ocrx_word' id='word_1_57' title='bbox 2067 404 2190 442; x_wconf 90' lang='lat' dir='ltr'>fuerat</span> 
     </span>
     <span class='ocr_line' id='line_1_7' title="bbox 258 448 2189 504; baseline 0.005 -20"><span class='ocrx_word' id='word_1_58' title='bbox 258 448 417 497; x_wconf 87' lang='lat' dir='ltr'>quidem</span> <span class='ocrx_word' id='word_1_59' title='bbox 452 457 733 487; x_wconf 89' lang='lat' dir='ltr'>assurrecturus</span> <span class='ocrx_word' id='word_1_60' title='bbox 766 451 918 502; x_wconf 72' lang='lat' dir='ltr'>Adam,</span> <span class='ocrx_word' id='word_1_61' title='bbox 946 452 1014 490; x_wconf 92' lang='lat' dir='ltr'>sed</span> <span class='ocrx_word' id='word_1_62' title='bbox 1043 453 1343 502; x_wconf 87' lang='lat' dir='ltr'>supernaturalis</span> <span class='ocrx_word' id='word_1_63' title='bbox 1370 453 1515 504; x_wconf 87' lang='lat' dir='ltr'>gratiae</span> <span class='ocrx_word' id='word_1_64' title='bbox 1542 455 1753 504; x_wconf 89' lang='lat' dir='ltr'>beneficio,</span> <span class='ocrx_word' id='word_1_65' title='bbox 1783 467 1863 493; x_wconf 90' lang='lat' dir='ltr'>non</span> <span class='ocrx_word' id='word_1_66' title='bbox 1891 461 2022 493; x_wconf 89' lang='lat' dir='ltr'>autem</span> <span class='ocrx_word' id='word_1_67' title='bbox 2049 455 2189 495; x_wconf 89' lang='lat' dir='ltr'>virtute</span> 
     </span>
     <span class='ocr_line' id='line_1_8' title="bbox 255 503 2190 557; baseline 0.005 -20"><span class='ocrx_word' id='word_1_68' title='bbox 255 507 417 538; x_wconf 86' lang='lat' dir='ltr'>naturae</span> <span class='ocrx_word' id='word_1_69' title='bbox 457 513 560 540; x_wconf 79' lang='lat' dir='ltr'>suae.</span> <span class='ocrx_word' id='word_1_70' title='bbox 601 503 702 540; x_wconf 86' lang='lat' dir='ltr'>Nam</span> <span class='ocrx_word' id='word_1_71' title='bbox 743 509 852 541; x_wconf 88' lang='lat' dir='ltr'>erant</span> <span class='ocrx_word' id='word_1_72' title='bbox 885 503 1035 554; x_wconf 85' lang='lat' dir='ltr'>integra</span> <span class='ocrx_word' id='word_1_73' title='bbox 1062 507 1098 543; x_wconf 70' lang='grc' dir='ltr'>δι</span> <span class='ocrx_word' id='word_1_74' title='bbox 1125 505 1351 556; x_wconf 87' lang='lat' dir='ltr'>incorrupta</span> <span class='ocrx_word' id='word_1_75' title='bbox 1379 507 1417 544; x_wconf 90' lang='lat' dir='ltr'>in</span> <span class='ocrx_word' id='word_1_76' title='bbox 1446 506 1513 544; x_wconf 89' lang='lat' dir='ltr'>illo</span> <span class='ocrx_word' id='word_1_77' title='bbox 1541 507 1693 557; x_wconf 72' lang='lat' dir='ltr'>omnia,</span> <span class='ocrx_word' id='word_1_78' title='bbox 1723 507 1792 546; x_wconf 88' lang='lat' dir='ltr'>sed</span> <span class='ocrx_word' id='word_1_79' title='bbox 1817 515 2003 546; x_wconf 88' lang='lat' dir='ltr'>contenta</span> <span class='ocrx_word' id='word_1_80' title='bbox 2030 515 2190 547; x_wconf 89' lang='lat' dir='ltr'>naturae</span> 
     </span>
     <span class='ocr_line' id='line_1_9' title="bbox 258 552 2189 609; baseline 0.005 -19"><span class='ocrx_word' id='word_1_81' title='bbox 258 552 420 603; x_wconf 87' lang='lat' dir='ltr'>finibus,</span> <span class='ocrx_word' id='word_1_82' title='bbox 447 567 527 591; x_wconf 89' lang='lat' dir='ltr'>non</span> <span class='ocrx_word' id='word_1_83' title='bbox 554 567 670 604; x_wconf 88' lang='lat' dir='ltr'>supra</span> <span class='ocrx_word' id='word_1_84' title='bbox 696 562 873 594; x_wconf 90' lang='lat' dir='ltr'>naturam</span> <span class='ocrx_word' id='word_1_85' title='bbox 898 558 1113 608; x_wconf 89' lang='lat' dir='ltr'>euagantia.</span> <span class='ocrx_word' id='word_1_86' title='bbox 1143 560 1263 597; x_wconf 62' lang='lat' dir='ltr'>Erant</span> <span class='ocrx_word' id='word_1_87' title='bbox 1286 559 1402 609; x_wconf 90' lang='lat' dir='ltr'>igitur</span> <span class='ocrx_word' id='word_1_88' title='bbox 1414 559 1605 609; x_wconf 90' lang='lat' dir='ltr'>principia</span> <span class='ocrx_word' id='word_1_89' title='bbox 1620 559 1658 597; x_wconf 90' lang='lat' dir='ltr'>in</span> <span class='ocrx_word' id='word_1_90' title='bbox 1674 559 1759 609; x_wconf 91' lang='lat' dir='ltr'>ipso</span> <span class='ocrx_word' id='word_1_91' title='bbox 1775 560 2020 598; x_wconf 89' lang='lat' dir='ltr'>communia:</span> <span class='ocrx_word' id='word_1_92' title='bbox 2038 561 2189 600; x_wconf 88' lang='lat' dir='ltr'>sienim</span> 
     </span>
     <span class='ocr_line' id='line_1_10' title="bbox 256 605 2193 662; baseline 0.005 -20"><span class='ocrx_word' id='word_1_93' title='bbox 256 605 462 655; x_wconf 77' lang='lat' dir='ltr'>singularia</span> <span class='ocrx_word' id='word_1_94' title='bbox 489 606 669 658; x_wconf 83' lang='lat' dir='ltr'>fuissent,</span> <span class='ocrx_word' id='word_1_95' title='bbox 694 620 775 646; x_wconf 89' lang='lat' dir='ltr'>non</span> <span class='ocrx_word' id='word_1_96' title='bbox 803 609 961 648; x_wconf 86' lang='lat' dir='ltr'>fuissent</span> <span class='ocrx_word' id='word_1_97' title='bbox 990 610 1200 662; x_wconf 88' lang='lat' dir='ltr'>principia,</span> <span class='ocrx_word' id='word_1_98' title='bbox 1225 612 1294 650; x_wconf 91' lang='lat' dir='ltr'>sed</span> <span class='ocrx_word' id='word_1_99' title='bbox 1325 612 1597 650; x_wconf 88' lang='lat' dir='ltr'>conclusiones</span> <span class='ocrx_word' id='word_1_100' title='bbox 1623 614 1658 650; x_wconf 68' lang='grc' dir='ltr'>δε</span> <span class='ocrx_word' id='word_1_101' title='bbox 1674 613 2018 651; x_wconf 83' lang='lat' dir='ltr'>determinationes</span> <span class='ocrx_word' id='word_1_102' title='bbox 2033 614 2193 653; x_wconf 89' lang='lat' dir='ltr'>rationis</span> 
     </span>
     <span class='ocr_line' id='line_1_11' title="bbox 253 658 2187 714; baseline 0.005 -19"><span class='ocrx_word' id='word_1_103' title='bbox 253 658 303 695; x_wconf 89' lang='lat' dir='ltr'>ad</span> <span class='ocrx_word' id='word_1_104' title='bbox 330 671 460 696; x_wconf 90' lang='lat' dir='ltr'>veram</span> <span class='ocrx_word' id='word_1_105' title='bbox 489 659 704 709; x_wconf 77' lang='lat' dir='ltr'>iustamque</span> <span class='ocrx_word' id='word_1_106' title='bbox 732 660 933 700; x_wconf 88' lang='lat' dir='ltr'>scientiam</span> <span class='ocrx_word' id='word_1_107' title='bbox 961 663 1200 713; x_wconf 89' lang='lat' dir='ltr'>pertinentis.</span> <span class='ocrx_word' id='word_1_108' title='bbox 1228 666 1349 703; x_wconf 85' lang='lat' dir='ltr'>Erant</span> <span class='ocrx_word' id='word_1_109' title='bbox 1376 666 1514 704; x_wconf 88' lang='lat' dir='ltr'>eadem</span> <span class='ocrx_word' id='word_1_110' title='bbox 1542 665 1582 703; x_wconf 92' lang='lat' dir='ltr'>in</span> <span class='ocrx_word' id='word_1_111' title='bbox 1607 665 1692 714; x_wconf 91' lang='lat' dir='ltr'>ipso</span> <span class='ocrx_word' id='word_1_112' title='bbox 1708 667 1894 704; x_wconf 87' lang='lat' dir='ltr'>obscura:</span> <span class='ocrx_word' id='word_1_113' title='bbox 1924 666 1955 704; x_wconf 88' lang='lat' dir='ltr'>si</span> <span class='ocrx_word' id='word_1_114' title='bbox 1979 666 2083 704; x_wconf 91' lang='lat' dir='ltr'>enim</span> <span class='ocrx_word' id='word_1_115' title='bbox 2099 667 2187 705; x_wconf 83' lang='lat' dir='ltr'>fuis-</span> 
     </span>
     <span class='ocr_line' id='line_1_12' title="bbox 256 712 2181 767; baseline 0.005 -19"><span class='ocrx_word' id='word_1_116' title='bbox 256 717 341 749; x_wconf 86' lang='lat' dir='ltr'>sent</span> <span class='ocrx_word' id='word_1_117' title='bbox 369 713 471 749; x_wconf 87' lang='lat' dir='ltr'>clara</span> <span class='ocrx_word' id='word_1_118' title='bbox 499 714 533 749; x_wconf 84' lang='lat'>&amp;</span> <span class='ocrx_word' id='word_1_119' title='bbox 562 712 755 752; x_wconf 90' lang='lat' dir='ltr'>euidentia</span> <span class='ocrx_word' id='word_1_120' title='bbox 782 715 916 766; x_wconf 75' lang='lat' dir='ltr'>plane,</span> <span class='ocrx_word' id='word_1_121' title='bbox 944 730 1026 755; x_wconf 91' lang='lat' dir='ltr'>non</span> <span class='ocrx_word' id='word_1_122' title='bbox 1053 717 1129 755; x_wconf 85' lang='lat' dir='ltr'>iam</span> <span class='ocrx_word' id='word_1_123' title='bbox 1156 717 1345 767; x_wconf 88' lang='lat' dir='ltr'>principia</span> <span class='ocrx_word' id='word_1_124' title='bbox 1368 718 1528 756; x_wconf 85' lang='lat' dir='ltr'>fuissent</span> <span class='ocrx_word' id='word_1_125' title='bbox 1543 719 1688 765; x_wconf 81' lang='lat' dir='ltr'>solum,</span> <span class='ocrx_word' id='word_1_126' title='bbox 1706 725 1771 756; x_wconf 88' lang='lat' dir='ltr'>aut</span> <span class='ocrx_word' id='word_1_127' title='bbox 1795 718 1908 757; x_wconf 84' lang='lat' dir='ltr'>etiarn</span> <span class='ocrx_word' id='word_1_128' title='bbox 1926 719 2064 757; x_wconf 86' lang='lat' dir='ltr'>merito</span> <span class='ocrx_word' id='word_1_129' title='bbox 2080 719 2181 758; x_wconf 89' lang='lat' dir='ltr'>dice-</span> 
     </span>
     <span class='ocr_line' id='line_1_13' title="bbox 257 764 2187 823; baseline 0.006 -24"><span class='ocrx_word' id='word_1_130' title='bbox 257 770 406 815; x_wconf 68' lang='lat' dir='ltr'>rentur,</span> <span class='ocrx_word' id='word_1_131' title='bbox 447 764 516 802; x_wconf 88' lang='lat' dir='ltr'>sed</span> <span class='ocrx_word' id='word_1_132' title='bbox 558 765 686 803; x_wconf 89' lang='lat' dir='ltr'>media</span> <span class='ocrx_word' id='word_1_133' title='bbox 725 778 883 817; x_wconf 88' lang='lat' dir='ltr'>quoque</span> <span class='ocrx_word' id='word_1_134' title='bbox 923 769 1126 808; x_wconf 88' lang='lat' dir='ltr'>infuissent</span> <span class='ocrx_word' id='word_1_135' title='bbox 1154 771 1208 809; x_wconf 91' lang='lat' dir='ltr'>ei:</span> <span class='ocrx_word' id='word_1_136' title='bbox 1252 772 1365 820; x_wconf 85' lang='lat' dir='ltr'>Quae</span> <span class='ocrx_word' id='word_1_137' title='bbox 1398 771 1527 809; x_wconf 92' lang='lat' dir='ltr'>media</span> <span class='ocrx_word' id='word_1_138' title='bbox 1554 770 1711 821; x_wconf 77' lang='lat' dir='ltr'>proprie</span> <span class='ocrx_word' id='word_1_139' title='bbox 1738 784 1819 809; x_wconf 88' lang='lat' dir='ltr'>non</span> <span class='ocrx_word' id='word_1_140' title='bbox 1847 773 1898 810; x_wconf 91' lang='lat' dir='ltr'>ad</span> <span class='ocrx_word' id='word_1_141' title='bbox 1926 772 2187 823; x_wconf 87' lang='lat' dir='ltr'>intellectum,</span> 
     </span>
     <span class='ocr_line' id='line_1_14' title="bbox 258 816 2186 874; baseline 0.006 -22"><span class='ocrx_word' id='word_1_142' title='bbox 258 818 362 854; x_wconf 89' lang='lat' dir='ltr'>velut</span> <span class='ocrx_word' id='word_1_143' title='bbox 401 816 680 867; x_wconf 90' lang='lat' dir='ltr'>principiorum</span> <span class='ocrx_word' id='word_1_144' title='bbox 722 821 855 858; x_wconf 89' lang='lat' dir='ltr'>sedem</span> <span class='ocrx_word' id='word_1_145' title='bbox 883 829 1131 873; x_wconf 87' lang='lat' dir='ltr'>perpetuam,</span> <span class='ocrx_word' id='word_1_146' title='bbox 1162 824 1230 862; x_wconf 89' lang='lat' dir='ltr'>sed</span> <span class='ocrx_word' id='word_1_147' title='bbox 1258 825 1309 862; x_wconf 92' lang='lat' dir='ltr'>ad</span> <span class='ocrx_word' id='word_1_148' title='bbox 1336 823 1527 862; x_wconf 84' lang='lat' dir='ltr'>rationem</span> <span class='ocrx_word' id='word_1_149' title='bbox 1555 835 1747 862; x_wconf 88' lang='lat' dir='ltr'>consensu</span> <span class='ocrx_word' id='word_1_150' title='bbox 1776 824 1951 863; x_wconf 90' lang='lat' dir='ltr'>omnium</span> <span class='ocrx_word' id='word_1_151' title='bbox 1979 825 2186 874; x_wconf 89' lang='lat' dir='ltr'>pertinent.</span> 
     </span>
     <span class='ocr_line' id='line_1_15' title="bbox 263 869 2188 927; baseline 0.006 -22"><span class='ocrx_word' id='word_1_152' title='bbox 263 870 384 906; x_wconf 91' lang='lat' dir='ltr'>Erant</span> <span class='ocrx_word' id='word_1_153' title='bbox 409 869 575 919; x_wconf 89' lang='lat' dir='ltr'>denique</span> <span class='ocrx_word' id='word_1_154' title='bbox 604 872 743 911; x_wconf 90' lang='lat' dir='ltr'>eadem</span> <span class='ocrx_word' id='word_1_155' title='bbox 772 873 1022 926; x_wconf 84' lang='lat' dir='ltr'>imperfecta,</span> <span class='ocrx_word' id='word_1_156' title='bbox 1049 889 1129 914; x_wconf 92' lang='lat' dir='ltr'>non</span> <span class='ocrx_word' id='word_1_157' title='bbox 1158 877 1398 927; x_wconf 85' lang='lat' dir='ltr'>perfectione</span> <span class='ocrx_word' id='word_1_158' title='bbox 1423 877 1578 927; x_wconf 79' lang='lat' dir='ltr'>vitiosa,</span> <span class='ocrx_word' id='word_1_159' title='bbox 1607 884 1672 914; x_wconf 91' lang='lat' dir='ltr'>aut</span> <span class='ocrx_word' id='word_1_160' title='bbox 1699 876 1867 926; x_wconf 88' lang='lat' dir='ltr'>imper(f.</span> <span class='ocrx_word' id='word_1_161' title='bbox 1888 878 2188 927; x_wconf 83' lang='lat' dir='ltr'>1394.)fectione</span> 
     </span>
     <span class='ocr_line' id='line_1_16' title="bbox 262 923 2186 979; baseline 0.006 -21"><span class='ocrx_word' id='word_1_162' title='bbox 262 928 421 960; x_wconf 87' lang='lat' dir='ltr'>naturae</span> <span class='ocrx_word' id='word_1_163' title='bbox 448 924 555 970; x_wconf 91' lang='lat' dir='ltr'>(nam</span> <span class='ocrx_word' id='word_1_164' title='bbox 583 923 917 974; x_wconf 88' lang='lat' dir='ltr'>imperfectionem</span> <span class='ocrx_word' id='word_1_165' title='bbox 944 935 1103 967; x_wconf 90' lang='lat' dir='ltr'>naturae</span> <span class='ocrx_word' id='word_1_166' title='bbox 1131 943 1178 968; x_wconf 87' lang='lat' dir='ltr'>ex</span> <span class='ocrx_word' id='word_1_167' title='bbox 1205 929 1403 968; x_wconf 88' lang='lat' dir='ltr'>creatione</span> <span class='ocrx_word' id='word_1_168' title='bbox 1426 930 1643 978; x_wconf 83' lang='lat' dir='ltr'>obtinebat)</span> <span class='ocrx_word' id='word_1_169' title='bbox 1660 930 1728 967; x_wconf 92' lang='lat' dir='ltr'>sed</span> <span class='ocrx_word' id='word_1_170' title='bbox 1742 930 2038 979; x_wconf 89' lang='lat' dir='ltr'>imperfectione</span> <span class='ocrx_word' id='word_1_171' title='bbox 2053 943 2186 969; x_wconf 91' lang='lat' dir='ltr'>secun-</span> 
     </span>
     <span class='ocr_line' id='line_1_17' title="bbox 262 974 2186 1033; baseline 0.006 -23"><span class='ocrx_word' id='word_1_172' title='bbox 262 974 354 1011; x_wconf 81' lang='lat' dir='ltr'>dum</span> <span class='ocrx_word' id='word_1_173' title='bbox 378 974 472 1023; x_wconf 89' lang='lat' dir='ltr'>quid</span> <span class='ocrx_word' id='word_1_174' title='bbox 494 978 552 1025; x_wconf 90' lang='lat' dir='ltr'>(vt</span> <span class='ocrx_word' id='word_1_175' title='bbox 572 983 731 1028; x_wconf 90' lang='lat' dir='ltr'>vocant)</span> <span class='ocrx_word' id='word_1_176' title='bbox 751 978 791 1017; x_wconf 87' lang='lat' dir='ltr'>id</span> <span class='ocrx_word' id='word_1_177' title='bbox 813 987 888 1031; x_wconf 86' lang='lat' dir='ltr'>est,</span> <span class='ocrx_word' id='word_1_178' title='bbox 912 985 1138 1032; x_wconf 78' lang='lat' dir='ltr'>comparate</span> <span class='ocrx_word' id='word_1_179' title='bbox 1158 983 1209 1021; x_wconf 87' lang='lat' dir='ltr'>ad</span> <span class='ocrx_word' id='word_1_180' title='bbox 1231 983 1335 1021; x_wconf 90' lang='lat' dir='ltr'>illam</span> <span class='ocrx_word' id='word_1_181' title='bbox 1360 983 1549 1021; x_wconf 88' lang='lat' dir='ltr'>infinitam</span> <span class='ocrx_word' id='word_1_182' title='bbox 1573 983 1851 1033; x_wconf 88' lang='lat' dir='ltr'>perfectionem</span> <span class='ocrx_word' id='word_1_183' title='bbox 1866 983 1959 1033; x_wconf 91' lang='lat' dir='ltr'>Dei,</span> <span class='ocrx_word' id='word_1_184' title='bbox 1980 987 2186 1033; x_wconf 72' lang='lat' dir='ltr'>reri&#39;unque</span> 
     </span>
     <span class='ocr_line' id='line_1_18' title="bbox 261 1026 2186 1087; baseline 0.006 -24"><span class='ocrx_word' id='word_1_185' title='bbox 261 1026 499 1065; x_wconf 89' lang='lat' dir='ltr'>diuinarum:</span> <span class='ocrx_word' id='word_1_186' title='bbox 541 1030 592 1068; x_wconf 91' lang='lat' dir='ltr'>ad</span> <span class='ocrx_word' id='word_1_187' title='bbox 624 1042 742 1080; x_wconf 88' lang='lat' dir='ltr'>quam</span> <span class='ocrx_word' id='word_1_188' title='bbox 770 1033 1049 1082; x_wconf 86' lang='lat' dir='ltr'>perfectionem</span> <span class='ocrx_word' id='word_1_189' title='bbox 1076 1037 1183 1074; x_wconf 89' lang='lat' dir='ltr'>nulla</span> <span class='ocrx_word' id='word_1_190' title='bbox 1211 1049 1270 1074; x_wconf 91' lang='lat' dir='ltr'>res</span> <span class='ocrx_word' id='word_1_191' title='bbox 1299 1043 1428 1074; x_wconf 91' lang='lat' dir='ltr'>creata</span> <span class='ocrx_word' id='word_1_192' title='bbox 1455 1042 1583 1086; x_wconf 90' lang='lat' dir='ltr'>potest</span> <span class='ocrx_word' id='word_1_193' title='bbox 1608 1036 1647 1074; x_wconf 86' lang='lat' dir='ltr'>vi</span> <span class='ocrx_word' id='word_1_194' title='bbox 1673 1043 1831 1074; x_wconf 89' lang='lat' dir='ltr'>naturae</span> <span class='ocrx_word' id='word_1_195' title='bbox 1858 1047 1948 1075; x_wconf 89' lang='lat' dir='ltr'>suae</span> <span class='ocrx_word' id='word_1_196' title='bbox 1975 1037 2186 1087; x_wconf 85' lang='lat' dir='ltr'>attingere,</span> 
     </span>
     <span class='ocr_line' id='line_1_19' title="bbox 260 1082 2186 1139; baseline 0.006 -23"><span class='ocrx_word' id='word_1_197' title='bbox 260 1090 378 1128; x_wconf 90' lang='lat' dir='ltr'>quam</span> <span class='ocrx_word' id='word_1_198' title='bbox 414 1082 519 1119; x_wconf 89' lang='lat' dir='ltr'>nulla</span> <span class='ocrx_word' id='word_1_199' title='bbox 552 1096 622 1132; x_wconf 89' lang='lat' dir='ltr'>per</span> <span class='ocrx_word' id='word_1_200' title='bbox 657 1097 698 1122; x_wconf 91' lang='lat' dir='ltr'>se</span> <span class='ocrx_word' id='word_1_201' title='bbox 731 1088 1079 1136; x_wconf 85' lang='lat' dir='ltr'>comprehendere.</span> <span class='ocrx_word' id='word_1_202' title='bbox 1121 1091 1234 1127; x_wconf 90' lang='lat' dir='ltr'>Haec</span> <span class='ocrx_word' id='word_1_203' title='bbox 1268 1096 1396 1127; x_wconf 87' lang='lat' dir='ltr'>autem</span> <span class='ocrx_word' id='word_1_204' title='bbox 1434 1089 1623 1139; x_wconf 86' lang='lat' dir='ltr'>principia</span> <span class='ocrx_word' id='word_1_205' title='bbox 1650 1090 1684 1127; x_wconf 71' lang='lat' dir='ltr'>Sl</span> <span class='ocrx_word' id='word_1_206' title='bbox 1713 1089 1823 1138; x_wconf 85' lang='lat' dir='ltr'>quasi</span> <span class='ocrx_word' id='word_1_207' title='bbox 1850 1088 1997 1127; x_wconf 87' lang='lat' dir='ltr'>semina</span> <span class='ocrx_word' id='word_1_208' title='bbox 2024 1089 2063 1127; x_wconf 90' lang='lat' dir='ltr'>in</span> <span class='ocrx_word' id='word_1_209' title='bbox 2090 1101 2186 1127; x_wconf 89' lang='lat' dir='ltr'>aruo</span> 
     </span>
     <span class='ocr_line' id='line_1_20' title="bbox 258 1132 2187 1192; baseline 0.006 -24"><span class='ocrx_word' id='word_1_210' title='bbox 258 1132 474 1171; x_wconf 90' lang='lat' dir='ltr'>intellectus</span> <span class='ocrx_word' id='word_1_211' title='bbox 500 1135 659 1174; x_wconf 89' lang='lat' dir='ltr'>humani</span> <span class='ocrx_word' id='word_1_212' title='bbox 688 1137 883 1190; x_wconf 88' lang='lat' dir='ltr'>deposita,</span> <span class='ocrx_word' id='word_1_213' title='bbox 911 1140 989 1179; x_wconf 93' lang='lat' dir='ltr'>coli</span> <span class='ocrx_word' id='word_1_214' title='bbox 1017 1143 1052 1179; x_wconf 69' lang='grc' dir='ltr'>δι</span> <span class='ocrx_word' id='word_1_215' title='bbox 1079 1142 1211 1192; x_wconf 87' lang='lat' dir='ltr'>augeri</span> <span class='ocrx_word' id='word_1_216' title='bbox 1241 1142 1414 1192; x_wconf 89' lang='lat' dir='ltr'>oportuit</span> <span class='ocrx_word' id='word_1_217' title='bbox 1440 1142 1631 1192; x_wconf 89' lang='lat' dir='ltr'>similiter,</span> <span class='ocrx_word' id='word_1_218' title='bbox 1660 1148 1819 1180; x_wconf 88' lang='lat' dir='ltr'>naturae</span> <span class='ocrx_word' id='word_1_219' title='bbox 1848 1155 1968 1191; x_wconf 90' lang='lat' dir='ltr'>opera</span> <span class='ocrx_word' id='word_1_220' title='bbox 1990 1141 2187 1192; x_wconf 88' lang='lat' dir='ltr'>principiis</span> 
     </span>
     <span class='ocr_line' id='line_1_21' title="bbox 258 1186 2185 1246; baseline 0.007 -25"><span class='ocrx_word' id='word_1_221' title='bbox 258 1186 481 1225; x_wconf 85' lang='lat' dir='ltr'>accedente.</span> <span class='ocrx_word' id='word_1_222' title='bbox 508 1189 678 1228; x_wconf 87' lang='lat' dir='ltr'>Naturae</span> <span class='ocrx_word' id='word_1_223' title='bbox 705 1195 799 1230; x_wconf 84' lang='lat' dir='ltr'>vero</span> <span class='ocrx_word' id='word_1_224' title='bbox 826 1193 1003 1242; x_wconf 88' lang='lat' dir='ltr'>operaria</span> <span class='ocrx_word' id='word_1_225' title='bbox 1030 1201 1087 1232; x_wconf 89' lang='lat' dir='ltr'>est</span> <span class='ocrx_word' id='word_1_226' title='bbox 1113 1194 1211 1233; x_wconf 90' lang='lat' dir='ltr'>ratio</span> <span class='ocrx_word' id='word_1_227' title='bbox 1239 1194 1279 1233; x_wconf 93' lang='lat' dir='ltr'>in</span> <span class='ocrx_word' id='word_1_228' title='bbox 1310 1195 1468 1234; x_wconf 88' lang='lat' dir='ltr'>homine</span> <span class='ocrx_word' id='word_1_229' title='bbox 1490 1196 1541 1234; x_wconf 88' lang='lat' dir='ltr'>ad</span> <span class='ocrx_word' id='word_1_230' title='bbox 1555 1195 1765 1245; x_wconf 88' lang='lat' dir='ltr'>imaginem</span> <span class='ocrx_word' id='word_1_231' title='bbox 1780 1194 1854 1232; x_wconf 90' lang='lat' dir='ltr'>Dei</span> <span class='ocrx_word' id='word_1_232' title='bbox 1870 1195 2052 1246; x_wconf 69' lang='lat' dir='ltr'>condito,</span> <span class='ocrx_word' id='word_1_233' title='bbox 2076 1195 2185 1234; x_wconf 89' lang='lat' dir='ltr'>cuius</span> 
     </span>
     <span class='ocr_line' id='line_1_22' title="bbox 256 1237 2186 1297; baseline 0.006 -23"><span class='ocrx_word' id='word_1_234' title='bbox 256 1237 415 1276; x_wconf 87' lang='lat' dir='ltr'>rationis</span> <span class='ocrx_word' id='word_1_235' title='bbox 457 1242 606 1280; x_wconf 90' lang='lat' dir='ltr'>cultura</span> <span class='ocrx_word' id='word_1_236' title='bbox 644 1244 811 1292; x_wconf 83' lang='lat' dir='ltr'>prouehi</span> <span class='ocrx_word' id='word_1_237' title='bbox 849 1246 1040 1296; x_wconf 89' lang='lat' dir='ltr'>principia</span> <span class='ocrx_word' id='word_1_238' title='bbox 1079 1247 1144 1285; x_wconf 93' lang='lat' dir='ltr'>illa</span> <span class='ocrx_word' id='word_1_239' title='bbox 1183 1248 1376 1297; x_wconf 89' lang='lat' dir='ltr'>oportuit,</span> <span class='ocrx_word' id='word_1_240' title='bbox 1418 1251 1442 1286; x_wconf 76' lang='lat' dir='ltr'>a</span> <span class='ocrx_word' id='word_1_241' title='bbox 1476 1248 1757 1286; x_wconf 84' lang='lat' dir='ltr'>communitate</span> <span class='ocrx_word' id='word_1_242' title='bbox 1785 1247 1958 1297; x_wconf 89' lang='lat' dir='ltr'>ipsorum</span> <span class='ocrx_word' id='word_1_243' title='bbox 1987 1249 2038 1286; x_wconf 90' lang='lat' dir='ltr'>ad</span> <span class='ocrx_word' id='word_1_244' title='bbox 2066 1261 2186 1297; x_wconf 87' lang='lat' dir='ltr'>opera</span> 
     </span>
     <span class='ocr_line' id='line_1_23' title="bbox 257 1289 2183 1351; baseline 0.006 -24"><span class='ocrx_word' id='word_1_245' title='bbox 257 1289 479 1342; x_wconf 68' lang='lat' dir='ltr'>singularia,</span> <span class='ocrx_word' id='word_1_246' title='bbox 508 1295 559 1332; x_wconf 89' lang='lat' dir='ltr'>ab</span> <span class='ocrx_word' id='word_1_247' title='bbox 587 1296 822 1335; x_wconf 88' lang='lat' dir='ltr'>obscuritate</span> <span class='ocrx_word' id='word_1_248' title='bbox 850 1298 888 1336; x_wconf 92' lang='lat' dir='ltr'>in</span> <span class='ocrx_word' id='word_1_249' title='bbox 916 1300 1063 1350; x_wconf 90' lang='lat' dir='ltr'>lucem,</span> <span class='ocrx_word' id='word_1_250' title='bbox 1091 1302 1141 1339; x_wconf 89' lang='lat' dir='ltr'>ab</span> <span class='ocrx_word' id='word_1_251' title='bbox 1168 1300 1464 1350; x_wconf 87' lang='lat' dir='ltr'>imperfectione</span> <span class='ocrx_word' id='word_1_252' title='bbox 1492 1301 1531 1338; x_wconf 93' lang='lat' dir='ltr'>in</span> <span class='ocrx_word' id='word_1_253' title='bbox 1558 1301 1728 1351; x_wconf 83' lang='lat' dir='ltr'>aliquam</span> <span class='ocrx_word' id='word_1_254' title='bbox 1756 1301 2033 1351; x_wconf 86' lang='lat' dir='ltr'>perfectionem</span> <span class='ocrx_word' id='word_1_255' title='bbox 2049 1313 2183 1339; x_wconf 90' lang='lat' dir='ltr'>secun-</span> 
     </span>
     <span class='ocr_line' id='line_1_24' title="bbox 255 1342 2183 1404; baseline 0.007 -25"><span class='ocrx_word' id='word_1_256' title='bbox 255 1342 348 1380; x_wconf 81' lang='lat' dir='ltr'>dum</span> <span class='ocrx_word' id='word_1_257' title='bbox 389 1346 571 1385; x_wconf 87' lang='lat' dir='ltr'>naturalis</span> <span class='ocrx_word' id='word_1_258' title='bbox 611 1349 805 1388; x_wconf 86' lang='lat' dir='ltr'>facultatis</span> <span class='ocrx_word' id='word_1_259' title='bbox 838 1352 1021 1390; x_wconf 90' lang='lat' dir='ltr'>modum:</span> <span class='ocrx_word' id='word_1_260' title='bbox 1047 1360 1089 1391; x_wconf 88' lang='lat' dir='ltr'>vt</span> <span class='ocrx_word' id='word_1_261' title='bbox 1116 1355 1374 1392; x_wconf 86' lang='lat' dir='ltr'>conficeretur</span> <span class='ocrx_word' id='word_1_262' title='bbox 1404 1367 1449 1392; x_wconf 87' lang='lat' dir='ltr'>ex</span> <span class='ocrx_word' id='word_1_263' title='bbox 1477 1354 1756 1404; x_wconf 64' lang='lat' dir='ltr'>principiorum</span> <span class='ocrx_word' id='word_1_264' title='bbox 1785 1353 1932 1391; x_wconf 90' lang='lat' dir='ltr'>semine</span> <span class='ocrx_word' id='word_1_265' title='bbox 1960 1356 1996 1392; x_wconf 65' lang='grc' dir='ltr'>ἃ</span> <span class='ocrx_word' id='word_1_266' title='bbox 2024 1353 2183 1392; x_wconf 90' lang='lat' dir='ltr'>rationis</span> 
     </span>
     <span class='ocr_line' id='line_1_25' title="bbox 254 1397 2181 1456; baseline 0.006 -24"><span class='ocrx_word' id='word_1_267' title='bbox 254 1397 403 1454; x_wconf 82' lang='lat' dir='ltr'>cultura</span> <span class='ocrx_word' id='word_1_268' title='bbox 429 1398 468 1435; x_wconf 86' lang='lat' dir='ltr'>in</span> <span class='ocrx_word' id='word_1_269' title='bbox 496 1407 625 1438; x_wconf 91' lang='lat' dir='ltr'>mente</span> <span class='ocrx_word' id='word_1_270' title='bbox 653 1401 820 1441; x_wconf 91' lang='lat' dir='ltr'>hominis</span> <span class='ocrx_word' id='word_1_271' title='bbox 848 1404 1020 1445; x_wconf 90' lang='lat' dir='ltr'>scientia.</span> <span class='ocrx_word' id='word_1_272' title='bbox 1062 1406 1168 1454; x_wconf 85' lang='lat' dir='ltr'>Quid</span> <span class='ocrx_word' id='word_1_273' title='bbox 1196 1404 1316 1456; x_wconf 87' lang='lat' dir='ltr'>ergo?</span> <span class='ocrx_word' id='word_1_274' title='bbox 1343 1406 1551 1446; x_wconf 86' lang='lat' dir='ltr'>scientiane</span> <span class='ocrx_word' id='word_1_275' title='bbox 1579 1407 1706 1456; x_wconf 90' lang='lat' dir='ltr'>potuit</span> <span class='ocrx_word' id='word_1_276' title='bbox 1732 1418 1860 1445; x_wconf 90' lang='lat' dir='ltr'>rerum</span> <span class='ocrx_word' id='word_1_277' title='bbox 1888 1406 2106 1445; x_wconf 88' lang='lat' dir='ltr'>diuinarum</span> <span class='ocrx_word' id='word_1_278' title='bbox 2143 1406 2181 1445; x_wconf 93' lang='lat' dir='ltr'>in</span> 
     </span>
     <span class='ocr_line' id='line_1_26' title="bbox 253 1448 2182 1509; baseline 0.007 -24"><span class='ocrx_word' id='word_1_279' title='bbox 253 1448 410 1487; x_wconf 81' lang='lat' dir='ltr'>homine</span> <span class='ocrx_word' id='word_1_280' title='bbox 447 1451 598 1502; x_wconf 89' lang='lat' dir='ltr'>integro</span> <span class='ocrx_word' id='word_1_281' title='bbox 626 1455 759 1503; x_wconf 89' lang='lat' dir='ltr'>perfici</span> <span class='ocrx_word' id='word_1_282' title='bbox 789 1456 847 1494; x_wconf 90' lang='lat' dir='ltr'>his</span> <span class='ocrx_word' id='word_1_283' title='bbox 873 1465 1032 1497; x_wconf 82' lang='lat' dir='ltr'>naturae</span> <span class='ocrx_word' id='word_1_284' title='bbox 1058 1460 1163 1498; x_wconf 91' lang='lat' dir='ltr'>velut</span> <span class='ocrx_word' id='word_1_285' title='bbox 1190 1457 1476 1498; x_wconf 88' lang='lat' dir='ltr'>instrumentis?</span> <span class='ocrx_word' id='word_1_286' title='bbox 1505 1460 1662 1498; x_wconf 81' lang='lat' dir='ltr'>minime</span> <span class='ocrx_word' id='word_1_287' title='bbox 1689 1463 1797 1498; x_wconf 83' lang='lat' dir='ltr'>vero.</span> <span class='ocrx_word' id='word_1_288' title='bbox 1839 1461 1941 1497; x_wconf 90' lang='lat' dir='ltr'>Nam</span> <span class='ocrx_word' id='word_1_289' title='bbox 1971 1459 2068 1497; x_wconf 88' lang='lat' dir='ltr'>ratio</span> <span class='ocrx_word' id='word_1_290' title='bbox 2099 1460 2182 1509; x_wconf 88' lang='lat' dir='ltr'>ipsa</span> 
     </span>
     <span class='ocr_line' id='line_1_27' title="bbox 252 1504 2181 1563; baseline 0.007 -25"><span class='ocrx_word' id='word_1_291' title='bbox 252 1513 331 1538; x_wconf 92' lang='lat' dir='ltr'>non</span> <span class='ocrx_word' id='word_1_292' title='bbox 359 1504 484 1552; x_wconf 89' lang='lat' dir='ltr'>potuit</span> <span class='ocrx_word' id='word_1_293' title='bbox 511 1518 592 1544; x_wconf 91' lang='lat' dir='ltr'>non</span> <span class='ocrx_word' id='word_1_294' title='bbox 619 1507 797 1547; x_wconf 92' lang='lat' dir='ltr'>laborare</span> <span class='ocrx_word' id='word_1_295' title='bbox 828 1522 876 1547; x_wconf 85' lang='lat' dir='ltr'>ex</span> <span class='ocrx_word' id='word_1_296' title='bbox 903 1511 1138 1550; x_wconf 88' lang='lat' dir='ltr'>obscuritate</span> <span class='ocrx_word' id='word_1_297' title='bbox 1165 1515 1200 1550; x_wconf 71' lang='grc' dir='ltr'>δι</span> <span class='ocrx_word' id='word_1_298' title='bbox 1229 1512 1544 1563; x_wconf 75' lang='lat' dir='ltr'>imperfectione,</span> <span class='ocrx_word' id='word_1_299' title='bbox 1572 1515 1662 1551; x_wconf 81' lang='lat' dir='ltr'>cum</span> <span class='ocrx_word' id='word_1_300' title='bbox 1691 1512 1893 1551; x_wconf 84' lang='lat' dir='ltr'>materiam</span> <span class='ocrx_word' id='word_1_301' title='bbox 1922 1525 2002 1550; x_wconf 92' lang='lat' dir='ltr'>non</span> <span class='ocrx_word' id='word_1_302' title='bbox 2024 1512 2181 1551; x_wconf 86' lang='lat' dir='ltr'>aliunde</span> 
     </span>
     <span class='ocr_line' id='line_1_28' title="bbox 252 1555 2181 1615; baseline 0.007 -25"><span class='ocrx_word' id='word_1_303' title='bbox 252 1555 369 1602; x_wconf 77' lang='lat' dir='ltr'>quarn</span> <span class='ocrx_word' id='word_1_304' title='bbox 385 1569 447 1614; x_wconf 33' lang='lat' dir='ltr'>‘ex</span> <span class='ocrx_word' id='word_1_305' title='bbox 474 1557 673 1609; x_wconf 88' lang='lat' dir='ltr'>principiis</span> <span class='ocrx_word' id='word_1_306' title='bbox 700 1561 752 1599; x_wconf 85' lang='lat' dir='ltr'>ad</span> <span class='ocrx_word' id='word_1_307' title='bbox 780 1562 982 1602; x_wconf 89' lang='lat' dir='ltr'>scientiam</span> <span class='ocrx_word' id='word_1_308' title='bbox 1009 1564 1246 1614; x_wconf 88' lang='lat' dir='ltr'>gignendam</span> <span class='ocrx_word' id='word_1_309' title='bbox 1273 1565 1469 1604; x_wconf 87' lang='lat' dir='ltr'>habuerit:</span> <span class='ocrx_word' id='word_1_310' title='bbox 1502 1565 1824 1615; x_wconf 90' lang='lat' dir='ltr'>quandoquidem</span> <span class='ocrx_word' id='word_1_311' title='bbox 1853 1565 1892 1603; x_wconf 90' lang='lat' dir='ltr'>in</span> <span class='ocrx_word' id='word_1_312' title='bbox 1912 1564 2110 1615; x_wconf 91' lang='lat' dir='ltr'>principiis</span> <span class='ocrx_word' id='word_1_313' title='bbox 2126 1568 2181 1613; x_wconf 89' lang='lat' dir='ltr'>(vt</span> 
     </span>
     <span class='ocr_line' id='line_1_29' title="bbox 251 1612 2182 1668; baseline 0.007 -25"><span class='ocrx_word' id='word_1_314' title='bbox 251 1614 483 1648; x_wconf 79' lang='lat' dir='ltr'>recentiores</span> <span class='ocrx_word' id='word_1_315' title='bbox 523 1612 751 1663; x_wconf 86' lang='lat' dir='ltr'>Philosophi</span> <span class='ocrx_word' id='word_1_316' title='bbox 788 1615 898 1664; x_wconf 87' lang='lat' dir='ltr'>loqui</span> <span class='ocrx_word' id='word_1_317' title='bbox 938 1618 1080 1665; x_wconf 87' lang='lat' dir='ltr'>solent)</span> <span class='ocrx_word' id='word_1_318' title='bbox 1112 1618 1244 1656; x_wconf 89' lang='lat' dir='ltr'>omnia</span> <span class='ocrx_word' id='word_1_319' title='bbox 1271 1618 1402 1658; x_wconf 89' lang='lat' dir='ltr'>insunt</span> <span class='ocrx_word' id='word_1_320' title='bbox 1428 1618 1568 1657; x_wconf 91' lang='lat' dir='ltr'>virtute</span> <span class='ocrx_word' id='word_1_321' title='bbox 1596 1618 1874 1668; x_wconf 89' lang='lat' dir='ltr'>communiter,</span> <span class='ocrx_word' id='word_1_322' title='bbox 1905 1629 2004 1667; x_wconf 91' lang='lat' dir='ltr'>quae</span> <span class='ocrx_word' id='word_1_323' title='bbox 2033 1618 2182 1656; x_wconf 88' lang='lat' dir='ltr'>ratione</span> 
     </span>
     <span class='ocr_line' id='line_1_30' title="bbox 250 1659 2181 1721; baseline 0.007 -25"><span class='ocrx_word' id='word_1_324' title='bbox 250 1659 285 1696; x_wconf 64' lang='grc' dir='ltr'>δε</span> <span class='ocrx_word' id='word_1_325' title='bbox 314 1660 475 1718; x_wconf 77' lang='lat' dir='ltr'>scientia</span> <span class='ocrx_word' id='word_1_326' title='bbox 502 1664 705 1704; x_wconf 92' lang='lat' dir='ltr'>hominum</span> <span class='ocrx_word' id='word_1_327' title='bbox 734 1670 1121 1718; x_wconf 88' lang='lat' dir='ltr'>comprehenduntur</span> <span class='ocrx_word' id='word_1_328' title='bbox 1144 1670 1399 1721; x_wconf 87' lang='lat' dir='ltr'>singulariter.</span> <span class='ocrx_word' id='word_1_329' title='bbox 1425 1673 1485 1709; x_wconf 88' lang='lat' dir='ltr'>Ex</span> <span class='ocrx_word' id='word_1_330' title='bbox 1508 1683 1587 1720; x_wconf 89' lang='lat' dir='ltr'>quo</span> <span class='ocrx_word' id='word_1_331' title='bbox 1611 1671 1651 1710; x_wconf 91' lang='lat' dir='ltr'>id</span> <span class='ocrx_word' id='word_1_332' title='bbox 1674 1670 1861 1710; x_wconf 85' lang='lat' dir='ltr'>continuo</span> <span class='ocrx_word' id='word_1_333' title='bbox 1886 1671 2077 1721; x_wconf 85' lang='lat' dir='ltr'>sequitur,</span> <span class='ocrx_word' id='word_1_334' title='bbox 2101 1684 2181 1709; x_wconf 91' lang='lat' dir='ltr'>non</span> 
     </span>
     <span class='ocr_line' id='line_1_31' title="bbox 251 1718 2180 1775; baseline 0.006 -25"><span class='ocrx_word' id='word_1_335' title='bbox 251 1718 444 1770; x_wconf 81' lang='lat' dir='ltr'>potulsse,</span> <span class='ocrx_word' id='word_1_336' title='bbox 485 1729 534 1754; x_wconf 90' lang='lat' dir='ltr'>ne</span> <span class='ocrx_word' id='word_1_337' title='bbox 575 1718 614 1756; x_wconf 88' lang='lat' dir='ltr'>in</span> <span class='ocrx_word' id='word_1_338' title='bbox 652 1725 791 1758; x_wconf 89' lang='lat' dir='ltr'>natura</span> <span class='ocrx_word' id='word_1_339' title='bbox 831 1721 990 1770; x_wconf 90' lang='lat' dir='ltr'>quidem</span> <span class='ocrx_word' id='word_1_340' title='bbox 1034 1723 1204 1762; x_wconf 90' lang='lat' dir='ltr'>hominis</span> <span class='ocrx_word' id='word_1_341' title='bbox 1245 1724 1415 1774; x_wconf 87' lang='lat' dir='ltr'>integra,</span> <span class='ocrx_word' id='word_1_342' title='bbox 1456 1724 1667 1775; x_wconf 81' lang='lat' dir='ltr'>rationem,</span> <span class='ocrx_word' id='word_1_343' title='bbox 1708 1724 1758 1762; x_wconf 91' lang='lat' dir='ltr'>ad</span> <span class='ocrx_word' id='word_1_344' title='bbox 1794 1723 1959 1773; x_wconf 89' lang='lat' dir='ltr'>amplius</span> <span class='ocrx_word' id='word_1_345' title='bbox 1987 1725 2180 1762; x_wconf 91' lang='lat' dir='ltr'>humanae</span> 
     </span>
     <span class='ocr_line' id='line_1_32' title="bbox 250 1765 2180 1827; baseline 0.006 -25"><span class='ocrx_word' id='word_1_346' title='bbox 250 1765 431 1823; x_wconf 78' lang='lat' dir='ltr'>selentiae</span> <span class='ocrx_word' id='word_1_347' title='bbox 472 1769 666 1820; x_wconf 84' lang='lat' dir='ltr'>fastigium</span> <span class='ocrx_word' id='word_1_348' title='bbox 706 1774 937 1822; x_wconf 89' lang='lat' dir='ltr'>ascendere,</span> <span class='ocrx_word' id='word_1_349' title='bbox 981 1778 1099 1825; x_wconf 77' lang='lat' dir='ltr'>quam</span> <span class='ocrx_word' id='word_1_350' title='bbox 1141 1784 1404 1827; x_wconf 90' lang='lat' dir='ltr'>superstruere</span> <span class='ocrx_word' id='word_1_351' title='bbox 1436 1784 1570 1827; x_wconf 88' lang='lat' dir='ltr'>posset</span> <span class='ocrx_word' id='word_1_352' title='bbox 1597 1776 1812 1827; x_wconf 67' lang='lat' dir='ltr'>principiis,</span> <span class='ocrx_word' id='word_1_353' title='bbox 1842 1779 1877 1815; x_wconf 64' lang='grc' dir='ltr'>δι</span> <span class='ocrx_word' id='word_1_354' title='bbox 1906 1789 1954 1814; x_wconf 82' lang='lat' dir='ltr'>ex</span> <span class='ocrx_word' id='word_1_355' title='bbox 1981 1776 2180 1826; x_wconf 89' lang='lat' dir='ltr'>principiis</span> 
     </span>
     <span class='ocr_line' id='line_1_33' title="bbox 250 1820 2180 1880; baseline 0.001 -14"><span class='ocrx_word' id='word_1_356' title='bbox 250 1829 380 1877; x_wconf 71' lang='lat' dir='ltr'>¹PSlus.</span> <span class='ocrx_word' id='word_1_357' title='bbox 420 1820 496 1859; x_wconf 90' lang='lat' dir='ltr'>His</span> <span class='ocrx_word' id='word_1_358' title='bbox 535 1824 689 1875; x_wconf 90' lang='lat' dir='ltr'>positis,</span> <span class='ocrx_word' id='word_1_359' title='bbox 730 1828 836 1865; x_wconf 78' lang='lat' dir='ltr'>recte</span> <span class='ocrx_word' id='word_1_360' title='bbox 877 1829 1170 1879; x_wconf 90' lang='lat' dir='ltr'>concludimus,</span> <span class='ocrx_word' id='word_1_361' title='bbox 1211 1829 1326 1868; x_wconf 82' lang='lat' dir='ltr'>etiam</span> <span class='ocrx_word' id='word_1_362' title='bbox 1366 1830 1405 1869; x_wconf 91' lang='lat' dir='ltr'>in</span> <span class='ocrx_word' id='word_1_363' title='bbox 1446 1831 1530 1880; x_wconf 88' lang='lat' dir='ltr'>ipsa</span> <span class='ocrx_word' id='word_1_364' title='bbox 1563 1837 1701 1868; x_wconf 88' lang='lat' dir='ltr'>natura</span> <span class='ocrx_word' id='word_1_365' title='bbox 1727 1829 1897 1868; x_wconf 86' lang='lat' dir='ltr'>hominis</span> <span class='ocrx_word' id='word_1_366' title='bbox 1923 1828 2074 1879; x_wconf 88' lang='lat' dir='ltr'>integra</span> <span class='ocrx_word' id='word_1_367' title='bbox 2099 1842 2180 1867; x_wconf 90' lang='lat' dir='ltr'>non</span> 
     </span>
     <span class='ocr_line' id='line_1_34' title="bbox 248 1876 2178 1933; baseline 0.001 -15"><span class='ocrx_word' id='word_1_368' title='bbox 248 1876 420 1929; x_wconf 64' lang='lat' dir='ltr'>PQUJISSe</span> <span class='ocrx_word' id='word_1_369' title='bbox 460 1876 719 1927; x_wconf 88' lang='lat' dir='ltr'>Theologiam</span> <span class='ocrx_word' id='word_1_370' title='bbox 756 1881 969 1928; x_wconf 85' lang='lat' dir='ltr'>perfectam</span> <span class='ocrx_word' id='word_1_371' title='bbox 998 1894 1104 1932; x_wconf 89' lang='lat' dir='ltr'>esse,</span> <span class='ocrx_word' id='word_1_372' title='bbox 1132 1884 1346 1922; x_wconf 87' lang='lat' dir='ltr'>secundum</span> <span class='ocrx_word' id='word_1_373' title='bbox 1374 1883 1654 1933; x_wconf 87' lang='lat' dir='ltr'>perfectionem</span> <span class='ocrx_word' id='word_1_374' title='bbox 1682 1889 1840 1921; x_wconf 90' lang='lat' dir='ltr'>naturae</span> <span class='ocrx_word' id='word_1_375' title='bbox 1868 1883 2062 1920; x_wconf 88' lang='lat' dir='ltr'>humanae</span> <span class='ocrx_word' id='word_1_376' title='bbox 2091 1882 2178 1920; x_wconf 87' lang='lat' dir='ltr'>sirn-</span> 
     </span>
     <span class='ocr_line' id='line_1_35' title="bbox 247 1923 2177 1986; baseline 0.006 -26"><span class='ocrx_word' id='word_1_377' title='bbox 247 1923 417 1974; x_wconf 79' lang='lat' dir='ltr'>pliclter3</span> <span class='ocrx_word' id='word_1_378' title='bbox 446 1927 515 1965; x_wconf 89' lang='lat' dir='ltr'>sed</span> <span class='ocrx_word' id='word_1_379' title='bbox 541 1942 627 1967; x_wconf 92' lang='lat' dir='ltr'>eam</span> <span class='ocrx_word' id='word_1_380' title='bbox 654 1932 913 1982; x_wconf 87' lang='lat' dir='ltr'>Theologiam</span> <span class='ocrx_word' id='word_1_381' title='bbox 939 1935 1062 1985; x_wconf 88' lang='lat' dir='ltr'>gratia</span> <span class='ocrx_word' id='word_1_382' title='bbox 1088 1936 1369 1986; x_wconf 89' lang='lat' dir='ltr'>supernaturali</span> <span class='ocrx_word' id='word_1_383' title='bbox 1397 1936 1470 1975; x_wconf 91' lang='lat' dir='ltr'>Dei</span> <span class='ocrx_word' id='word_1_384' title='bbox 1498 1935 1615 1974; x_wconf 87' lang='lat' dir='ltr'>fuisse</span> <span class='ocrx_word' id='word_1_385' title='bbox 1642 1936 1939 1985; x_wconf 87' lang='lat' dir='ltr'>perficiendam,</span> <span class='ocrx_word' id='word_1_386' title='bbox 1965 1936 2028 1973; x_wconf 92' lang='lat' dir='ltr'>vel</span> <span class='ocrx_word' id='word_1_387' title='bbox 2048 1934 2177 1984; x_wconf 82' lang='lat' dir='ltr'>potius</span> 
     </span>
     <span class='ocr_line' id='line_1_36' title="bbox 250 1977 2177 2038; baseline 0.007 -26"><span class='ocrx_word' id='word_1_388' title='bbox 250 1977 483 2023; x_wconf 78' lang='lat' dir='ltr'>perfectione</span> <span class='ocrx_word' id='word_1_389' title='bbox 521 1980 694 2031; x_wconf 87' lang='lat' dir='ltr'>ingressa</span> <span class='ocrx_word' id='word_1_390' title='bbox 734 1984 774 2022; x_wconf 89' lang='lat' dir='ltr'>in</span> <span class='ocrx_word' id='word_1_391' title='bbox 814 1987 948 2025; x_wconf 90' lang='lat' dir='ltr'>locum</span> <span class='ocrx_word' id='word_1_392' title='bbox 988 1987 1107 2038; x_wconf 90' lang='lat' dir='ltr'>ipsius</span> <span class='ocrx_word' id='word_1_393' title='bbox 1148 1989 1257 2038; x_wconf 85' lang='lat' dir='ltr'>quasi</span> <span class='ocrx_word' id='word_1_394' title='bbox 1298 1990 1552 2036; x_wconf 78' lang='lat' dir='ltr'>abolendam3</span> <span class='ocrx_word' id='word_1_395' title='bbox 1584 1995 1626 2026; x_wconf 90' lang='lat' dir='ltr'>vt</span> <span class='ocrx_word' id='word_1_396' title='bbox 1651 1988 1870 2038; x_wconf 88' lang='lat' dir='ltr'>Theologia</span> <span class='ocrx_word' id='word_1_397' title='bbox 1898 1987 2177 2037; x_wconf 89' lang='lat' dir='ltr'>supernaturali</span> 
     </span>
     <span class='ocr_line' id='line_1_37' title="bbox 245 2027 2173 2091; baseline 0.007 -27"><span class='ocrx_word' id='word_1_398' title='bbox 245 2027 367 2066; x_wconf 89' lang='lat' dir='ltr'>homo</span> <span class='ocrx_word' id='word_1_399' title='bbox 395 2032 652 2088; x_wconf 83' lang='lat' dir='ltr'>locupletatus</span> <span class='ocrx_word' id='word_1_400' title='bbox 678 2046 943 2087; x_wconf 87' lang='lat' dir='ltr'>permaneret,</span> <span class='ocrx_word' id='word_1_401' title='bbox 971 2043 1007 2078; x_wconf 65' lang='grc' dir='ltr'>δι</span> <span class='ocrx_word' id='word_1_402' title='bbox 1035 2042 1316 2091; x_wconf 89' lang='lat' dir='ltr'>supernaturali</span> <span class='ocrx_word' id='word_1_403' title='bbox 1342 2042 1482 2080; x_wconf 90' lang='lat' dir='ltr'>virtute</span> <span class='ocrx_word' id='word_1_404' title='bbox 1510 2043 1561 2080; x_wconf 88' lang='lat' dir='ltr'>ad</span> <span class='ocrx_word' id='word_1_405' title='bbox 1588 2043 1744 2080; x_wconf 83' lang='lat' dir='ltr'>beatam</span> <span class='ocrx_word' id='word_1_406' title='bbox 1774 2041 1880 2079; x_wconf 89' lang='lat' dir='ltr'>illam</span> <span class='ocrx_word' id='word_1_407' title='bbox 1903 2040 2173 2079; x_wconf 90' lang='lat' dir='ltr'>conditionem</span> 
     </span>
     <span class='ocr_line' id='line_1_38' title="bbox 246 2086 2173 2145; baseline 0.008 -28"><span class='ocrx_word' id='word_1_408' title='bbox 246 2086 566 2124; x_wconf 84' lang='lat' dir='ltr'>transmltteretur</span> <span class='ocrx_word' id='word_1_409' title='bbox 593 2101 663 2137; x_wconf 90' lang='lat' dir='ltr'>per</span> <span class='ocrx_word' id='word_1_410' title='bbox 691 2089 874 2141; x_wconf 85' lang='lat' dir='ltr'>gratiam,</span> <span class='ocrx_word' id='word_1_411' title='bbox 903 2091 941 2130; x_wconf 92' lang='lat' dir='ltr'>in</span> <span class='ocrx_word' id='word_1_412' title='bbox 972 2093 1080 2132; x_wconf 87' lang='lat' dir='ltr'>cuius</span> <span class='ocrx_word' id='word_1_413' title='bbox 1110 2107 1220 2144; x_wconf 88' lang='lat' dir='ltr'>spem</span> <span class='ocrx_word' id='word_1_414' title='bbox 1250 2094 1380 2133; x_wconf 89' lang='lat' dir='ltr'>viuam</span> <span class='ocrx_word' id='word_1_415' title='bbox 1408 2094 1569 2145; x_wconf 88' lang='lat' dir='ltr'>regeniti</span> <span class='ocrx_word' id='word_1_416' title='bbox 1596 2106 1727 2133; x_wconf 87' lang='lat' dir='ltr'>sumus</span> <span class='ocrx_word' id='word_1_417' title='bbox 1755 2097 1778 2132; x_wconf 78' lang='lat' dir='ltr'>a</span> <span class='ocrx_word' id='word_1_418' title='bbox 1807 2094 1996 2132; x_wconf 89' lang='lat' dir='ltr'>Domino.</span> <span class='ocrx_word' id='word_1_419' title='bbox 2029 2107 2044 2131; x_wconf 95' lang='lat'>1</span> <span class='ocrx_word' id='word_1_420' title='bbox 2063 2095 2173 2132; x_wconf 78' lang='lat' dir='ltr'>Petr.</span> 
     </span>
     <span class='ocr_line' id='line_1_39' title="bbox 249 2137 2170 2198; baseline 0.005 -24"><span class='ocrx_word' id='word_1_421' title='bbox 249 2145 265 2169; x_wconf 80' lang='grc' dir='ltr'>Ι</span> <span class='ocrx_word' id='word_1_422' title='bbox 285 2146 294 2170; x_wconf 78' lang='lat'>1</span> <span class='ocrx_word' id='word_1_423' title='bbox 324 2146 360 2182; x_wconf 86' lang='lat'>3.</span> <span class='ocrx_word' id='word_1_424' title='bbox 389 2137 526 2186; x_wconf 89' lang='lat' dir='ltr'>Neque</span> <span class='ocrx_word' id='word_1_425' title='bbox 549 2147 606 2178; x_wconf 87' lang='lat' dir='ltr'>est</span> <span class='ocrx_word' id='word_1_426' title='bbox 626 2153 695 2179; x_wconf 89' lang='lat' dir='ltr'>cur</span> <span class='ocrx_word' id='word_1_427' title='bbox 718 2142 877 2182; x_wconf 90' lang='lat' dir='ltr'>miretur</span> <span class='ocrx_word' id='word_1_428' title='bbox 899 2144 1126 2198; x_wconf 89' lang='lat' dir='ltr'>quisquam,</span> <span class='ocrx_word' id='word_1_429' title='bbox 1151 2148 1259 2197; x_wconf 84' lang='lat' dir='ltr'>quod</span> <span class='ocrx_word' id='word_1_430' title='bbox 1283 2148 1540 2198; x_wconf 87' lang='lat' dir='ltr'>Theologiam</span> <span class='ocrx_word' id='word_1_431' title='bbox 1563 2149 1778 2186; x_wconf 88' lang='lat' dir='ltr'>naturalem</span> <span class='ocrx_word' id='word_1_432' title='bbox 1800 2147 2038 2185; x_wconf 88' lang='lat' dir='ltr'>abolendam</span> <span class='ocrx_word' id='word_1_433' title='bbox 2053 2146 2170 2185; x_wconf 89' lang='lat' dir='ltr'>fuisse</span> 
     </span>
     <span class='ocr_line' id='line_1_40' title="bbox 244 2190 2167 2250; baseline 0.008 -28"><span class='ocrx_word' id='word_1_434' title='bbox 244 2190 524 2243; x_wconf 77' lang='lat' dir='ltr'>supernaturali</span> <span class='ocrx_word' id='word_1_435' title='bbox 551 2192 726 2233; x_wconf 89' lang='lat' dir='ltr'>dicimus.</span> <span class='ocrx_word' id='word_1_436' title='bbox 754 2197 856 2234; x_wconf 84' lang='lat' dir='ltr'>Nam</span> <span class='ocrx_word' id='word_1_437' title='bbox 881 2197 934 2236; x_wconf 92' lang='lat' dir='ltr'>ita</span> <span class='ocrx_word' id='word_1_438' title='bbox 961 2211 1035 2238; x_wconf 92' lang='lat' dir='ltr'>nos</span> <span class='ocrx_word' id='word_1_439' title='bbox 1063 2200 1182 2238; x_wconf 91' lang='lat' dir='ltr'>docet</span> <span class='ocrx_word' id='word_1_440' title='bbox 1211 2202 1426 2250; x_wconf 88' lang='lat' dir='ltr'>Apostolus</span> <span class='ocrx_word' id='word_1_441' title='bbox 1454 2200 1666 2239; x_wconf 90' lang='lat' dir='ltr'>dicendum</span> <span class='ocrx_word' id='word_1_442' title='bbox 1695 2213 1795 2250; x_wconf 91' lang='lat' dir='ltr'>esse,</span> <span class='ocrx_word' id='word_1_443' title='bbox 1822 2211 1943 2248; x_wconf 90' lang='lat' dir='ltr'>quum</span> <span class='ocrx_word' id='word_1_444' title='bbox 1971 2199 2021 2237; x_wconf 90' lang='lat' dir='ltr'>de</span> <span class='ocrx_word' id='word_1_445' title='bbox 2039 2200 2167 2237; x_wconf 93' lang='lat' dir='ltr'>Theo-</span> 
     </span>
     <span class='ocr_line' id='line_1_41' title="bbox 242 2238 2166 2303; baseline 0.008 -29"><span class='ocrx_word' id='word_1_446' title='bbox 242 2238 347 2301; x_wconf 72' lang='lat' dir='ltr'>lpgla</span> <span class='ocrx_word' id='word_1_447' title='bbox 372 2240 447 2279; x_wconf 91' lang='lat' dir='ltr'>hac</span> <span class='ocrx_word' id='word_1_448' title='bbox 474 2250 623 2296; x_wconf 74' lang='lat' dir='ltr'>nostra,</span> <span class='ocrx_word' id='word_1_449' title='bbox 651 2248 687 2284; x_wconf 67' lang='grc' dir='ltr'>δε</span> <span class='ocrx_word' id='word_1_450' title='bbox 715 2247 778 2286; x_wconf 93' lang='lat' dir='ltr'>illa</span> <span class='ocrx_word' id='word_1_451' title='bbox 805 2251 931 2288; x_wconf 84' lang='lat' dir='ltr'>sutura</span> <span class='ocrx_word' id='word_1_452' title='bbox 958 2250 998 2289; x_wconf 90' lang='lat' dir='ltr'>in</span> <span class='ocrx_word' id='word_1_453' title='bbox 1026 2252 1146 2292; x_wconf 91' lang='lat' dir='ltr'>coelis</span> <span class='ocrx_word' id='word_1_454' title='bbox 1167 2253 1355 2303; x_wconf 89' lang='lat' dir='ltr'>loquitur:</span> <span class='ocrx_word' id='word_1_455' title='bbox 1385 2255 1452 2291; x_wconf 76' lang='lat' dir='ltr'>Ea:</span> <span class='ocrx_word' id='word_1_456' title='bbox 1464 2259 1584 2303; x_wconf 72' lang='lat' dir='ltr'>parte</span> <span class='ocrx_word' id='word_1_457' title='bbox 1605 2255 1700 2291; x_wconf 78' lang='lat' dir='ltr'>enim</span> <span class='ocrx_word' id='word_1_458' title='bbox 1722 2254 2000 2302; x_wconf 75' lang='lat' dir='ltr'>cognoscimus,</span> <span class='ocrx_word' id='word_1_459' title='bbox 2022 2251 2166 2301; x_wconf 89' lang='lat' dir='ltr'>inquit,</span> 
     </span>
     <span class='ocr_line' id='line_1_42' title="bbox 244 2299 2166 2356; baseline 0.006 -25"><span class='ocrx_word' id='word_1_460' title='bbox 244 2301 294 2350; x_wconf 44' lang='grc' dir='ltr'>(θῇ</span> <span class='ocrx_word' id='word_1_461' title='bbox 320 2304 366 2328; x_wconf 68' lang='lat' dir='ltr'>ew</span> <span class='ocrx_word' id='word_1_462' title='bbox 381 2299 502 2343; x_wconf 79' lang='lat' dir='ltr'>parte</span> <span class='ocrx_word' id='word_1_463' title='bbox 522 2299 799 2346; x_wconf 70' lang='lat' dir='ltr'>prophetamus</span> <span class='ocrx_word' id='word_1_464' title='bbox 813 2316 827 2339; x_wconf 91' lang='lat'>.·</span> <span class='ocrx_word' id='word_1_465' title='bbox 853 2316 967 2352; x_wconf 78' lang='lat' dir='ltr'>quum</span> <span class='ocrx_word' id='word_1_466' title='bbox 995 2311 1118 2343; x_wconf 77' lang='lat' dir='ltr'>autem</span> <span class='ocrx_word' id='word_1_467' title='bbox 1145 2308 1293 2345; x_wconf 74' lang='lat' dir='ltr'>venerit</span> <span class='ocrx_word' id='word_1_468' title='bbox 1311 2307 1517 2356; x_wconf 71' lang='lat' dir='ltr'>perfectio,</span> <span class='ocrx_word' id='word_1_469' title='bbox 1547 2311 1633 2343; x_wconf 71' lang='lat' dir='ltr'>tunc</span> <span class='ocrx_word' id='word_1_470' title='bbox 1656 2308 1761 2355; x_wconf 78' lang='lat' dir='ltr'>quod</span> <span class='ocrx_word' id='word_1_471' title='bbox 1781 2310 1952 2355; x_wconf 70' lang='lat' dir='ltr'>exparte</span> <span class='ocrx_word' id='word_1_472' title='bbox 1974 2310 2030 2342; x_wconf 82' lang='lat' dir='ltr'>est</span> <span class='ocrx_word' id='word_1_473' title='bbox 2045 2306 2166 2342; x_wconf 79' lang='lat' dir='ltr'>abole-</span> 
     </span>
     <span class='ocr_line' id='line_1_43' title="bbox 241 2343 2165 2409; baseline 0.008 -30"><span class='ocrx_word' id='word_1_474' title='bbox 241 2343 366 2403; x_wconf 41' lang='grc' dir='ltr'>ὑείαν-7</span> <span class='ocrx_word' id='word_1_475' title='bbox 392 2347 473 2386; x_wconf 60' lang='lat' dir='ltr'>&amp;a</span> <span class='ocrx_word' id='word_1_476' title='bbox 504 2362 520 2385; x_wconf 93' lang='lat'>1</span> <span class='ocrx_word' id='word_1_477' title='bbox 551 2350 725 2391; x_wconf 68' lang='lat' dir='ltr'>Corinth.</span> <span class='ocrx_word' id='word_1_478' title='bbox 753 2366 823 2402; x_wconf 84' lang='lat'>13:</span> <span class='ocrx_word' id='word_1_479' title='bbox 852 2369 887 2404; x_wconf 87' lang='lat'>9.</span> <span class='ocrx_word' id='word_1_480' title='bbox 923 2357 995 2394; x_wconf 87' lang='lat' dir='ltr'>Illa</span> <span class='ocrx_word' id='word_1_481' title='bbox 1019 2358 1257 2409; x_wconf 65' lang='grc' dir='ltr'><em>ἐπεισαγωγῇ</em></span> <span class='ocrx_word' id='word_1_482' title='bbox 1281 2360 1429 2398; x_wconf 90' lang='lat' dir='ltr'>formae</span> <span class='ocrx_word' id='word_1_483' title='bbox 1451 2372 1532 2397; x_wconf 90' lang='lat' dir='ltr'>non</span> <span class='ocrx_word' id='word_1_484' title='bbox 1555 2359 1676 2397; x_wconf 84' lang='lat' dir='ltr'>modo</span> <span class='ocrx_word' id='word_1_485' title='bbox 1697 2357 1871 2408; x_wconf 84' lang='lat' dir='ltr'>alterius,</span> <span class='ocrx_word' id='word_1_486' title='bbox 1894 2359 2027 2396; x_wconf 77' lang='lat' dir='ltr'>verum</span> <span class='ocrx_word' id='word_1_487' title='bbox 2049 2357 2165 2395; x_wconf 89' lang='lat' dir='ltr'>etiam</span> 
     </span>
     <span class='ocr_line' id='line_1_44' title="bbox 239 2395 2165 2462; baseline 0.008 -30"><span class='ocrx_word' id='word_1_488' title='bbox 239 2395 394 2436; x_wconf 81' lang='lat' dir='ltr'>alterius</span> <span class='ocrx_word' id='word_1_489' title='bbox 433 2401 584 2459; x_wconf 77' lang='lat' dir='ltr'>generis</span> <span class='ocrx_word' id='word_1_490' title='bbox 625 2404 660 2440; x_wconf 69' lang='grc' dir='ltr'>δε</span> <span class='ocrx_word' id='word_1_491' title='bbox 693 2407 981 2458; x_wconf 85' lang='lat' dir='ltr'>perfectissimi,</span> <span class='ocrx_word' id='word_1_492' title='bbox 1018 2410 1120 2448; x_wconf 92' lang='lat' dir='ltr'>hanc</span> <span class='ocrx_word' id='word_1_493' title='bbox 1156 2412 1323 2450; x_wconf 87' lang='lat' dir='ltr'>formam</span> <span class='ocrx_word' id='word_1_494' title='bbox 1349 2410 1590 2462; x_wconf 88' lang='lat' dir='ltr'>Theologiae</span> <span class='ocrx_word' id='word_1_495' title='bbox 1617 2418 1772 2450; x_wconf 89' lang='lat' dir='ltr'>nostrae</span> <span class='ocrx_word' id='word_1_496' title='bbox 1802 2410 1910 2460; x_wconf 87' lang='lat' dir='ltr'>quasi</span> <span class='ocrx_word' id='word_1_497' title='bbox 1934 2412 2165 2460; x_wconf 90' lang='lat' dir='ltr'>absorptura</span> 
     </span>
     <span class='ocr_line' id='line_1_45' title="bbox 240 2451 1162 2507; baseline 0.018 -22"><span class='ocrx_word' id='word_1_498' title='bbox 240 2455 317 2497; x_wconf 84' lang='lat' dir='ltr'>est,</span> <span class='ocrx_word' id='word_1_499' title='bbox 345 2451 380 2487; x_wconf 73' lang='grc' dir='ltr'>δε</span> <span class='ocrx_word' id='word_1_500' title='bbox 407 2453 646 2493; x_wconf 83' lang='lat' dir='ltr'>vlndlcatura</span> <span class='ocrx_word' id='word_1_501' title='bbox 676 2456 714 2495; x_wconf 93' lang='lat' dir='ltr'>in</span> <span class='ocrx_word' id='word_1_502' title='bbox 741 2461 1021 2507; x_wconf 89' lang='lat' dir='ltr'>perfectionem</span> <span class='ocrx_word' id='word_1_503' title='bbox 1047 2463 1162 2502; x_wconf 86' lang='lat' dir='ltr'>iuius.</span> 
     </span>
    </p>

    <p class='ocr_par' dir='ltr' id='par_1_3' title="bbox 235 2503 2162 2725">
     <span class='ocr_line' id='line_1_46' title="bbox 289 2503 2160 2566; baseline 0.005 -22"><span class='ocrx_word' id='word_1_504' title='bbox 289 2503 420 2552; x_wconf 84' lang='lat' dir='ltr'>Atque</span> <span class='ocrx_word' id='word_1_505' title='bbox 440 2506 544 2564; x_wconf 39' lang='lat' dir='ltr'>&#39;haec</span> <span class='ocrx_word' id='word_1_506' title='bbox 572 2508 620 2546; x_wconf 89' lang='lat' dir='ltr'>de</span> <span class='ocrx_word' id='word_1_507' title='bbox 648 2511 872 2551; x_wconf 88' lang='lat' dir='ltr'>conditione</span> <span class='ocrx_word' id='word_1_508' title='bbox 900 2515 1143 2566; x_wconf 86' lang='lat' dir='ltr'>Theologiae</span> <span class='ocrx_word' id='word_1_509' title='bbox 1172 2516 1357 2554; x_wconf 88' lang='lat' dir='ltr'>naturalis</span> <span class='ocrx_word' id='word_1_510' title='bbox 1386 2516 1427 2555; x_wconf 91' lang='lat' dir='ltr'>in</span> <span class='ocrx_word' id='word_1_511' title='bbox 1452 2523 1591 2555; x_wconf 87' lang='lat' dir='ltr'>natura</span> <span class='ocrx_word' id='word_1_512' title='bbox 1618 2517 1787 2555; x_wconf 89' lang='lat' dir='ltr'>hominis</span> <span class='ocrx_word' id='word_1_513' title='bbox 1812 2515 2037 2566; x_wconf 89' lang='lat' dir='ltr'>incorrupta</span> <span class='ocrx_word' id='word_1_514' title='bbox 2051 2515 2160 2554; x_wconf 90' lang='lat' dir='ltr'>satis:</span> 
     </span>
     <span class='ocr_line' id='line_1_47' title="bbox 238 2553 2161 2619; baseline 0.009 -29"><span class='ocrx_word' id='word_1_515' title='bbox 238 2553 287 2590; x_wconf 90' lang='lat' dir='ltr'>de</span> <span class='ocrx_word' id='word_1_516' title='bbox 331 2557 556 2598; x_wconf 75' lang='lat' dir='ltr'>conditione</span> <span class='ocrx_word' id='word_1_517' title='bbox 595 2560 715 2612; x_wconf 78' lang='lat' dir='ltr'>illius,</span> <span class='ocrx_word' id='word_1_518' title='bbox 756 2577 802 2602; x_wconf 85' lang='lat' dir='ltr'>ex</span> <span class='ocrx_word' id='word_1_519' title='bbox 843 2577 922 2615; x_wconf 91' lang='lat' dir='ltr'>quo</span> <span class='ocrx_word' id='word_1_520' title='bbox 961 2567 1168 2607; x_wconf 89' lang='lat' dir='ltr'>vitiositate</span> <span class='ocrx_word' id='word_1_521' title='bbox 1190 2576 1373 2619; x_wconf 91' lang='lat' dir='ltr'>corrupta</span> <span class='ocrx_word' id='word_1_522' title='bbox 1400 2576 1459 2608; x_wconf 92' lang='lat' dir='ltr'>est</span> <span class='ocrx_word' id='word_1_523' title='bbox 1486 2576 1621 2608; x_wconf 89' lang='lat' dir='ltr'>natura</span> <span class='ocrx_word' id='word_1_524' title='bbox 1650 2569 1872 2619; x_wconf 88' lang='lat' dir='ltr'>videamus,</span> <span class='ocrx_word' id='word_1_525' title='bbox 1907 2571 2021 2607; x_wconf 66' lang='lat' dir='ltr'><em>Thes.</em></span> <span class='ocrx_word' id='word_1_526' title='bbox 2049 2580 2161 2607; x_wconf 83' lang='lat' dir='ltr'>va.</span> 
     </span>
     <span class='ocr_line' id='line_1_48' title="bbox 235 2607 2162 2672; baseline 0.009 -31"><span class='ocrx_word' id='word_1_527' title='bbox 235 2607 444 2656; x_wconf 76' lang='lat' dir='ltr'>Postquam</span> <span class='ocrx_word' id='word_1_528' title='bbox 473 2614 562 2650; x_wconf 74' lang='lat' dir='ltr'>vem&gt;</span> <span class='ocrx_word' id='word_1_529' title='bbox 590 2620 735 2652; x_wconf 70' lang='lat' dir='ltr'>natum</span> <span class='ocrx_word' id='word_1_530' title='bbox 763 2618 855 2656; x_wconf 72' lang='lat' dir='ltr'>llaec</span> <span class='ocrx_word' id='word_1_531' title='bbox 883 2626 1068 2671; x_wconf 61' lang='lat' dir='ltr'>corrupta</span> <span class='ocrx_word' id='word_1_532' title='bbox 1087 2624 1196 2672; x_wconf 77' lang='lat' dir='ltr'>suit,</span> <span class='ocrx_word' id='word_1_533' title='bbox 1211 2624 1278 2660; x_wconf 72' lang='lat' dir='ltr'>illa</span> <span class='ocrx_word' id='word_1_534' title='bbox 1293 2624 1438 2672; x_wconf 66' lang='lat' dir='ltr'>quidem</span> <span class='ocrx_word' id='word_1_535' title='bbox 1454 2623 1539 2671; x_wconf 66' lang='lat' dir='ltr'>ipsa</span> <span class='ocrx_word' id='word_1_536' title='bbox 1550 2625 1744 2672; x_wconf 69' lang='lat' dir='ltr'>principia</span> <span class='ocrx_word' id='word_1_537' title='bbox 1757 2625 1795 2660; x_wconf 81' lang='lat' dir='ltr'>in</span> <span class='ocrx_word' id='word_1_538' title='bbox 1810 2624 2162 2671; x_wconf 61' lang='lat' dir='ltr'>singulis-perman·</span> 
     </span>
     <span class='ocr_line' id='line_1_49' title="bbox 237 2666 2161 2725; baseline 0.008 -30"><span class='ocrx_word' id='word_1_539' title='bbox 237 2666 390 2709; x_wconf 78' lang='lat' dir='ltr'>serzmt,</span> <span class='ocrx_word' id='word_1_540' title='bbox 419 2668 649 2717; x_wconf 75' lang='lat' dir='ltr'>communia,</span> <span class='ocrx_word' id='word_1_541' title='bbox 677 2669 858 2721; x_wconf 73' lang='lat' dir='ltr'>obscura,</span> <span class='ocrx_word' id='word_1_542' title='bbox 886 2678 998 2721; x_wconf 74' lang='lat' dir='ltr'>atque</span> <span class='ocrx_word' id='word_1_543' title='bbox 1028 2674 1256 2723; x_wconf 68' lang='lat' dir='ltr'>imperfecta</span> <span class='ocrx_word' id='word_1_544' title='bbox 1267 2694 1277 2712; x_wconf 92' lang='lat'>.·</span> <span class='ocrx_word' id='word_1_545' title='bbox 1305 2677 1376 2712; x_wconf 83' lang='lat' dir='ltr'>sed</span> <span class='ocrx_word' id='word_1_546' title='bbox 1398 2676 1437 2713; x_wconf 79' lang='lat' dir='ltr'>in</span> <span class='ocrx_word' id='word_1_547' title='bbox 1459 2688 1537 2713; x_wconf 82' lang='lat' dir='ltr'>sese</span> <span class='ocrx_word' id='word_1_548' title='bbox 1556 2677 1867 2725; x_wconf 58' lang='lat' dir='ltr'>corrzsptissima,</span> <span class='ocrx_word' id='word_1_549' title='bbox 1890 2677 1987 2712; x_wconf 80' lang='lat' dir='ltr'>inter</span> <span class='ocrx_word' id='word_1_550' title='bbox 2013 2687 2052 2711; x_wconf 82' lang='lat' dir='ltr'>se</span> <span class='ocrx_word' id='word_1_551' title='bbox 2076 2687 2161 2711; x_wconf 84' lang='lat' dir='ltr'>con-</span> 
     </span>
    </p>
   </div>
   <div class='ocr_carea' id='block_1_3' title="bbox 236 2713 2158 2829">
    <p class='ocr_par' dir='ltr' id='par_1_4' title="bbox 236 2713 2158 2829">
     <span class='ocr_line' id='line_1_50' title="bbox 236 2713 2158 2783; baseline 0.008 -36"><span class='ocrx_word' id='word_1_552' title='bbox 236 2713 515 2767; x_wconf 66' lang='lat' dir='ltr'>turbatissimo,</span> <span class='ocrx_word' id='word_1_553' title='bbox 545 2724 726 2768; x_wconf 40' lang='lat' dir='ltr'>[illaquam</span> <span class='ocrx_word' id='word_1_554' title='bbox 754 2725 901 2762; x_wconf 76' lang='lat' dir='ltr'>rudera</span> <span class='ocrx_word' id='word_1_555' title='bbox 929 2731 1094 2764; x_wconf 74' lang='lat' dir='ltr'>naturae</span> <span class='ocrx_word' id='word_1_556' title='bbox 1119 2732 1276 2766; x_wconf 77' lang='lat' dir='ltr'>nostrae</span> <span class='ocrx_word' id='word_1_557' title='bbox 1303 2729 1505 2767; x_wconf 77' lang='lat' dir='ltr'>vitiositate</span> <span class='ocrx_word' id='word_1_558' title='bbox 1532 2734 1680 2767; x_wconf 74' lang='lat' dir='ltr'>nostra.</span> <span class='ocrx_word' id='word_1_559' title='bbox 1710 2729 1801 2766; x_wconf 90' lang='lat' dir='ltr'>Non</span> <span class='ocrx_word' id='word_1_560' title='bbox 1830 2734 1887 2765; x_wconf 89' lang='lat' dir='ltr'>est</span> <span class='ocrx_word' id='word_1_561' title='bbox 1915 2727 1980 2765; x_wconf 93' lang='lat' dir='ltr'>hic</span> <span class='ocrx_word' id='word_1_562' title='bbox 2008 2725 2158 2783; x_wconf 80' lang='lat' dir='ltr'>consilij</span> 
     </span>
     <span class='ocr_line' id='line_1_51' title="bbox 2014 2786 2158 2829; baseline -0.007 -12"><span class='ocrx_word' id='word_1_563' title='bbox 2014 2786 2158 2829; x_wconf 84' lang='lat' dir='ltr'>nostrl,</span> 
     </span>
    </p>
   </div>
  </div>
 </body>
</html>
