<?xml version="1.0" encoding="UTF-8"?>
<!DOCTYPE html PUBLIC "-//W3C//DTD XHTML 1.0 Transitional//EN"
    "http://www.w3.org/TR/xhtml1/DTD/xhtml1-transitional.dtd">
<html xmlns="http://www.w3.org/1999/xhtml" xml:lang="en" lang="en">
 <head>
  <title>
</title>
<meta http-equiv="Content-Type" content="text/html;charset=utf-8" />
  <meta name='ocr-system' content='tesseract 3.04.00' />
  <meta name='ocr-capabilities' content='ocr_page ocr_carea ocr_par ocr_line ocrx_word'/>
</head>
<body>
  <div class='ocr_page' id='page_1' title='image "./opusculatheologi00juni/opusculatheologi00juni_0171.png"; bbox 0 0 2334 3020; ppageno 0'>
   <div class='ocr_carea' id='block_1_1' title="bbox 792 97 2125 153">
    <p class='ocr_par' dir='ltr' id='par_1_1' title="bbox 792 97 2125 153">
     <span class='ocr_line' id='line_1_1' title="bbox 792 97 2125 153; baseline -0.001 -11"><span class='ocrx_word' id='word_1_1' title='bbox 792 115 1006 142; x_wconf 65' lang='grc'>’11155115</span> <span class='ocrx_word' id='word_1_2' title='bbox 1047 112 1482 142; x_wconf 76' lang='lat' dir='ltr'><strong>THEOLOGICAE.</strong></span> <span class='ocrx_word' id='word_1_3' title='bbox 2038 97 2125 153; x_wconf 70' lang='lat'>139¹</span> 
     </span>
    </p>
   </div>
   <div class='ocr_carea' id='block_1_2' title="bbox 167 220 2117 2852">
    <p class='ocr_par' dir='ltr' id='par_1_2' title="bbox 173 220 2111 327">
     <span class='ocr_line' id='line_1_2' title="bbox 173 220 2111 273; baseline -0.002 -9"><span class='ocrx_word' id='word_1_4' title='bbox 173 224 416 264; x_wconf 89' lang='lat' dir='ltr'>communia.</span> <span class='ocrx_word' id='word_1_5' title='bbox 456 222 598 273; x_wconf 87' lang='lat' dir='ltr'>creari,</span> <span class='ocrx_word' id='word_1_6' title='bbox 626 221 699 261; x_wconf 91' lang='lat' dir='ltr'>sini</span> <span class='ocrx_word' id='word_1_7' title='bbox 726 220 804 261; x_wconf 89' lang='lat' dir='ltr'>labi</span> <span class='ocrx_word' id='word_1_8' title='bbox 832 221 871 259; x_wconf 92' lang='lat' dir='ltr'>in</span> <span class='ocrx_word' id='word_1_9' title='bbox 900 227 1126 271; x_wconf 87' lang='lat' dir='ltr'>peccatum,</span> <span class='ocrx_word' id='word_1_10' title='bbox 1155 222 1190 259; x_wconf 77' lang='grc' dir='ltr'>δι</span> <span class='ocrx_word' id='word_1_11' title='bbox 1219 220 1257 259; x_wconf 89' lang='grc'>111</span> <span class='ocrx_word' id='word_1_12' title='bbox 1286 227 1476 270; x_wconf 83' lang='lat' dir='ltr'>mortem,</span> <span class='ocrx_word' id='word_1_13' title='bbox 1505 220 1636 259; x_wconf 83' lang='lat' dir='ltr'>vocari</span> <span class='ocrx_word' id='word_1_14' title='bbox 1665 222 1834 259; x_wconf 77' lang='lat' dir='ltr'>externe.</span> <span class='ocrx_word' id='word_1_15' title='bbox 1880 223 2111 270; x_wconf 64' lang='lat' dir='ltr'>Disparz&#39;tas</span> 
     </span>
     <span class='ocr_line' id='line_1_3' title="bbox 173 255 1575 327; baseline -0.004 -10"><span class='ocrx_word' id='word_1_16' title='bbox 173 279 208 316; x_wconf 88' lang='lat'>&amp;</span> <span class='ocrx_word' id='word_1_17' title='bbox 236 277 531 327; x_wconf 74' lang='lat' dir='ltr'>dissimilitudo,</span> <span class='ocrx_word' id='word_1_18' title='bbox 558 255 659 325; x_wconf 82' lang='lat' dir='ltr'>qi1ae</span> <span class='ocrx_word' id='word_1_19' title='bbox 689 282 747 313; x_wconf 90' lang='lat' dir='ltr'>est</span> <span class='ocrx_word' id='word_1_20' title='bbox 774 275 874 313; x_wconf 91' lang='lat' dir='ltr'>inter</span> <span class='ocrx_word' id='word_1_21' title='bbox 901 275 985 313; x_wconf 87' lang='lat' dir='ltr'>illas</span> <span class='ocrx_word' id='word_1_22' title='bbox 1013 274 1051 312; x_wconf 91' lang='lat' dir='ltr'>in</span> <span class='ocrx_word' id='word_1_23' title='bbox 1079 273 1331 324; x_wconf 86' lang='lat' dir='ltr'>sequentibus</span> <span class='ocrx_word' id='word_1_24' title='bbox 1361 273 1575 324; x_wconf 81' lang='lat' dir='ltr'>apparebit.</span> 
     </span>
    </p>

    <p class='ocr_par' dir='ltr' id='par_1_3' title="bbox 172 326 2111 591">
     <span class='ocr_line' id='line_1_4' title="bbox 226 326 2111 385; baseline -0.002 -17"><span class='ocrx_word' id='word_1_25' title='bbox 226 344 261 380; x_wconf 84' lang='lat'>3.</span> <span class='ocrx_word' id='word_1_26' title='bbox 317 332 484 379; x_wconf 85' lang='lat' dir='ltr'>Electz&#39;,o</span> <span class='ocrx_word' id='word_1_27' title='bbox 512 335 569 368; x_wconf 90' lang='lat' dir='ltr'>est</span> <span class='ocrx_word' id='word_1_28' title='bbox 600 327 917 378; x_wconf 68' lang='lat' dir='ltr'>praedestinatio,</span> <span class='ocrx_word' id='word_1_29' title='bbox 949 339 1026 377; x_wconf 90' lang='lat' dir='ltr'>qua</span> <span class='ocrx_word' id='word_1_30' title='bbox 1054 328 1160 366; x_wconf 88' lang='lat' dir='ltr'>Deus</span> <span class='ocrx_word' id='word_1_31' title='bbox 1189 326 1363 365; x_wconf 88' lang='lat' dir='ltr'>decreuit</span> <span class='ocrx_word' id='word_1_32' title='bbox 1391 328 1442 365; x_wconf 90' lang='lat' dir='ltr'>ab</span> <span class='ocrx_word' id='word_1_33' title='bbox 1470 334 1630 364; x_wconf 89' lang='lat' dir='ltr'>aeterno</span> <span class='ocrx_word' id='word_1_34' title='bbox 1655 327 1759 385; x_wconf 83' lang='lat' dir='ltr'>apud</span> <span class='ocrx_word' id='word_1_35' title='bbox 1774 339 1834 373; x_wconf 90' lang='lat' dir='ltr'>se,</span> <span class='ocrx_word' id='word_1_36' title='bbox 1860 338 2111 376; x_wconf 80' lang='lat' dir='ltr'>eorumquos</span> 
     </span>
     <span class='ocr_line' id='line_1_5' title="bbox 173 379 2117 431; baseline -0.002 -9"><span class='ocrx_word' id='word_1_37' title='bbox 173 383 223 422; x_wconf 89' lang='lat' dir='ltr'>ad</span> <span class='ocrx_word' id='word_1_38' title='bbox 251 384 454 421; x_wconf 70' lang='grc' dir='ltr'>ὑιοθοσίαν</span> <span class='ocrx_word' id='word_1_39' title='bbox 482 381 709 431; x_wconf 79' lang='lat' dir='ltr'>destinauit,</span> <span class='ocrx_word' id='word_1_40' title='bbox 739 379 911 419; x_wconf 87' lang='lat' dir='ltr'>misereri</span> <span class='ocrx_word' id='word_1_41' title='bbox 937 380 975 418; x_wconf 89' lang='lat' dir='ltr'>in</span> <span class='ocrx_word' id='word_1_42' title='bbox 997 379 1175 429; x_wconf 85' lang='lat' dir='ltr'>Christo,</span> <span class='ocrx_word' id='word_1_43' title='bbox 1198 380 1233 417; x_wconf 87' lang='lat'>&amp;</span> <span class='ocrx_word' id='word_1_44' title='bbox 1254 391 1323 418; x_wconf 89' lang='lat' dir='ltr'>eos</span> <span class='ocrx_word' id='word_1_45' title='bbox 1348 379 1497 417; x_wconf 89' lang='lat' dir='ltr'>donare</span> <span class='ocrx_word' id='word_1_46' title='bbox 1520 379 1799 427; x_wconf 88' lang='lat' dir='ltr'>conuersione,</span> <span class='ocrx_word' id='word_1_47' title='bbox 1826 379 1921 429; x_wconf 90' lang='lat' dir='ltr'>fide,</span> <span class='ocrx_word' id='word_1_48' title='bbox 1944 379 2117 429; x_wconf 84' lang='lat' dir='ltr'>iustitia,</span> 
     </span>
     <span class='ocr_line' id='line_1_6' title="bbox 174 409 2111 483; baseline -0.001 -9"><span class='ocrx_word' id='word_1_49' title='bbox 174 437 210 474; x_wconf 72' lang='grc' dir='ltr'>δε</span> <span class='ocrx_word' id='word_1_50' title='bbox 253 435 412 474; x_wconf 90' lang='lat' dir='ltr'>tandem</span> <span class='ocrx_word' id='word_1_51' title='bbox 453 434 532 473; x_wconf 88' lang='lat' dir='ltr'>vita</span> <span class='ocrx_word' id='word_1_52' title='bbox 561 441 728 472; x_wconf 82' lang='lat' dir='ltr'>aeterna.</span> <span class='ocrx_word' id='word_1_53' title='bbox 770 435 866 472; x_wconf 90' lang='lat' dir='ltr'>Esse</span> <span class='ocrx_word' id='word_1_54' title='bbox 893 440 1022 472; x_wconf 89' lang='lat' dir='ltr'>autern</span> <span class='ocrx_word' id='word_1_55' title='bbox 1058 410 1314 476; x_wconf 75' lang='lat' dir='ltr'>Electionem.</span> <span class='ocrx_word' id='word_1_56' title='bbox 1345 433 1584 482; x_wconf 86' lang='lat' dir='ltr'>Prophetae</span> <span class='ocrx_word' id='word_1_57' title='bbox 1614 409 1813 482; x_wconf 80' lang='lat' dir='ltr'>Apostoli,</span> <span class='ocrx_word' id='word_1_58' title='bbox 1844 444 1999 471; x_wconf 83' lang='lat' dir='ltr'>necnon</span> <span class='ocrx_word' id='word_1_59' title='bbox 2029 432 2111 483; x_wconf 88' lang='lat' dir='ltr'>ipse</span> 
     </span>
     <span class='ocr_line' id='line_1_7' title="bbox 174 486 2105 537; baseline -0.002 -10"><span class='ocrx_word' id='word_1_60' title='bbox 174 488 349 527; x_wconf 90' lang='lat' dir='ltr'>Christus</span> <span class='ocrx_word' id='word_1_61' title='bbox 385 487 528 537; x_wconf 85' lang='lat' dir='ltr'>passim</span> <span class='ocrx_word' id='word_1_62' title='bbox 560 486 689 525; x_wconf 88' lang='lat' dir='ltr'>docet.</span> <span class='ocrx_word' id='word_1_63' title='bbox 730 487 827 524; x_wconf 78' lang='lat' dir='ltr'><strong>Esa.</strong></span> <span class='ocrx_word' id='word_1_64' title='bbox 864 499 926 534; x_wconf 91' lang='lat'>41.</span> <span class='ocrx_word' id='word_1_65' title='bbox 963 489 998 525; x_wconf 88' lang='grc'>8.</span> <span class='ocrx_word' id='word_1_66' title='bbox 1035 500 1071 536; x_wconf 87' lang='grc'>9.</span> <span class='ocrx_word' id='word_1_67' title='bbox 1113 487 1225 524; x_wconf 82' lang='lat' dir='ltr'><strong>Rom.</strong></span> <span class='ocrx_word' id='word_1_68' title='bbox 1261 488 1297 524; x_wconf 89' lang='lat'>8.</span> <span class='ocrx_word' id='word_1_69' title='bbox 1336 498 1395 534; x_wconf 89' lang='lat'>29.</span> <span class='ocrx_word' id='word_1_70' title='bbox 1438 486 1580 534; x_wconf 78' lang='lat' dir='ltr'>Ephes.</span> <span class='ocrx_word' id='word_1_71' title='bbox 1624 499 1654 523; x_wconf 94' lang='lat'>1.</span> <span class='ocrx_word' id='word_1_72' title='bbox 1695 499 1730 533; x_wconf 92' lang='lat'>4.</span> <span class='ocrx_word' id='word_1_73' title='bbox 1771 487 1918 523; x_wconf 73' lang='lat' dir='ltr'>Alattlz.</span> <span class='ocrx_word' id='word_1_74' title='bbox 1951 499 2011 523; x_wconf 88' lang='lat'>20.</span> <span class='ocrx_word' id='word_1_75' title='bbox 2048 488 2105 524; x_wconf 90' lang='lat'>16.</span> 
     </span>
     <span class='ocr_line' id='line_1_8' title="bbox 172 537 1385 591; baseline -0.002 -12"><span class='ocrx_word' id='word_1_76' title='bbox 172 541 265 580; x_wconf 89' lang='lat' dir='ltr'>Eius</span> <span class='ocrx_word' id='word_1_77' title='bbox 283 546 422 591; x_wconf 80' lang='lat' dir='ltr'>partes</span> <span class='ocrx_word' id='word_1_78' title='bbox 449 541 549 579; x_wconf 87' lang='lat' dir='ltr'>duae</span> <span class='ocrx_word' id='word_1_79' title='bbox 577 547 685 589; x_wconf 92' lang='lat' dir='ltr'>sunt,</span> <span class='ocrx_word' id='word_1_80' title='bbox 714 539 957 590; x_wconf 81' lang='lat' dir='ltr'>praeparatio</span> <span class='ocrx_word' id='word_1_81' title='bbox 986 539 1132 589; x_wconf 84' lang='lat' dir='ltr'>gratiae</span> <span class='ocrx_word' id='word_1_82' title='bbox 1161 540 1197 577; x_wconf 87' lang='lat'>&amp;</span> <span class='ocrx_word' id='word_1_83' title='bbox 1224 537 1385 588; x_wconf 89' lang='lat' dir='ltr'>gloriae.</span> 
     </span>
    </p>

    <p class='ocr_par' dir='ltr' id='par_1_4' title="bbox 169 590 2114 1066">
     <span class='ocr_line' id='line_1_9' title="bbox 222 590 2108 641; baseline -0.002 -9"><span class='ocrx_word' id='word_1_84' title='bbox 222 607 258 641; x_wconf 96' lang='lat'>4.</span> <span class='ocrx_word' id='word_1_85' title='bbox 313 592 524 633; x_wconf 90' lang='lat' dir='ltr'>Electionis</span> <span class='ocrx_word' id='word_1_86' title='bbox 550 592 663 631; x_wconf 90' lang='lat' dir='ltr'>huius</span> <span class='ocrx_word' id='word_1_87' title='bbox 691 593 797 630; x_wconf 89' lang='lat' dir='ltr'>nulla</span> <span class='ocrx_word' id='word_1_88' title='bbox 827 599 935 631; x_wconf 86' lang='lat' dir='ltr'>extra</span> <span class='ocrx_word' id='word_1_89' title='bbox 962 594 1090 631; x_wconf 84' lang='lat' dir='ltr'>Deum</span> <span class='ocrx_word' id='word_1_90' title='bbox 1119 605 1237 630; x_wconf 84' lang='lat' dir='ltr'>causa</span> <span class='ocrx_word' id='word_1_91' title='bbox 1264 591 1436 640; x_wconf 77' lang='lat' dir='ltr'>efficcens</span> <span class='ocrx_word' id='word_1_92' title='bbox 1464 597 1531 629; x_wconf 89' lang='lat' dir='ltr'>aut</span> <span class='ocrx_word' id='word_1_93' title='bbox 1559 590 1767 640; x_wconf 90' lang='lat' dir='ltr'>impulsiua</span> <span class='ocrx_word' id='word_1_94' title='bbox 1795 590 1834 628; x_wconf 91' lang='lat' dir='ltr'>in</span> <span class='ocrx_word' id='word_1_95' title='bbox 1864 590 1955 640; x_wconf 89' lang='lat' dir='ltr'>ipsis</span> <span class='ocrx_word' id='word_1_96' title='bbox 1984 591 2108 629; x_wconf 90' lang='lat' dir='ltr'>homi-</span> 
     </span>
     <span class='ocr_line' id='line_1_10' title="bbox 170 643 2114 703; baseline -0.001 -19"><span class='ocrx_word' id='word_1_97' title='bbox 170 646 284 685; x_wconf 90' lang='lat' dir='ltr'>nibus</span> <span class='ocrx_word' id='word_1_98' title='bbox 313 646 534 697; x_wconf 88' lang='lat' dir='ltr'>statuenda,</span> <span class='ocrx_word' id='word_1_99' title='bbox 562 648 585 684; x_wconf 74' lang='lat' dir='ltr'>a</span> <span class='ocrx_word' id='word_1_100' title='bbox 612 657 688 695; x_wconf 90' lang='lat' dir='ltr'>qua</span> <span class='ocrx_word' id='word_1_101' title='bbox 716 645 891 695; x_wconf 88' lang='lat' dir='ltr'>praeuisa</span> <span class='ocrx_word' id='word_1_102' title='bbox 916 653 1116 695; x_wconf 87' lang='lat' dir='ltr'>permotus</span> <span class='ocrx_word' id='word_1_103' title='bbox 1144 644 1259 683; x_wconf 90' lang='lat' dir='ltr'>fuerit</span> <span class='ocrx_word' id='word_1_104' title='bbox 1286 645 1393 682; x_wconf 90' lang='lat' dir='ltr'>Deus</span> <span class='ocrx_word' id='word_1_105' title='bbox 1421 643 1471 681; x_wconf 85' lang='lat' dir='ltr'>ad</span> <span class='ocrx_word' id='word_1_106' title='bbox 1498 656 1571 682; x_wconf 90' lang='lat' dir='ltr'>nos</span> <span class='ocrx_word' id='word_1_107' title='bbox 1588 643 1808 703; x_wconf 79' lang='lat' dir='ltr'>eligendos.</span> <span class='ocrx_word' id='word_1_108' title='bbox 1837 655 1915 681; x_wconf 91' lang='lat' dir='ltr'>non</span> <span class='ocrx_word' id='word_1_109' title='bbox 1933 644 2114 682; x_wconf 84' lang='lat' dir='ltr'>voluntas</span> 
     </span>
     <span class='ocr_line' id='line_1_11' title="bbox 170 695 2114 757; baseline -0.001 -19"><span class='ocrx_word' id='word_1_110' title='bbox 170 699 357 749; x_wconf 89' lang='lat' dir='ltr'>hominis,</span> <span class='ocrx_word' id='word_1_111' title='bbox 385 711 466 738; x_wconf 89' lang='lat' dir='ltr'>non</span> <span class='ocrx_word' id='word_1_112' title='bbox 495 699 591 737; x_wconf 90' lang='lat' dir='ltr'>fides</span> <span class='ocrx_word' id='word_1_113' title='bbox 619 698 819 757; x_wconf 79' lang='lat' dir='ltr'>praeuisa,</span> <span class='ocrx_word' id='word_1_114' title='bbox 849 710 931 736; x_wconf 91' lang='lat' dir='ltr'>non</span> <span class='ocrx_word' id='word_1_115' title='bbox 958 699 1064 737; x_wconf 91' lang='lat' dir='ltr'>bona</span> <span class='ocrx_word' id='word_1_116' title='bbox 1091 710 1231 757; x_wconf 83' lang='lat' dir='ltr'>opera,</span> <span class='ocrx_word' id='word_1_117' title='bbox 1260 709 1339 735; x_wconf 88' lang='lat' dir='ltr'>non</span> <span class='ocrx_word' id='word_1_118' title='bbox 1369 695 1535 746; x_wconf 87' lang='lat' dir='ltr'>dignitas</span> <span class='ocrx_word' id='word_1_119' title='bbox 1549 696 1722 747; x_wconf 90' lang='lat' dir='ltr'>generis,</span> <span class='ocrx_word' id='word_1_120' title='bbox 1748 704 1814 734; x_wconf 87' lang='lat' dir='ltr'>aut</span> <span class='ocrx_word' id='word_1_121' title='bbox 1831 696 1942 734; x_wconf 91' lang='lat' dir='ltr'>vllius</span> <span class='ocrx_word' id='word_1_122' title='bbox 1957 697 2114 736; x_wconf 88' lang='lat' dir='ltr'>alterius</span> 
     </span>
     <span class='ocr_line' id='line_1_12' title="bbox 171 748 2112 803; baseline -0.001 -13"><span class='ocrx_word' id='word_1_123' title='bbox 171 751 484 803; x_wconf 87' lang='lat' dir='ltr'>praerogatiuae,</span> <span class='ocrx_word' id='word_1_124' title='bbox 505 764 586 790; x_wconf 90' lang='lat' dir='ltr'>non</span> <span class='ocrx_word' id='word_1_125' title='bbox 611 751 789 790; x_wconf 88' lang='lat' dir='ltr'>meritum</span> <span class='ocrx_word' id='word_1_126' title='bbox 811 750 954 790; x_wconf 85' lang='lat' dir='ltr'>Christi</span> <span class='ocrx_word' id='word_1_127' title='bbox 976 751 1219 800; x_wconf 82' lang='lat' dir='ltr'>praeuisum,</span> <span class='ocrx_word' id='word_1_128' title='bbox 1243 762 1324 787; x_wconf 90' lang='lat' dir='ltr'>non</span> <span class='ocrx_word' id='word_1_129' title='bbox 1347 749 1517 799; x_wconf 88' lang='lat' dir='ltr'>denique</span> <span class='ocrx_word' id='word_1_130' title='bbox 1540 749 1627 788; x_wconf 90' lang='lat' dir='ltr'>finis</span> <span class='ocrx_word' id='word_1_131' title='bbox 1649 748 1871 788; x_wconf 88' lang='lat' dir='ltr'>electionis:</span> <span class='ocrx_word' id='word_1_132' title='bbox 1899 749 1968 788; x_wconf 92' lang='lat' dir='ltr'>sed</span> <span class='ocrx_word' id='word_1_133' title='bbox 1984 751 2112 788; x_wconf 88' lang='lat' dir='ltr'>solum</span> 
     </span>
     <span class='ocr_line' id='line_1_13' title="bbox 169 801 2112 854; baseline -0.002 -11"><span class='ocrx_word' id='word_1_134' title='bbox 169 804 324 844; x_wconf 90' lang='lat' dir='ltr'>diuinae</span> <span class='ocrx_word' id='word_1_135' title='bbox 353 805 562 843; x_wconf 88' lang='lat' dir='ltr'>voluntatis</span> <span class='ocrx_word' id='word_1_136' title='bbox 591 803 881 854; x_wconf 88' lang='lat' dir='ltr'>beneplacitum</span> <span class='ocrx_word' id='word_1_137' title='bbox 909 805 1106 852; x_wconf 70' lang='grc' dir='ltr'><strong>(εὐδοκίαν</strong></span> <span class='ocrx_word' id='word_1_138' title='bbox 1136 802 1334 852; x_wconf 87' lang='lat' dir='ltr'>Scriptura</span> <span class='ocrx_word' id='word_1_139' title='bbox 1358 804 1496 850; x_wconf 85' lang='lat' dir='ltr'>vocat)</span> <span class='ocrx_word' id='word_1_140' title='bbox 1527 802 1566 840; x_wconf 90' lang='lat' dir='ltr'>in</span> <span class='ocrx_word' id='word_1_141' title='bbox 1593 802 1759 852; x_wconf 88' lang='lat' dir='ltr'>gratuita</span> <span class='ocrx_word' id='word_1_142' title='bbox 1786 802 1867 840; x_wconf 90' lang='lat' dir='ltr'>eius</span> <span class='ocrx_word' id='word_1_143' title='bbox 1896 801 2112 840; x_wconf 85' lang='lat' dir='ltr'>dilectione</span> 
     </span>
     <span class='ocr_line' id='line_1_14' title="bbox 169 855 2112 907; baseline -0.002 -11"><span class='ocrx_word' id='word_1_144' title='bbox 169 857 384 896; x_wconf 87' lang='lat' dir='ltr'>fundatum.</span> <span class='ocrx_word' id='word_1_145' title='bbox 426 860 538 896; x_wconf 83' lang='lat' dir='ltr'><strong>Rom.</strong></span> <span class='ocrx_word' id='word_1_146' title='bbox 578 871 614 907; x_wconf 88' lang='lat'>9.</span> <span class='ocrx_word' id='word_1_147' title='bbox 660 859 717 895; x_wconf 93' lang='lat'>16.</span> <span class='ocrx_word' id='word_1_148' title='bbox 760 858 846 895; x_wconf 85' lang='lat' dir='ltr'><strong>Act.</strong></span> <span class='ocrx_word' id='word_1_149' title='bbox 879 869 936 906; x_wconf 86' lang='lat'>13.</span> <span class='ocrx_word' id='word_1_150' title='bbox 965 859 1027 903; x_wconf 88' lang='lat'>48.</span> <span class='ocrx_word' id='word_1_151' title='bbox 1068 858 1179 894; x_wconf 87' lang='lat' dir='ltr'><strong>Rom.</strong></span> <span class='ocrx_word' id='word_1_152' title='bbox 1210 870 1245 906; x_wconf 90' lang='lat'>9.</span> <span class='ocrx_word' id='word_1_153' title='bbox 1280 868 1338 892; x_wconf 89' lang='lat'>11.</span> <span class='ocrx_word' id='word_1_154' title='bbox 1382 855 1500 893; x_wconf 83' lang='lat' dir='ltr'>Deut.</span> <span class='ocrx_word' id='word_1_155' title='bbox 1531 866 1565 903; x_wconf 92' lang='lat'><strong>7.</strong></span> <span class='ocrx_word' id='word_1_156' title='bbox 1598 866 1630 903; x_wconf 94' lang='lat'><strong>7.</strong></span> <span class='ocrx_word' id='word_1_157' title='bbox 1673 856 1816 905; x_wconf 76' lang='lat' dir='ltr'>Ephes.</span> <span class='ocrx_word' id='word_1_158' title='bbox 1851 869 1881 893; x_wconf 91' lang='lat'>1.</span> <span class='ocrx_word' id='word_1_159' title='bbox 1915 865 1951 904; x_wconf 89' lang='lat'><strong>5.</strong></span> <span class='ocrx_word' id='word_1_160' title='bbox 1994 856 2112 893; x_wconf 89' lang='lat' dir='ltr'>Vnde</span> 
     </span>
     <span class='ocr_line' id='line_1_15' title="bbox 171 907 2114 959; baseline -0.002 -10"><span class='ocrx_word' id='word_1_161' title='bbox 171 912 213 949; x_wconf 87' lang='lat' dir='ltr'>fit</span> <span class='ocrx_word' id='word_1_162' title='bbox 252 918 294 949; x_wconf 90' lang='lat' dir='ltr'>vt</span> <span class='ocrx_word' id='word_1_163' title='bbox 334 910 497 949; x_wconf 90' lang='lat' dir='ltr'>omnino</span> <span class='ocrx_word' id='word_1_164' title='bbox 540 917 646 948; x_wconf 88' lang='lat' dir='ltr'>certa</span> <span class='ocrx_word' id='word_1_165' title='bbox 691 911 726 948; x_wconf 69' lang='grc' dir='ltr'>δι</span> <span class='ocrx_word' id='word_1_166' title='bbox 767 911 898 959; x_wconf 86' lang='lat' dir='ltr'>firma,</span> <span class='ocrx_word' id='word_1_167' title='bbox 926 910 1109 958; x_wconf 90' lang='lat' dir='ltr'>nullaque</span> <span class='ocrx_word' id='word_1_168' title='bbox 1138 907 1365 947; x_wconf 89' lang='lat' dir='ltr'>conditione</span> <span class='ocrx_word' id='word_1_169' title='bbox 1394 907 1513 946; x_wconf 91' lang='lat' dir='ltr'>dubia</span> <span class='ocrx_word' id='word_1_170' title='bbox 1541 907 1589 946; x_wconf 91' lang='lat' dir='ltr'>sit</span> <span class='ocrx_word' id='word_1_171' title='bbox 1616 915 1749 946; x_wconf 87' lang='lat' dir='ltr'>nostra</span> <span class='ocrx_word' id='word_1_172' title='bbox 1777 908 1939 958; x_wconf 84' lang='lat' dir='ltr'>electio,</span> <span class='ocrx_word' id='word_1_173' title='bbox 1967 907 2114 958; x_wconf 85' lang='lat' dir='ltr'>quippe</span> 
     </span>
     <span class='ocr_line' id='line_1_16' title="bbox 171 959 2110 1014; baseline -0.002 -12"><span class='ocrx_word' id='word_1_174' title='bbox 171 975 271 1013; x_wconf 90' lang='lat' dir='ltr'>quae</span> <span class='ocrx_word' id='word_1_175' title='bbox 311 976 385 1003; x_wconf 90' lang='lat' dir='ltr'>nec</span> <span class='ocrx_word' id='word_1_176' title='bbox 428 963 467 1002; x_wconf 91' lang='lat' dir='ltr'>in</span> <span class='ocrx_word' id='word_1_177' title='bbox 503 962 640 1014; x_wconf 86' lang='lat' dir='ltr'>nobis,</span> <span class='ocrx_word' id='word_1_178' title='bbox 668 976 742 1001; x_wconf 90' lang='lat' dir='ltr'>nec</span> <span class='ocrx_word' id='word_1_179' title='bbox 771 965 795 1001; x_wconf 79' lang='lat' dir='ltr'>a</span> <span class='ocrx_word' id='word_1_180' title='bbox 822 962 937 1000; x_wconf 89' lang='lat' dir='ltr'>nobis</span> <span class='ocrx_word' id='word_1_181' title='bbox 963 961 1235 1012; x_wconf 86' lang='lat' dir='ltr'>mutabilibus,</span> <span class='ocrx_word' id='word_1_182' title='bbox 1264 960 1333 999; x_wconf 92' lang='lat' dir='ltr'>sed</span> <span class='ocrx_word' id='word_1_183' title='bbox 1362 962 1385 997; x_wconf 73' lang='grc' dir='ltr'>ὰ</span> <span class='ocrx_word' id='word_1_184' title='bbox 1414 961 1519 1010; x_wconf 85' lang='lat' dir='ltr'>Deo,</span> <span class='ocrx_word' id='word_1_185' title='bbox 1549 961 1584 998; x_wconf 74' lang='grc' dir='ltr'>δε</span> <span class='ocrx_word' id='word_1_186' title='bbox 1614 959 1652 997; x_wconf 88' lang='grc'>111</span> <span class='ocrx_word' id='word_1_187' title='bbox 1682 962 1770 998; x_wconf 89' lang='lat' dir='ltr'>Deo</span> <span class='ocrx_word' id='word_1_188' title='bbox 1799 960 2033 999; x_wconf 86' lang='lat' dir='ltr'>immutabili</span> <span class='ocrx_word' id='word_1_189' title='bbox 2062 961 2110 999; x_wconf 88' lang='lat' dir='ltr'>sit</span> 
     </span>
     <span class='ocr_line' id='line_1_17' title="bbox 172 1016 418 1066; baseline -0.004 -11"><span class='ocrx_word' id='word_1_190' title='bbox 172 1023 255 1055; x_wconf 89' lang='lat' dir='ltr'>tota</span> <span class='ocrx_word' id='word_1_191' title='bbox 281 1016 418 1066; x_wconf 88' lang='lat' dir='ltr'>posita.</span> 
     </span>
    </p>

    <p class='ocr_par' dir='ltr' id='par_1_5' title="bbox 170 1064 2110 1384">
     <span class='ocr_line' id='line_1_18' title="bbox 227 1064 2108 1118; baseline -0.001 -12"><span class='ocrx_word' id='word_1_192' title='bbox 227 1080 260 1118; x_wconf 93' lang='lat'><strong>5.</strong></span> <span class='ocrx_word' id='word_1_193' title='bbox 319 1068 516 1118; x_wconf 88' lang='lat' dir='ltr'>Quoniam</span> <span class='ocrx_word' id='word_1_194' title='bbox 543 1076 673 1107; x_wconf 85' lang='lat' dir='ltr'>autem</span> <span class='ocrx_word' id='word_1_195' title='bbox 700 1067 893 1107; x_wconf 86' lang='lat' dir='ltr'>electione</span> <span class='ocrx_word' id='word_1_196' title='bbox 921 1069 1023 1106; x_wconf 87' lang='lat' dir='ltr'>facta</span> <span class='ocrx_word' id='word_1_197' title='bbox 1051 1073 1108 1105; x_wconf 88' lang='lat' dir='ltr'>est</span> <span class='ocrx_word' id='word_1_198' title='bbox 1135 1066 1228 1105; x_wconf 91' lang='lat' dir='ltr'>vnio</span> <span class='ocrx_word' id='word_1_199' title='bbox 1255 1064 1380 1104; x_wconf 88' lang='lat' dir='ltr'>nostri</span> <span class='ocrx_word' id='word_1_200' title='bbox 1408 1067 1444 1104; x_wconf 83' lang='lat'>&amp;</span> <span class='ocrx_word' id='word_1_201' title='bbox 1474 1065 1700 1103; x_wconf 89' lang='lat' dir='ltr'>coniunctio</span> <span class='ocrx_word' id='word_1_202' title='bbox 1716 1078 1804 1103; x_wconf 90' lang='lat' dir='ltr'>cum</span> <span class='ocrx_word' id='word_1_203' title='bbox 1820 1067 1908 1103; x_wconf 90' lang='lat' dir='ltr'>Deo</span> <span class='ocrx_word' id='word_1_204' title='bbox 1924 1065 2108 1117; x_wconf 71' lang='lat' dir='ltr'>eligente,</span> 
     </span>
     <span class='ocr_line' id='line_1_19' title="bbox 172 1117 2110 1178; baseline -0.002 -18"><span class='ocrx_word' id='word_1_205' title='bbox 172 1121 305 1172; x_wconf 87' lang='lat' dir='ltr'>aliquo</span> <span class='ocrx_word' id='word_1_206' title='bbox 333 1121 465 1161; x_wconf 89' lang='lat' dir='ltr'>medio</span> <span class='ocrx_word' id='word_1_207' title='bbox 494 1134 593 1172; x_wconf 91' lang='lat' dir='ltr'>opus</span> <span class='ocrx_word' id='word_1_208' title='bbox 621 1121 713 1172; x_wconf 91' lang='lat' dir='ltr'>fuit,</span> <span class='ocrx_word' id='word_1_209' title='bbox 741 1132 821 1170; x_wconf 90' lang='lat' dir='ltr'>quo</span> <span class='ocrx_word' id='word_1_210' title='bbox 849 1129 927 1159; x_wconf 88' lang='lat' dir='ltr'>tam</span> <span class='ocrx_word' id='word_1_211' title='bbox 957 1119 1132 1158; x_wconf 85' lang='lat' dir='ltr'>diuersae</span> <span class='ocrx_word' id='word_1_212' title='bbox 1161 1126 1321 1157; x_wconf 86' lang='lat' dir='ltr'>naturae</span> <span class='ocrx_word' id='word_1_213' title='bbox 1350 1117 1702 1168; x_wconf 89' lang='lat' dir='ltr'>coniungerentur:</span> <span class='ocrx_word' id='word_1_214' title='bbox 1732 1131 1823 1168; x_wconf 79' lang='lat' dir='ltr'>quia</span> <span class='ocrx_word' id='word_1_215' title='bbox 1837 1132 1875 1156; x_wconf 88' lang='grc'>111</span> <span class='ocrx_word' id='word_1_216' title='bbox 1892 1119 2110 1178; x_wconf 81' lang='lat' dir='ltr'>nobisipsis</span> 
     </span>
     <span class='ocr_line' id='line_1_20' title="bbox 172 1170 2110 1223; baseline -0.002 -10"><span class='ocrx_word' id='word_1_217' title='bbox 172 1187 252 1213; x_wconf 91' lang='lat' dir='ltr'>non</span> <span class='ocrx_word' id='word_1_218' title='bbox 293 1186 445 1213; x_wconf 90' lang='lat' dir='ltr'>eramus</span> <span class='ocrx_word' id='word_1_219' title='bbox 474 1181 603 1213; x_wconf 88' lang='lat' dir='ltr'>tantae</span> <span class='ocrx_word' id='word_1_220' title='bbox 631 1173 881 1212; x_wconf 86' lang='lat' dir='ltr'>excellentiae</span> <span class='ocrx_word' id='word_1_221' title='bbox 909 1185 1086 1223; x_wconf 84' lang='lat' dir='ltr'>capaces.</span> <span class='ocrx_word' id='word_1_222' title='bbox 1129 1173 1226 1211; x_wconf 88' lang='lat' dir='ltr'>Ideo</span> <span class='ocrx_word' id='word_1_223' title='bbox 1255 1170 1294 1209; x_wconf 92' lang='lat' dir='ltr'>in</span> <span class='ocrx_word' id='word_1_224' title='bbox 1324 1170 1480 1209; x_wconf 90' lang='lat' dir='ltr'>Christo</span> <span class='ocrx_word' id='word_1_225' title='bbox 1511 1170 1625 1209; x_wconf 88' lang='lat' dir='ltr'>electi</span> <span class='ocrx_word' id='word_1_226' title='bbox 1650 1182 1802 1220; x_wconf 85' lang='lat' dir='ltr'>sumus,</span> <span class='ocrx_word' id='word_1_227' title='bbox 1832 1172 1867 1208; x_wconf 71' lang='grc' dir='ltr'>δι</span> <span class='ocrx_word' id='word_1_228' title='bbox 1896 1172 2110 1220; x_wconf 76' lang='lat' dir='ltr'>priestituti</span> 
     </span>
     <span class='ocr_line' id='line_1_21' title="bbox 172 1223 2111 1278; baseline -0.002 -13"><span class='ocrx_word' id='word_1_229' title='bbox 172 1227 210 1265; x_wconf 92' lang='lat' dir='ltr'>in</span> <span class='ocrx_word' id='word_1_230' title='bbox 252 1227 504 1278; x_wconf 90' lang='lat' dir='ltr'>adoptionem</span> <span class='ocrx_word' id='word_1_231' title='bbox 541 1227 710 1266; x_wconf 86' lang='lat' dir='ltr'>filiorum</span> <span class='ocrx_word' id='word_1_232' title='bbox 737 1226 832 1264; x_wconf 90' lang='lat' dir='ltr'>Dei:</span> <span class='ocrx_word' id='word_1_233' title='bbox 862 1239 943 1264; x_wconf 88' lang='lat' dir='ltr'>non</span> <span class='ocrx_word' id='word_1_234' title='bbox 974 1233 1012 1263; x_wconf 87' lang='lat' dir='ltr'>vt</span> <span class='ocrx_word' id='word_1_235' title='bbox 1035 1236 1154 1275; x_wconf 86' lang='lat' dir='ltr'>purus</span> <span class='ocrx_word' id='word_1_236' title='bbox 1183 1227 1290 1263; x_wconf 86' lang='lat' dir='ltr'>Deus</span> <span class='ocrx_word' id='word_1_237' title='bbox 1319 1230 1399 1268; x_wconf 87' lang='lat' dir='ltr'>est</span> <span class='ocrx_word' id='word_1_238' title='bbox 1426 1224 1502 1261; x_wconf 87' lang='lat' dir='ltr'>hac</span> <span class='ocrx_word' id='word_1_239' title='bbox 1531 1223 1635 1261; x_wconf 87' lang='lat' dir='ltr'>enim</span> <span class='ocrx_word' id='word_1_240' title='bbox 1665 1223 1814 1261; x_wconf 89' lang='lat' dir='ltr'>ratione</span> <span class='ocrx_word' id='word_1_241' title='bbox 1841 1224 1924 1274; x_wconf 88' lang='lat' dir='ltr'>ipse</span> <span class='ocrx_word' id='word_1_242' title='bbox 1953 1236 2111 1274; x_wconf 86' lang='lat' dir='ltr'>quoque</span> 
     </span>
     <span class='ocr_line' id='line_1_22' title="bbox 170 1275 2110 1330; baseline -0.002 -11"><span class='ocrx_word' id='word_1_243' title='bbox 170 1293 243 1319; x_wconf 91' lang='lat' dir='ltr'>nos</span> <span class='ocrx_word' id='word_1_244' title='bbox 271 1281 404 1330; x_wconf 87' lang='lat' dir='ltr'>elegit·</span> <span class='ocrx_word' id='word_1_245' title='bbox 434 1294 506 1319; x_wconf 90' lang='lat' dir='ltr'>nec</span> <span class='ocrx_word' id='word_1_246' title='bbox 533 1287 574 1318; x_wconf 92' lang='lat' dir='ltr'>vt</span> <span class='ocrx_word' id='word_1_247' title='bbox 599 1279 763 1330; x_wconf 86' lang='lat' dir='ltr'>simplex</span> <span class='ocrx_word' id='word_1_248' title='bbox 789 1280 933 1327; x_wconf 91' lang='lat' dir='ltr'>homo,</span> <span class='ocrx_word' id='word_1_249' title='bbox 962 1277 1018 1316; x_wconf 91' lang='lat' dir='ltr'>sic</span> <span class='ocrx_word' id='word_1_250' title='bbox 1046 1277 1150 1316; x_wconf 90' lang='lat' dir='ltr'>enim</span> <span class='ocrx_word' id='word_1_251' title='bbox 1179 1277 1343 1316; x_wconf 88' lang='lat' dir='ltr'>idoneus</span> <span class='ocrx_word' id='word_1_252' title='bbox 1371 1289 1451 1314; x_wconf 93' lang='lat' dir='ltr'>non</span> <span class='ocrx_word' id='word_1_253' title='bbox 1480 1283 1581 1314; x_wconf 86' lang='lat' dir='ltr'>esset</span> <span class='ocrx_word' id='word_1_254' title='bbox 1611 1275 1647 1314; x_wconf 84' lang='lat' dir='ltr'>in</span> <span class='ocrx_word' id='word_1_255' title='bbox 1672 1287 1751 1326; x_wconf 87' lang='lat' dir='ltr'>quo</span> <span class='ocrx_word' id='word_1_256' title='bbox 1767 1276 2017 1326; x_wconf 77' lang='lat' dir='ltr'>eligeremur:</span> <span class='ocrx_word' id='word_1_257' title='bbox 2042 1278 2110 1316; x_wconf 87' lang='lat' dir='ltr'>sed</span> 
     </span>
     <span class='ocr_line' id='line_1_23' title="bbox 171 1330 1976 1384; baseline -0.003 -13"><span class='ocrx_word' id='word_1_258' title='bbox 171 1335 248 1383; x_wconf 78' lang='lat' dir='ltr'>qua</span> <span class='ocrx_word' id='word_1_259' title='bbox 276 1335 539 1384; x_wconf 69' lang='grc' dir='ltr'>θεοίνθρωπος,</span> <span class='ocrx_word' id='word_1_260' title='bbox 567 1340 684 1383; x_wconf 88' lang='lat' dir='ltr'>caput</span> <span class='ocrx_word' id='word_1_261' title='bbox 711 1339 910 1380; x_wconf 89' lang='lat' dir='ltr'>nostrum,</span> <span class='ocrx_word' id='word_1_262' title='bbox 939 1332 974 1369; x_wconf 86' lang='lat'>&amp;</span> <span class='ocrx_word' id='word_1_263' title='bbox 1003 1330 1196 1369; x_wconf 89' lang='lat' dir='ltr'>mediator</span> <span class='ocrx_word' id='word_1_264' title='bbox 1222 1336 1356 1368; x_wconf 90' lang='lat' dir='ltr'>noster</span> <span class='ocrx_word' id='word_1_265' title='bbox 1383 1336 1564 1367; x_wconf 90' lang='lat' dir='ltr'>aeternus</span> <span class='ocrx_word' id='word_1_266' title='bbox 1592 1336 1663 1368; x_wconf 87' lang='lat' dir='ltr'>est.</span> <span class='ocrx_word' id='word_1_267' title='bbox 1701 1330 1844 1380; x_wconf 78' lang='lat' dir='ltr'>Eplzes.</span> <span class='ocrx_word' id='word_1_268' title='bbox 1879 1344 1911 1367; x_wconf 92' lang='lat'>1.</span> <span class='ocrx_word' id='word_1_269' title='bbox 1941 1343 1976 1376; x_wconf 93' lang='lat'>4.</span> 
     </span>
    </p>

    <p class='ocr_par' dir='ltr' id='par_1_6' title="bbox 167 1382 2112 1699">
     <span class='ocr_line' id='line_1_24' title="bbox 224 1382 2112 1434; baseline -0.001 -11"><span class='ocrx_word' id='word_1_270' title='bbox 224 1387 261 1423; x_wconf 91' lang='lat'>6.</span> <span class='ocrx_word' id='word_1_271' title='bbox 318 1386 507 1434; x_wconf 87' lang='lat' dir='ltr'>Quamuis</span> <span class='ocrx_word' id='word_1_272' title='bbox 547 1393 676 1424; x_wconf 88' lang='lat' dir='ltr'>autem</span> <span class='ocrx_word' id='word_1_273' title='bbox 718 1390 913 1434; x_wconf 88' lang='lat' dir='ltr'>quotquot</span> <span class='ocrx_word' id='word_1_274' title='bbox 951 1383 1002 1421; x_wconf 88' lang='lat' dir='ltr'>ad</span> <span class='ocrx_word' id='word_1_275' title='bbox 1046 1383 1166 1422; x_wconf 89' lang='lat' dir='ltr'>vitam</span> <span class='ocrx_word' id='word_1_276' title='bbox 1206 1390 1406 1421; x_wconf 88' lang='lat' dir='ltr'>aeternam</span> <span class='ocrx_word' id='word_1_277' title='bbox 1449 1382 1727 1432; x_wconf 80' lang='lat' dir='ltr'>praedestinati</span> <span class='ocrx_word' id='word_1_278' title='bbox 1768 1389 1877 1430; x_wconf 82' lang='lat' dir='ltr'>sunt,</span> <span class='ocrx_word' id='word_1_279' title='bbox 1908 1383 2112 1429; x_wconf 83' lang='lat' dir='ltr'>absolute,</span> 
     </span>
     <span class='ocr_line' id='line_1_25' title="bbox 172 1435 2111 1494; baseline -0.001 -18"><span class='ocrx_word' id='word_1_280' title='bbox 172 1437 398 1489; x_wconf 90' lang='lat' dir='ltr'>simpliciter</span> <span class='ocrx_word' id='word_1_281' title='bbox 426 1439 461 1476; x_wconf 75' lang='lat'>81</span> <span class='ocrx_word' id='word_1_282' title='bbox 488 1437 779 1477; x_wconf 87' lang='lat' dir='ltr'>immutabiliter</span> <span class='ocrx_word' id='word_1_283' title='bbox 806 1436 1082 1487; x_wconf 87' lang='lat' dir='ltr'>praedestinati</span> <span class='ocrx_word' id='word_1_284' title='bbox 1118 1436 1215 1487; x_wconf 89' lang='lat' dir='ltr'>sint,</span> <span class='ocrx_word' id='word_1_285' title='bbox 1244 1442 1333 1474; x_wconf 91' lang='lat' dir='ltr'>sunt</span> <span class='ocrx_word' id='word_1_286' title='bbox 1360 1442 1491 1474; x_wconf 88' lang='lat' dir='ltr'>tamen</span> <span class='ocrx_word' id='word_1_287' title='bbox 1521 1442 1627 1473; x_wconf 89' lang='lat' dir='ltr'>certa</span> <span class='ocrx_word' id='word_1_288' title='bbox 1656 1437 1798 1494; x_wconf 76' lang='lat' dir='ltr'>medza,</span> <span class='ocrx_word' id='word_1_289' title='bbox 1831 1435 1973 1484; x_wconf 89' lang='lat' dir='ltr'>quibus</span> <span class='ocrx_word' id='word_1_290' title='bbox 2002 1437 2111 1474; x_wconf 90' lang='lat' dir='ltr'>Deus</span> 
     </span>
     <span class='ocr_line' id='line_1_26' title="bbox 171 1487 2108 1540; baseline -0.002 -10"><span class='ocrx_word' id='word_1_291' title='bbox 171 1503 263 1530; x_wconf 90' lang='lat' dir='ltr'>suos</span> <span class='ocrx_word' id='word_1_292' title='bbox 303 1491 449 1530; x_wconf 89' lang='lat' dir='ltr'>electos</span> <span class='ocrx_word' id='word_1_293' title='bbox 489 1491 539 1529; x_wconf 91' lang='lat' dir='ltr'>ad</span> <span class='ocrx_word' id='word_1_294' title='bbox 567 1492 730 1529; x_wconf 87' lang='lat' dir='ltr'>salutem</span> <span class='ocrx_word' id='word_1_295' title='bbox 758 1489 954 1540; x_wconf 88' lang='lat' dir='ltr'>perducit.</span> <span class='ocrx_word' id='word_1_296' title='bbox 985 1491 1021 1528; x_wconf 70' lang='grc' dir='ltr'>δι</span> <span class='ocrx_word' id='word_1_297' title='bbox 1050 1488 1273 1539; x_wconf 88' lang='lat' dir='ltr'>quicunque</span> <span class='ocrx_word' id='word_1_298' title='bbox 1302 1487 1354 1526; x_wconf 85' lang='lat' dir='ltr'>ad</span> <span class='ocrx_word' id='word_1_299' title='bbox 1381 1489 1500 1526; x_wconf 87' lang='lat' dir='ltr'>finem</span> <span class='ocrx_word' id='word_1_300' title='bbox 1526 1488 1635 1526; x_wconf 82' lang='lat' dir='ltr'>illurn</span> <span class='ocrx_word' id='word_1_301' title='bbox 1664 1501 1731 1527; x_wconf 91' lang='lat' dir='ltr'>seu</span> <span class='ocrx_word' id='word_1_302' title='bbox 1760 1488 1880 1526; x_wconf 88' lang='lat' dir='ltr'>vitam</span> <span class='ocrx_word' id='word_1_303' title='bbox 1908 1496 2108 1527; x_wconf 87' lang='lat' dir='ltr'>aeternam</span> 
     </span>
     <span class='ocr_line' id='line_1_27' title="bbox 168 1540 2106 1600; baseline -0.002 -18"><span class='ocrx_word' id='word_1_304' title='bbox 168 1543 282 1582; x_wconf 89' lang='lat' dir='ltr'>electi</span> <span class='ocrx_word' id='word_1_305' title='bbox 321 1550 431 1594; x_wconf 87' lang='lat' dir='ltr'>sunt,</span> <span class='ocrx_word' id='word_1_306' title='bbox 473 1542 496 1592; x_wconf 89' lang='lat' dir='ltr'>ij</span> <span class='ocrx_word' id='word_1_307' title='bbox 527 1543 644 1582; x_wconf 87' lang='lat' dir='ltr'>etiam</span> <span class='ocrx_word' id='word_1_308' title='bbox 673 1556 809 1581; x_wconf 90' lang='lat' dir='ltr'>omnes</span> <span class='ocrx_word' id='word_1_309' title='bbox 837 1543 889 1581; x_wconf 88' lang='lat' dir='ltr'>ad</span> <span class='ocrx_word' id='word_1_310' title='bbox 917 1542 980 1581; x_wconf 90' lang='lat' dir='ltr'>illa</span> <span class='ocrx_word' id='word_1_311' title='bbox 1009 1542 1139 1581; x_wconf 89' lang='lat' dir='ltr'>media</span> <span class='ocrx_word' id='word_1_312' title='bbox 1167 1542 1250 1581; x_wconf 89' lang='lat' dir='ltr'>sine</span> <span class='ocrx_word' id='word_1_313' title='bbox 1278 1540 1420 1600; x_wconf 80' lang='lat' dir='ltr'>quibus</span> <span class='ocrx_word' id='word_1_314' title='bbox 1449 1543 1566 1580; x_wconf 87' lang='lat' dir='ltr'>finem</span> <span class='ocrx_word' id='word_1_315' title='bbox 1594 1541 1785 1591; x_wconf 90' lang='lat' dir='ltr'>consequi</span> <span class='ocrx_word' id='word_1_316' title='bbox 1812 1554 1894 1580; x_wconf 90' lang='lat' dir='ltr'>non</span> <span class='ocrx_word' id='word_1_317' title='bbox 1922 1548 2106 1591; x_wconf 82' lang='lat' dir='ltr'>possunt,</span> 
     </span>
     <span class='ocr_line' id='line_1_28' title="bbox 168 1594 2108 1647; baseline -0.002 -12"><span class='ocrx_word' id='word_1_318' title='bbox 168 1597 281 1635; x_wconf 88' lang='lat' dir='ltr'>electi</span> <span class='ocrx_word' id='word_1_319' title='bbox 321 1603 428 1647; x_wconf 91' lang='lat' dir='ltr'>sunt,</span> <span class='ocrx_word' id='word_1_320' title='bbox 469 1596 521 1635; x_wconf 91' lang='lat' dir='ltr'>ita</span> <span class='ocrx_word' id='word_1_321' title='bbox 553 1604 595 1634; x_wconf 92' lang='lat' dir='ltr'>vt</span> <span class='ocrx_word' id='word_1_322' title='bbox 624 1608 815 1646; x_wconf 89' lang='lat' dir='ltr'>nusquam</span> <span class='ocrx_word' id='word_1_323' title='bbox 843 1596 895 1634; x_wconf 89' lang='lat' dir='ltr'>ad</span> <span class='ocrx_word' id='word_1_324' title='bbox 922 1597 1040 1634; x_wconf 89' lang='lat' dir='ltr'>finem</span> <span class='ocrx_word' id='word_1_325' title='bbox 1069 1595 1318 1645; x_wconf 90' lang='lat' dir='ltr'>perueniant,</span> <span class='ocrx_word' id='word_1_326' title='bbox 1351 1594 1417 1644; x_wconf 90' lang='lat' dir='ltr'>qui</span> <span class='ocrx_word' id='word_1_327' title='bbox 1447 1608 1515 1644; x_wconf 89' lang='lat' dir='ltr'>per</span> <span class='ocrx_word' id='word_1_328' title='bbox 1544 1594 1674 1633; x_wconf 88' lang='lat' dir='ltr'>media</span> <span class='ocrx_word' id='word_1_329' title='bbox 1701 1595 1752 1632; x_wconf 85' lang='lat' dir='ltr'>ad</span> <span class='ocrx_word' id='word_1_330' title='bbox 1780 1596 1898 1632; x_wconf 89' lang='lat' dir='ltr'>finem</span> <span class='ocrx_word' id='word_1_331' title='bbox 1927 1594 2108 1633; x_wconf 87' lang='lat' dir='ltr'>ordinata</span> 
     </span>
     <span class='ocr_line' id='line_1_29' title="bbox 167 1647 1946 1699; baseline -0.001 -12"><span class='ocrx_word' id='word_1_332' title='bbox 167 1662 248 1688; x_wconf 89' lang='lat' dir='ltr'>non</span> <span class='ocrx_word' id='word_1_333' title='bbox 275 1650 487 1688; x_wconf 83' lang='lat' dir='ltr'>ambulant.</span> <span class='ocrx_word' id='word_1_334' title='bbox 529 1650 632 1687; x_wconf 84' lang='lat' dir='ltr'>Nam</span> <span class='ocrx_word' id='word_1_335' title='bbox 661 1650 696 1687; x_wconf 90' lang='lat'>&amp;</span> <span class='ocrx_word' id='word_1_336' title='bbox 724 1648 888 1699; x_wconf 87' lang='lat' dir='ltr'>gratiam</span> <span class='ocrx_word' id='word_1_337' title='bbox 913 1648 1021 1699; x_wconf 90' lang='lat' dir='ltr'>viae,</span> <span class='ocrx_word' id='word_1_338' title='bbox 1049 1649 1086 1686; x_wconf 68' lang='grc' dir='ltr'>δι</span> <span class='ocrx_word' id='word_1_339' title='bbox 1113 1649 1280 1699; x_wconf 88' lang='lat' dir='ltr'>gloriam</span> <span class='ocrx_word' id='word_1_340' title='bbox 1309 1654 1435 1688; x_wconf 78' lang='lat' dir='ltr'>metae</span> <span class='ocrx_word' id='word_1_341' title='bbox 1463 1647 1599 1686; x_wconf 88' lang='lat' dir='ltr'>vnicus</span> <span class='ocrx_word' id='word_1_342' title='bbox 1630 1654 1799 1697; x_wconf 76' lang='lat' dir='ltr'>praestat</span> <span class='ocrx_word' id='word_1_343' title='bbox 1829 1649 1946 1686; x_wconf 87' lang='lat' dir='ltr'>Deus.</span> 
     </span>
    </p>

    <p class='ocr_par' dir='ltr' id='par_1_7' title="bbox 167 1700 2113 2229">
     <span class='ocr_line' id='line_1_30' title="bbox 220 1700 2109 1753; baseline -0.001 -13"><span class='ocrx_word' id='word_1_344' title='bbox 220 1714 254 1751; x_wconf 90' lang='lat'>7.</span> <span class='ocrx_word' id='word_1_345' title='bbox 309 1702 454 1741; x_wconf 86' lang='lat' dir='ltr'>Omnia</span> <span class='ocrx_word' id='word_1_346' title='bbox 480 1709 632 1750; x_wconf 89' lang='lat' dir='ltr'>autem,</span> <span class='ocrx_word' id='word_1_347' title='bbox 661 1709 740 1741; x_wconf 90' lang='lat' dir='ltr'>tam</span> <span class='ocrx_word' id='word_1_348' title='bbox 768 1702 857 1741; x_wconf 84' lang='lat' dir='ltr'>finis</span> <span class='ocrx_word' id='word_1_349' title='bbox 886 1705 1005 1752; x_wconf 76' lang='lat' dir='ltr'>quam</span> <span class='ocrx_word' id='word_1_350' title='bbox 1035 1702 1184 1753; x_wconf 87' lang='lat' dir='ltr'>media,</span> <span class='ocrx_word' id='word_1_351' title='bbox 1214 1703 1353 1751; x_wconf 80' lang='lat' dir='ltr'>effecta</span> <span class='ocrx_word' id='word_1_352' title='bbox 1381 1708 1471 1739; x_wconf 92' lang='lat' dir='ltr'>sunt</span> <span class='ocrx_word' id='word_1_353' title='bbox 1500 1700 1716 1740; x_wconf 89' lang='lat' dir='ltr'>electionis.</span> <span class='ocrx_word' id='word_1_354' title='bbox 1744 1702 1814 1738; x_wconf 85' lang='lat' dir='ltr'>Est</span> <span class='ocrx_word' id='word_1_355' title='bbox 1829 1701 1933 1739; x_wconf 90' lang='lat' dir='ltr'>enim</span> <span class='ocrx_word' id='word_1_356' title='bbox 1950 1708 2109 1739; x_wconf 85' lang='lat' dir='ltr'>aeterna</span> 
     </span>
     <span class='ocr_line' id='line_1_31' title="bbox 168 1753 2108 1794; baseline -0.001 -1"><span class='ocrx_word' id='word_1_357' title='bbox 168 1754 472 1794; x_wconf 81' lang='lat' dir='ltr'>Praedestinatio</span> <span class='ocrx_word' id='word_1_358' title='bbox 501 1755 678 1794; x_wconf 90' lang='lat' dir='ltr'>omnium</span> <span class='ocrx_word' id='word_1_359' title='bbox 707 1754 783 1793; x_wconf 88' lang='lat' dir='ltr'>Dei</span> <span class='ocrx_word' id='word_1_360' title='bbox 811 1755 1074 1794; x_wconf 88' lang='lat' dir='ltr'>saluificorum</span> <span class='ocrx_word' id='word_1_361' title='bbox 1102 1755 1385 1794; x_wconf 75' lang='lat' dir='ltr'>beneficiorum</span> <span class='ocrx_word' id='word_1_362' title='bbox 1413 1755 1501 1792; x_wconf 85' lang='lat' dir='ltr'>fons</span> <span class='ocrx_word' id='word_1_363' title='bbox 1529 1755 1565 1792; x_wconf 88' lang='lat'>&amp;</span> <span class='ocrx_word' id='word_1_364' title='bbox 1593 1754 1902 1792; x_wconf 89' lang='lat' dir='ltr'>fundamentum.</span> <span class='ocrx_word' id='word_1_365' title='bbox 1935 1753 2108 1792; x_wconf 88' lang='lat' dir='ltr'>Primum</span> 
     </span>
     <span class='ocr_line' id='line_1_32' title="bbox 169 1806 2111 1858; baseline -0.001 -12"><span class='ocrx_word' id='word_1_366' title='bbox 169 1807 244 1846; x_wconf 92' lang='lat' dir='ltr'>Dei</span> <span class='ocrx_word' id='word_1_367' title='bbox 270 1807 504 1847; x_wconf 89' lang='lat' dir='ltr'>beneficium</span> <span class='ocrx_word' id='word_1_368' title='bbox 532 1809 568 1846; x_wconf 88' lang='lat'>&amp;</span> <span class='ocrx_word' id='word_1_369' title='bbox 592 1807 793 1847; x_wconf 89' lang='lat' dir='ltr'>electionis</span> <span class='ocrx_word' id='word_1_370' title='bbox 820 1808 1024 1857; x_wconf 84' lang='lat' dir='ltr'>effectum,</span> <span class='ocrx_word' id='word_1_371' title='bbox 1047 1814 1122 1855; x_wconf 86' lang='lat' dir='ltr'>cst,</span> <span class='ocrx_word' id='word_1_372' title='bbox 1146 1809 1253 1858; x_wconf 80' lang='lat' dir='ltr'>quod</span> <span class='ocrx_word' id='word_1_373' title='bbox 1271 1808 1447 1847; x_wconf 81' lang='lat' dir='ltr'>Christus</span> <span class='ocrx_word' id='word_1_374' title='bbox 1463 1818 1552 1845; x_wconf 90' lang='lat' dir='ltr'>cum</span> <span class='ocrx_word' id='word_1_375' title='bbox 1568 1806 1685 1856; x_wconf 90' lang='lat' dir='ltr'>ipsius</span> <span class='ocrx_word' id='word_1_376' title='bbox 1702 1806 1850 1845; x_wconf 89' lang='lat' dir='ltr'>scilicet</span> <span class='ocrx_word' id='word_1_377' title='bbox 1867 1806 2111 1852; x_wconf 86' lang='lat' dir='ltr'>obedientia,</span> 
     </span>
     <span class='ocr_line' id='line_1_33' title="bbox 171 1859 2113 1912; baseline -0.001 -12"><span class='ocrx_word' id='word_1_378' title='bbox 171 1859 336 1912; x_wconf 89' lang='lat' dir='ltr'>meritis,</span> <span class='ocrx_word' id='word_1_379' title='bbox 378 1868 524 1911; x_wconf 89' lang='lat' dir='ltr'>morte,</span> <span class='ocrx_word' id='word_1_380' title='bbox 567 1860 871 1909; x_wconf 90' lang='lat' dir='ltr'>resurrectione,</span> <span class='ocrx_word' id='word_1_381' title='bbox 913 1861 1058 1911; x_wconf 86' lang='lat' dir='ltr'>gloria,</span> <span class='ocrx_word' id='word_1_382' title='bbox 1100 1861 1213 1899; x_wconf 87' lang='lat' dir='ltr'>datus</span> <span class='ocrx_word' id='word_1_383' title='bbox 1241 1869 1297 1900; x_wconf 85' lang='lat' dir='ltr'>est</span> <span class='ocrx_word' id='word_1_384' title='bbox 1324 1859 1461 1909; x_wconf 88' lang='lat' dir='ltr'>nobis,</span> <span class='ocrx_word' id='word_1_385' title='bbox 1490 1860 1525 1897; x_wconf 67' lang='grc' dir='ltr'>δι</span> <span class='ocrx_word' id='word_1_386' title='bbox 1553 1873 1626 1898; x_wconf 87' lang='grc'>1105</span> <span class='ocrx_word' id='word_1_387' title='bbox 1652 1859 1744 1910; x_wconf 89' lang='lat' dir='ltr'>ipsi,</span> <span class='ocrx_word' id='word_1_388' title='bbox 1773 1859 2007 1898; x_wconf 86' lang='lat' dir='ltr'>constitutus</span> <span class='ocrx_word' id='word_1_389' title='bbox 2036 1873 2113 1898; x_wconf 87' lang='lat' dir='ltr'>me-</span> 
     </span>
     <span class='ocr_line' id='line_1_34' title="bbox 169 1913 2112 1963; baseline -0.001 -11"><span class='ocrx_word' id='word_1_390' title='bbox 169 1913 297 1952; x_wconf 89' lang='lat' dir='ltr'>diator</span> <span class='ocrx_word' id='word_1_391' title='bbox 337 1913 436 1953; x_wconf 91' lang='lat' dir='ltr'>inter</span> <span class='ocrx_word' id='word_1_392' title='bbox 475 1915 605 1953; x_wconf 90' lang='lat' dir='ltr'>Deum</span> <span class='ocrx_word' id='word_1_393' title='bbox 645 1916 799 1953; x_wconf 90' lang='lat' dir='ltr'>Patrem</span> <span class='ocrx_word' id='word_1_394' title='bbox 839 1916 875 1953; x_wconf 66' lang='grc'>81</span> <span class='ocrx_word' id='word_1_395' title='bbox 915 1927 1006 1963; x_wconf 88' lang='grc'>1105,</span> <span class='ocrx_word' id='word_1_396' title='bbox 1035 1915 1071 1952; x_wconf 86' lang='lat'>&amp;</span> <span class='ocrx_word' id='word_1_397' title='bbox 1099 1921 1217 1963; x_wconf 90' lang='lat' dir='ltr'>caput</span> <span class='ocrx_word' id='word_1_398' title='bbox 1246 1914 1423 1953; x_wconf 90' lang='lat' dir='ltr'>omnium</span> <span class='ocrx_word' id='word_1_399' title='bbox 1452 1913 1686 1963; x_wconf 87' lang='lat' dir='ltr'>electorum,</span> <span class='ocrx_word' id='word_1_400' title='bbox 1714 1914 1829 1951; x_wconf 78' lang='lat' dir='ltr'><strong>loan.</strong></span> <span class='ocrx_word' id='word_1_401' title='bbox 1860 1927 1895 1961; x_wconf 86' lang='lat'>3.</span> <span class='ocrx_word' id='word_1_402' title='bbox 1932 1914 1989 1950; x_wconf 93' lang='lat'>16.</span> <span class='ocrx_word' id='word_1_403' title='bbox 2037 1914 2112 1951; x_wconf 82' lang='lat' dir='ltr'>Per</span> 
     </span>
     <span class='ocr_line' id='line_1_35' title="bbox 167 1965 2107 2018; baseline -0.001 -13"><span class='ocrx_word' id='word_1_404' title='bbox 167 1966 365 2006; x_wconf 86' lang='lat' dir='ltr'>Christum</span> <span class='ocrx_word' id='word_1_405' title='bbox 392 1974 522 2005; x_wconf 89' lang='lat' dir='ltr'>autem</span> <span class='ocrx_word' id='word_1_406' title='bbox 551 1967 698 2018; x_wconf 88' lang='lat' dir='ltr'>reliqua</span> <span class='ocrx_word' id='word_1_407' title='bbox 726 1966 859 2006; x_wconf 89' lang='lat' dir='ltr'>omnia</span> <span class='ocrx_word' id='word_1_408' title='bbox 886 1967 1250 2017; x_wconf 88' lang='lat' dir='ltr'>praedestinationis</span> <span class='ocrx_word' id='word_1_409' title='bbox 1279 1968 1419 2005; x_wconf 87' lang='lat' dir='ltr'>effecta</span> <span class='ocrx_word' id='word_1_410' title='bbox 1446 1965 1485 2004; x_wconf 92' lang='lat' dir='ltr'>in</span> <span class='ocrx_word' id='word_1_411' title='bbox 1513 1979 1587 2005; x_wconf 89' lang='lat' dir='ltr'>nos</span> <span class='ocrx_word' id='word_1_412' title='bbox 1615 1966 1948 2004; x_wconf 84' lang='lat' dir='ltr'>transfunduntur.</span> <span class='ocrx_word' id='word_1_413' title='bbox 1993 1967 2107 2003; x_wconf 88' lang='lat' dir='ltr'>Haec</span> 
     </span>
     <span class='ocr_line' id='line_1_36' title="bbox 170 2019 2112 2071; baseline -0.002 -12"><span class='ocrx_word' id='word_1_414' title='bbox 170 2021 241 2059; x_wconf 88' lang='lat' dir='ltr'>tria</span> <span class='ocrx_word' id='word_1_415' title='bbox 280 2027 369 2058; x_wconf 90' lang='lat' dir='ltr'>sunt</span> <span class='ocrx_word' id='word_1_416' title='bbox 410 2019 618 2071; x_wconf 90' lang='lat' dir='ltr'>praecipua</span> <span class='ocrx_word' id='word_1_417' title='bbox 650 2033 751 2071; x_wconf 88' lang='lat' dir='ltr'>quae</span> <span class='ocrx_word' id='word_1_418' title='bbox 778 2021 829 2058; x_wconf 92' lang='lat' dir='ltr'>ab</span> <span class='ocrx_word' id='word_1_419' title='bbox 859 2022 1054 2070; x_wconf 92' lang='lat' dir='ltr'>Apostolo</span> <span class='ocrx_word' id='word_1_420' title='bbox 1083 2020 1221 2058; x_wconf 91' lang='lat' dir='ltr'>ordine</span> <span class='ocrx_word' id='word_1_421' title='bbox 1250 2025 1537 2059; x_wconf 84' lang='lat' dir='ltr'>enumerantur.</span> <span class='ocrx_word' id='word_1_422' title='bbox 1580 2021 1692 2057; x_wconf 81' lang='lat' dir='ltr'><strong>Rom.</strong></span> <span class='ocrx_word' id='word_1_423' title='bbox 1722 2021 1757 2056; x_wconf 87' lang='grc'>8.</span> <span class='ocrx_word' id='word_1_424' title='bbox 1791 2032 1854 2068; x_wconf 82' lang='lat'>30.</span> <span class='ocrx_word' id='word_1_425' title='bbox 1889 2032 1921 2056; x_wconf 95' lang='lat'>1.</span> <span class='ocrx_word' id='word_1_426' title='bbox 1966 2020 2112 2056; x_wconf 87' lang='lat' dir='ltr'>Efficax</span> 
     </span>
     <span class='ocr_line' id='line_1_37' title="bbox 170 2071 2109 2122; baseline -0.002 -11"><span class='ocrx_word' id='word_1_427' title='bbox 170 2072 325 2112; x_wconf 86' lang='lat' dir='ltr'>vocatio</span> <span class='ocrx_word' id='word_1_428' title='bbox 361 2073 412 2112; x_wconf 89' lang='lat' dir='ltr'>ad</span> <span class='ocrx_word' id='word_1_429' title='bbox 439 2073 649 2112; x_wconf 91' lang='lat' dir='ltr'>Christum.</span> <span class='ocrx_word' id='word_1_430' title='bbox 696 2087 729 2111; x_wconf 91' lang='lat'>2.</span> <span class='ocrx_word' id='word_1_431' title='bbox 757 2072 998 2112; x_wconf 90' lang='lat' dir='ltr'>Iustificatio.</span> <span class='ocrx_word' id='word_1_432' title='bbox 1028 2086 1064 2122; x_wconf 89' lang='lat'>3.</span> <span class='ocrx_word' id='word_1_433' title='bbox 1095 2072 1351 2112; x_wconf 88' lang='lat' dir='ltr'>Glorificatio.</span> <span class='ocrx_word' id='word_1_434' title='bbox 1396 2074 1492 2111; x_wconf 90' lang='lat' dir='ltr'>Sunt</span> <span class='ocrx_word' id='word_1_435' title='bbox 1520 2079 1651 2110; x_wconf 85' lang='lat' dir='ltr'>autem</span> <span class='ocrx_word' id='word_1_436' title='bbox 1679 2073 1821 2110; x_wconf 81' lang='lat' dir='ltr'>effecta</span> <span class='ocrx_word' id='word_1_437' title='bbox 1848 2071 2109 2121; x_wconf 87' lang='lat' dir='ltr'>praedestina-</span> 
     </span>
     <span class='ocr_line' id='line_1_38' title="bbox 173 2124 2110 2176; baseline -0.002 -12"><span class='ocrx_word' id='word_1_438' title='bbox 173 2125 288 2165; x_wconf 89' lang='lat' dir='ltr'>tionis</span> <span class='ocrx_word' id='word_1_439' title='bbox 315 2125 368 2164; x_wconf 88' lang='lat' dir='ltr'>ita</span> <span class='ocrx_word' id='word_1_440' title='bbox 396 2125 494 2165; x_wconf 91' lang='lat' dir='ltr'>inter</span> <span class='ocrx_word' id='word_1_441' title='bbox 520 2139 561 2165; x_wconf 92' lang='lat' dir='ltr'>se</span> <span class='ocrx_word' id='word_1_442' title='bbox 589 2125 789 2176; x_wconf 87' lang='lat' dir='ltr'>ordinata,</span> <span class='ocrx_word' id='word_1_443' title='bbox 817 2133 858 2164; x_wconf 88' lang='lat' dir='ltr'>vt</span> <span class='ocrx_word' id='word_1_444' title='bbox 883 2126 1014 2176; x_wconf 93' lang='lat' dir='ltr'>priora</span> <span class='ocrx_word' id='word_1_445' title='bbox 1043 2128 1078 2165; x_wconf 71' lang='grc' dir='ltr'>δι</span> <span class='ocrx_word' id='word_1_446' title='bbox 1105 2125 1378 2176; x_wconf 86' lang='lat' dir='ltr'>praecedentia</span> <span class='ocrx_word' id='word_1_447' title='bbox 1407 2132 1448 2164; x_wconf 91' lang='lat' dir='ltr'>vt</span> <span class='ocrx_word' id='word_1_448' title='bbox 1470 2126 1654 2174; x_wconf 89' lang='lat' dir='ltr'>pleraque</span> <span class='ocrx_word' id='word_1_449' title='bbox 1678 2125 1753 2163; x_wconf 89' lang='lat' dir='ltr'>sint</span> <span class='ocrx_word' id='word_1_450' title='bbox 1776 2136 1917 2162; x_wconf 88' lang='lat' dir='ltr'>causae</span> <span class='ocrx_word' id='word_1_451' title='bbox 1942 2124 2110 2162; x_wconf 85' lang='lat' dir='ltr'>efficien-</span> 
     </span>
     <span class='ocr_line' id='line_1_39' title="bbox 171 2178 1816 2229; baseline -0.002 -11"><span class='ocrx_word' id='word_1_452' title='bbox 171 2187 249 2229; x_wconf 88' lang='lat' dir='ltr'>tes,</span> <span class='ocrx_word' id='word_1_453' title='bbox 277 2180 339 2218; x_wconf 92' lang='lat' dir='ltr'>vel</span> <span class='ocrx_word' id='word_1_454' title='bbox 365 2179 495 2229; x_wconf 89' lang='lat' dir='ltr'>potius</span> <span class='ocrx_word' id='word_1_455' title='bbox 522 2178 834 2218; x_wconf 84' lang='lat' dir='ltr'>instrumentales</span> <span class='ocrx_word' id='word_1_456' title='bbox 863 2179 1122 2229; x_wconf 88' lang='lat' dir='ltr'>posteriorum</span> <span class='ocrx_word' id='word_1_457' title='bbox 1152 2182 1187 2218; x_wconf 68' lang='grc' dir='ltr'>δε</span> <span class='ocrx_word' id='word_1_458' title='bbox 1217 2178 1527 2229; x_wconf 85' lang='lat' dir='ltr'>insequentium,</span> <span class='ocrx_word' id='word_1_459' title='bbox 1555 2191 1634 2216; x_wconf 91' lang='lat' dir='ltr'>non</span> <span class='ocrx_word' id='word_1_460' title='bbox 1667 2184 1816 2216; x_wconf 87' lang='lat' dir='ltr'>contra.</span> 
     </span>
    </p>

    <p class='ocr_par' dir='ltr' id='par_1_8' title="bbox 173 2229 2109 2852">
     <span class='ocr_line' id='line_1_40' title="bbox 228 2229 2105 2282; baseline -0.001 -12"><span class='ocrx_word' id='word_1_461' title='bbox 228 2235 265 2270; x_wconf 89' lang='lat'>8.</span> <span class='ocrx_word' id='word_1_462' title='bbox 325 2232 515 2271; x_wconf 82' lang='lat' dir='ltr'>Obiectum</span> <span class='ocrx_word' id='word_1_463' title='bbox 560 2232 762 2271; x_wconf 89' lang='lat' dir='ltr'>electionis</span> <span class='ocrx_word' id='word_1_464' title='bbox 805 2237 894 2271; x_wconf 79' lang='lat' dir='ltr'>sunt</span> <span class='ocrx_word' id='word_1_465' title='bbox 935 2232 1135 2278; x_wconf 73' lang='lat' dir='ltr'>homines,</span> <span class='ocrx_word' id='word_1_466' title='bbox 1171 2245 1252 2270; x_wconf 90' lang='lat' dir='ltr'>non</span> <span class='ocrx_word' id='word_1_467' title='bbox 1280 2244 1417 2271; x_wconf 90' lang='lat' dir='ltr'>omnes</span> <span class='ocrx_word' id='word_1_468' title='bbox 1445 2233 1481 2270; x_wconf 89' lang='lat'>&amp;</span> <span class='ocrx_word' id='word_1_469' title='bbox 1508 2230 1671 2282; x_wconf 87' lang='lat' dir='ltr'>singuli,</span> <span class='ocrx_word' id='word_1_470' title='bbox 1699 2231 1769 2269; x_wconf 90' lang='lat' dir='ltr'>sed</span> <span class='ocrx_word' id='word_1_471' title='bbox 1796 2230 1931 2281; x_wconf 85' lang='lat' dir='ltr'>pauci,</span> <span class='ocrx_word' id='word_1_472' title='bbox 1958 2229 1989 2268; x_wconf 93' lang='lat' dir='ltr'>si</span> <span class='ocrx_word' id='word_1_473' title='bbox 2016 2241 2105 2268; x_wconf 89' lang='lat' dir='ltr'>cum</span> 
     </span>
     <span class='ocr_line' id='line_1_41' title="bbox 173 2285 2107 2336; baseline -0.001 -13"><span class='ocrx_word' id='word_1_474' title='bbox 173 2298 318 2336; x_wconf 87' lang='lat' dir='ltr'>magno</span> <span class='ocrx_word' id='word_1_475' title='bbox 357 2287 617 2335; x_wconf 88' lang='lat' dir='ltr'>reproborum</span> <span class='ocrx_word' id='word_1_476' title='bbox 657 2297 821 2324; x_wconf 90' lang='lat' dir='ltr'>numero</span> <span class='ocrx_word' id='word_1_477' title='bbox 863 2285 1584 2333; x_wconf 61' lang='lat' dir='ltr'>conferantur.Mattlz.7.14.&amp;0</span> <span class='ocrx_word' id='word_1_478' title='bbox 1614 2285 1766 2322; x_wconf 89' lang='lat'><strong>20.16.</strong></span> <span class='ocrx_word' id='word_1_479' title='bbox 1809 2285 1958 2321; x_wconf 91' lang='lat' dir='ltr'>Eorum</span> <span class='ocrx_word' id='word_1_480' title='bbox 1987 2286 2045 2332; x_wconf 93' lang='lat' dir='ltr'>(vt</span> <span class='ocrx_word' id='word_1_481' title='bbox 2071 2286 2107 2322; x_wconf 89' lang='lat'>&amp;</span> 
     </span>
     <span class='ocr_line' id='line_1_42' title="bbox 173 2336 2107 2388; baseline -0.001 -12"><span class='ocrx_word' id='word_1_482' title='bbox 173 2339 448 2388; x_wconf 90' lang='lat' dir='ltr'>reproborum)</span> <span class='ocrx_word' id='word_1_483' title='bbox 475 2350 659 2377; x_wconf 89' lang='lat' dir='ltr'>numerus</span> <span class='ocrx_word' id='word_1_484' title='bbox 686 2340 722 2377; x_wconf 76' lang='grc' dir='ltr'>δι</span> <span class='ocrx_word' id='word_1_485' title='bbox 749 2350 956 2378; x_wconf 89' lang='lat' dir='ltr'>numerans</span> <span class='ocrx_word' id='word_1_486' title='bbox 984 2341 1040 2388; x_wconf 90' lang='lat' dir='ltr'>(vt</span> <span class='ocrx_word' id='word_1_487' title='bbox 1065 2340 1280 2388; x_wconf 89' lang='lat' dir='ltr'>loquuntur</span> <span class='ocrx_word' id='word_1_488' title='bbox 1311 2336 1555 2385; x_wconf 92' lang='lat' dir='ltr'>Scholastici)</span> <span class='ocrx_word' id='word_1_489' title='bbox 1584 2339 1619 2376; x_wconf 88' lang='lat'>&amp;</span> <span class='ocrx_word' id='word_1_490' title='bbox 1649 2343 1872 2375; x_wconf 90' lang='lat' dir='ltr'>numeratus</span> <span class='ocrx_word' id='word_1_491' title='bbox 1897 2336 1950 2374; x_wconf 91' lang='lat' dir='ltr'>ita</span> <span class='ocrx_word' id='word_1_492' title='bbox 1979 2343 2107 2375; x_wconf 89' lang='lat' dir='ltr'>certus</span> 
     </span>
     <span class='ocr_line' id='line_1_43' title="bbox 174 2389 2107 2443; baseline -0.002 -13"><span class='ocrx_word' id='word_1_493' title='bbox 174 2399 231 2430; x_wconf 88' lang='lat' dir='ltr'>est</span> <span class='ocrx_word' id='word_1_494' title='bbox 270 2392 376 2441; x_wconf 86' lang='lat' dir='ltr'>apud</span> <span class='ocrx_word' id='word_1_495' title='bbox 416 2393 565 2442; x_wconf 90' lang='lat' dir='ltr'>Deum,</span> <span class='ocrx_word' id='word_1_496' title='bbox 601 2399 641 2430; x_wconf 93' lang='lat' dir='ltr'>vt</span> <span class='ocrx_word' id='word_1_497' title='bbox 667 2391 699 2430; x_wconf 91' lang='lat' dir='ltr'>is</span> <span class='ocrx_word' id='word_1_498' title='bbox 726 2403 855 2442; x_wconf 89' lang='lat' dir='ltr'>neque</span> <span class='ocrx_word' id='word_1_499' title='bbox 881 2391 1034 2443; x_wconf 88' lang='lat' dir='ltr'>augeri,</span> <span class='ocrx_word' id='word_1_500' title='bbox 1059 2403 1187 2442; x_wconf 90' lang='lat' dir='ltr'>neque</span> <span class='ocrx_word' id='word_1_501' title='bbox 1215 2391 1358 2438; x_wconf 90' lang='lat' dir='ltr'>minui,</span> <span class='ocrx_word' id='word_1_502' title='bbox 1386 2402 1515 2440; x_wconf 91' lang='lat' dir='ltr'>neque</span> <span class='ocrx_word' id='word_1_503' title='bbox 1541 2389 1694 2429; x_wconf 89' lang='lat' dir='ltr'>alterari</span> <span class='ocrx_word' id='word_1_504' title='bbox 1724 2389 1858 2440; x_wconf 90' lang='lat' dir='ltr'>possit.</span> <span class='ocrx_word' id='word_1_505' title='bbox 1899 2390 2015 2428; x_wconf 78' lang='lat' dir='ltr'><strong>loan.</strong></span> <span class='ocrx_word' id='word_1_506' title='bbox 2048 2402 2107 2438; x_wconf 88' lang='lat'>13.</span> 
     </span>
     <span class='ocr_line' id='line_1_44' title="bbox 179 2443 2106 2495; baseline -0.001 -13"><span class='ocrx_word' id='word_1_507' title='bbox 179 2447 238 2482; x_wconf 89' lang='lat'>18.</span> <span class='ocrx_word' id='word_1_508' title='bbox 283 2458 317 2483; x_wconf 91' lang='lat'>2.</span> <span class='ocrx_word' id='word_1_509' title='bbox 361 2445 458 2483; x_wconf 82' lang='lat' dir='ltr'>Tim.</span> <span class='ocrx_word' id='word_1_510' title='bbox 500 2458 631 2495; x_wconf 89' lang='lat'><strong>2.19.</strong></span> <span class='ocrx_word' id='word_1_511' title='bbox 677 2446 862 2484; x_wconf 79' lang='lat' dir='ltr'><strong>1.I0cm.</strong></span> <span class='ocrx_word' id='word_1_512' title='bbox 903 2459 938 2484; x_wconf 91' lang='lat'>2.</span> <span class='ocrx_word' id='word_1_513' title='bbox 979 2459 1038 2495; x_wconf 91' lang='lat'>19.</span> <span class='ocrx_word' id='word_1_514' title='bbox 1079 2446 1226 2483; x_wconf 89' lang='lat' dir='ltr'>Neuter</span> <span class='ocrx_word' id='word_1_515' title='bbox 1261 2447 1354 2483; x_wconf 82' lang='lat' dir='ltr'>vero</span> <span class='ocrx_word' id='word_1_516' title='bbox 1389 2443 1505 2482; x_wconf 92' lang='lat' dir='ltr'>nobis</span> <span class='ocrx_word' id='word_1_517' title='bbox 1541 2446 1649 2482; x_wconf 84' lang='lat' dir='ltr'>certo</span> <span class='ocrx_word' id='word_1_518' title='bbox 1683 2449 1907 2493; x_wconf 90' lang='lat' dir='ltr'>compertus</span> <span class='ocrx_word' id='word_1_519' title='bbox 1934 2449 2005 2480; x_wconf 92' lang='lat' dir='ltr'>est.</span> <span class='ocrx_word' id='word_1_520' title='bbox 2045 2444 2106 2481; x_wconf 92' lang='lat' dir='ltr'>De</span> 
     </span>
     <span class='ocr_line' id='line_1_45' title="bbox 173 2496 2107 2549; baseline -0.001 -14"><span class='ocrx_word' id='word_1_521' title='bbox 173 2508 338 2536; x_wconf 90' lang='lat' dir='ltr'>numero</span> <span class='ocrx_word' id='word_1_522' title='bbox 364 2504 594 2537; x_wconf 81' lang='lat' dir='ltr'>numerante</span> <span class='ocrx_word' id='word_1_523' title='bbox 619 2510 701 2536; x_wconf 91' lang='lat' dir='ltr'>non</span> <span class='ocrx_word' id='word_1_524' title='bbox 728 2510 967 2549; x_wconf 90' lang='lat' dir='ltr'>magnopere</span> <span class='ocrx_word' id='word_1_525' title='bbox 1007 2497 1162 2537; x_wconf 89' lang='lat' dir='ltr'>solliciti</span> <span class='ocrx_word' id='word_1_526' title='bbox 1190 2510 1274 2536; x_wconf 91' lang='lat' dir='ltr'>esse</span> <span class='ocrx_word' id='word_1_527' title='bbox 1301 2497 1504 2536; x_wconf 92' lang='lat' dir='ltr'>debemus.</span> <span class='ocrx_word' id='word_1_528' title='bbox 1538 2496 1604 2534; x_wconf 93' lang='lat' dir='ltr'>Ad</span> <span class='ocrx_word' id='word_1_529' title='bbox 1631 2508 1835 2535; x_wconf 89' lang='lat' dir='ltr'>numerum</span> <span class='ocrx_word' id='word_1_530' title='bbox 1863 2501 2107 2533; x_wconf 89' lang='lat' dir='ltr'>numeratum</span> 
     </span>
     <span class='ocr_line' id='line_1_46' title="bbox 175 2548 2107 2601; baseline -0.001 -14"><span class='ocrx_word' id='word_1_531' title='bbox 175 2550 284 2600; x_wconf 91' lang='lat' dir='ltr'>quod</span> <span class='ocrx_word' id='word_1_532' title='bbox 324 2549 481 2599; x_wconf 84' lang='lat' dir='ltr'>attinet,</span> <span class='ocrx_word' id='word_1_533' title='bbox 511 2557 551 2590; x_wconf 92' lang='lat' dir='ltr'>vt</span> <span class='ocrx_word' id='word_1_534' title='bbox 579 2550 744 2601; x_wconf 86' lang='lat' dir='ltr'>quisque</span> <span class='ocrx_word' id='word_1_535' title='bbox 772 2551 960 2590; x_wconf 86' lang='lat' dir='ltr'>mandato</span> <span class='ocrx_word' id='word_1_536' title='bbox 987 2550 1063 2590; x_wconf 91' lang='lat' dir='ltr'>Dei</span> <span class='ocrx_word' id='word_1_537' title='bbox 1089 2557 1241 2589; x_wconf 89' lang='lat' dir='ltr'>tenetur</span> <span class='ocrx_word' id='word_1_538' title='bbox 1269 2550 1429 2589; x_wconf 89' lang='lat' dir='ltr'>credere</span> <span class='ocrx_word' id='word_1_539' title='bbox 1456 2549 1495 2588; x_wconf 93' lang='lat' dir='ltr'>in</span> <span class='ocrx_word' id='word_1_540' title='bbox 1524 2548 1746 2600; x_wconf 88' lang='lat' dir='ltr'>Christum,</span> <span class='ocrx_word' id='word_1_541' title='bbox 1774 2549 1826 2587; x_wconf 89' lang='lat' dir='ltr'>ita</span> <span class='ocrx_word' id='word_1_542' title='bbox 1854 2548 1971 2587; x_wconf 89' lang='lat' dir='ltr'>etiam</span> <span class='ocrx_word' id='word_1_543' title='bbox 1999 2561 2040 2587; x_wconf 91' lang='lat' dir='ltr'>se</span> <span class='ocrx_word' id='word_1_544' title='bbox 2068 2548 2107 2586; x_wconf 90' lang='lat' dir='ltr'>in</span> 
     </span>
     <span class='ocr_line' id='line_1_47' title="bbox 175 2600 2109 2655; baseline -0.001 -14"><span class='ocrx_word' id='word_1_545' title='bbox 175 2602 331 2642; x_wconf 90' lang='lat' dir='ltr'>Christo</span> <span class='ocrx_word' id='word_1_546' title='bbox 371 2604 538 2642; x_wconf 87' lang='lat' dir='ltr'>electum</span> <span class='ocrx_word' id='word_1_547' title='bbox 579 2603 695 2642; x_wconf 89' lang='lat' dir='ltr'>fuisse</span> <span class='ocrx_word' id='word_1_548' title='bbox 736 2603 897 2642; x_wconf 90' lang='lat' dir='ltr'>credere</span> <span class='ocrx_word' id='word_1_549' title='bbox 937 2605 1075 2655; x_wconf 90' lang='lat' dir='ltr'>debet,</span> <span class='ocrx_word' id='word_1_550' title='bbox 1123 2617 1139 2641; x_wconf 95' lang='lat'><strong>1</strong></span> <span class='ocrx_word' id='word_1_551' title='bbox 1184 2604 1276 2643; x_wconf 83' lang='lat' dir='ltr'><strong>Cor.</strong></span> <span class='ocrx_word' id='word_1_552' title='bbox 1309 2616 1368 2653; x_wconf 90' lang='lat'>13.</span> <span class='ocrx_word' id='word_1_553' title='bbox 1398 2615 1433 2652; x_wconf 93' lang='lat'>7.</span> <span class='ocrx_word' id='word_1_554' title='bbox 1460 2602 1530 2642; x_wconf 91' lang='lat' dir='ltr'>sed</span> <span class='ocrx_word' id='word_1_555' title='bbox 1557 2601 1724 2641; x_wconf 86' lang='lat' dir='ltr'>maxime</span> <span class='ocrx_word' id='word_1_556' title='bbox 1753 2601 2013 2652; x_wconf 77' lang='lat' dir='ltr'>Christianus,</span> <span class='ocrx_word' id='word_1_557' title='bbox 2042 2600 2109 2651; x_wconf 90' lang='lat' dir='ltr'>qui</span> 
     </span>
     <span class='ocr_line' id='line_1_48' title="bbox 178 2631 2108 2707; baseline -0.001 -13"><span class='ocrx_word' id='word_1_558' title='bbox 178 2663 378 2707; x_wconf 89' lang='lat' dir='ltr'>praeterea</span> <span class='ocrx_word' id='word_1_559' title='bbox 403 2655 520 2695; x_wconf 89' lang='lat' dir='ltr'>etiam</span> <span class='ocrx_word' id='word_1_560' title='bbox 547 2656 597 2695; x_wconf 94' lang='lat' dir='ltr'>de</span> <span class='ocrx_word' id='word_1_561' title='bbox 625 2656 791 2695; x_wconf 88' lang='lat' dir='ltr'>aliorum</span> <span class='ocrx_word' id='word_1_562' title='bbox 818 2658 980 2696; x_wconf 87' lang='lat' dir='ltr'>fratrum</span> <span class='ocrx_word' id='word_1_563' title='bbox 1007 2656 1199 2696; x_wconf 92' lang='lat' dir='ltr'>electione</span> <span class='ocrx_word' id='word_1_564' title='bbox 1227 2656 1426 2695; x_wconf 90' lang='lat' dir='ltr'>confidere</span> <span class='ocrx_word' id='word_1_565' title='bbox 1449 2656 1588 2706; x_wconf 92' lang='lat' dir='ltr'>debet,</span> <span class='ocrx_word' id='word_1_566' title='bbox 1613 2656 1661 2694; x_wconf 92' lang='lat' dir='ltr'>de</span> <span class='ocrx_word' id='word_1_567' title='bbox 1685 2654 1768 2693; x_wconf 90' lang='lat' dir='ltr'>aliis</span> <span class='ocrx_word' id='word_1_568' title='bbox 1782 2668 1862 2692; x_wconf 81' lang='lat' dir='ltr'>non</span> <span class='ocrx_word' id='word_1_569' title='bbox 1878 2631 2108 2705; x_wconf 67' lang='lat' dir='ltr'>despeiare,</span> 
     </span>
     <span class='ocr_line' id='line_1_49' title="bbox 175 2706 2109 2769; baseline -0.001 -22"><span class='ocrx_word' id='word_1_570' title='bbox 175 2708 250 2748; x_wconf 89' lang='lat' dir='ltr'>nisi</span> <span class='ocrx_word' id='word_1_571' title='bbox 288 2708 494 2748; x_wconf 86' lang='lat' dir='ltr'>manifesta</span> <span class='ocrx_word' id='word_1_572' title='bbox 533 2708 643 2760; x_wconf 89' lang='lat' dir='ltr'>signa</span> <span class='ocrx_word' id='word_1_573' title='bbox 684 2711 912 2769; x_wconf 76' lang='lat' dir='ltr'>ostendant,</span> <span class='ocrx_word' id='word_1_574' title='bbox 955 2710 1064 2760; x_wconf 81' lang='lat' dir='ltr'>quod</span> <span class='ocrx_word' id='word_1_575' title='bbox 1101 2716 1266 2760; x_wconf 91' lang='lat' dir='ltr'>peccent</span> <span class='ocrx_word' id='word_1_576' title='bbox 1293 2710 1343 2748; x_wconf 90' lang='lat' dir='ltr'>ad</span> <span class='ocrx_word' id='word_1_577' title='bbox 1371 2716 1553 2748; x_wconf 89' lang='lat' dir='ltr'>mortem.</span> <span class='ocrx_word' id='word_1_578' title='bbox 1579 2708 1757 2759; x_wconf 89' lang='lat' dir='ltr'>quamuis</span> <span class='ocrx_word' id='word_1_579' title='bbox 1781 2709 1890 2746; x_wconf 91' lang='lat' dir='ltr'>nullo</span> <span class='ocrx_word' id='word_1_580' title='bbox 1919 2707 2041 2746; x_wconf 90' lang='lat' dir='ltr'>modo</span> <span class='ocrx_word' id='word_1_581' title='bbox 2068 2706 2109 2746; x_wconf 94' lang='lat' dir='ltr'>id</span> 
     </span>
     <span class='ocr_line' id='line_1_50' title="bbox 176 2760 2109 2852; baseline -0.001 -51"><span class='ocrx_word' id='word_1_582' title='bbox 176 2768 371 2812; x_wconf 85' lang='lat' dir='ltr'>praestare</span> <span class='ocrx_word' id='word_1_583' title='bbox 412 2761 562 2813; x_wconf 91' lang='lat' dir='ltr'>possint</span> <span class='ocrx_word' id='word_1_584' title='bbox 602 2762 782 2815; x_wconf 90' lang='lat' dir='ltr'>reprobi,</span> <span class='ocrx_word' id='word_1_585' title='bbox 823 2763 892 2802; x_wconf 90' lang='lat' dir='ltr'>sed</span> <span class='ocrx_word' id='word_1_586' title='bbox 933 2762 1007 2802; x_wconf 88' lang='lat' dir='ltr'>soli</span> <span class='ocrx_word' id='word_1_587' title='bbox 1049 2762 1184 2814; x_wconf 89' lang='lat' dir='ltr'>electi,</span> <span class='ocrx_word' id='word_1_588' title='bbox 1217 2761 1285 2813; x_wconf 90' lang='lat' dir='ltr'>qui</span> <span class='ocrx_word' id='word_1_589' title='bbox 1313 2762 1471 2813; x_wconf 89' lang='lat' dir='ltr'>quidem</span> <span class='ocrx_word' id='word_1_590' title='bbox 1497 2774 1633 2801; x_wconf 91' lang='lat' dir='ltr'>omnes</span> <span class='ocrx_word' id='word_1_591' title='bbox 1662 2774 1733 2800; x_wconf 90' lang='lat' dir='ltr'>suo</span> <span class='ocrx_word' id='word_1_592' title='bbox 1761 2767 1938 2811; x_wconf 80' lang='lat' dir='ltr'>tempore</span> <span class='ocrx_word' id='word_1_593' title='bbox 1965 2760 2004 2798; x_wconf 90' lang='lat' dir='ltr'>in</span> <span class='ocrx_word' id='word_1_594' title='bbox 2030 2760 2109 2852; x_wconf 56' lang='lat' dir='ltr'>hgc</span> 
     </span>
    </p>

    <p class='ocr_par' dir='ltr' id='par_1_9' title="bbox 1956 2824 2104 2852">
     <span class='ocr_line' id='line_1_51' title="bbox 1956 2824 2104 2852; baseline 0.007 -1"><span class='ocrx_word' id='word_1_595' title='bbox 1956 2824 2049 2852; x_wconf 90' lang='lat' dir='ltr'>mun</span> <span class='ocrx_word' id='word_1_596' title='bbox 2080 2825 2104 2852; x_wconf 94' lang='lat' dir='ltr'>o</span> 
     </span>
    </p>
   </div>
  </div>
 </body>
</html>
