2334 3020
246 113 316 149 132
856 108 1070 133 THESES
1113 106 1545 135 THEOLOGICAE.

238 214 553 265 perfectissimae:
583 216 617 251 &
646 213 793 251 ratione
821 212 917 250 loci:
947 211 1038 261 quia
1072 211 1286 250 immensus
1313 219 1389 259 est,
1418 219 1534 262 atque
1561 213 1695 263 implet
1722 211 1865 251 onmia.
1906 215 1950 250 In
1976 213 2162 262 operibus

239 275 384 315 autem,
422 269 509 304 cum
547 266 677 304 omnia
707 265 925 304 decreuerit
950 266 1004 303 ab,
1036 271 1197 302 aeterno
1231 264 1491 312 vniformiter‚
1520 267 1556 303 δι
1583 272 1796 315 exequatur
1823 264 2065 304 exactissime
2091 277 2162 303 suo

240 332 430 369 tempore,
458 319 563 356 iuxta
589 319 829 356 immutabile
856 317 1064 355 consilium
1093 317 1303 354 voluntatis
1332 328 1436 356 suae.
1475 319 1605 368 Atque
1631 320 1728 357 haec
1755 318 1869 356 etiam
1899 318 1948 356 de
1975 320 2101 356 Bono.

297 385 354 410 12.
409 371 595 419 Quamuis
638 378 766 408 autern
810 372 906 408 haee
948 368 1141 407 attributa
1172 368 1305 407 omnia
1341 370 1428 408 Deo
1464 371 1679 410 essentialia
1705 371 1797 420 sint,
1826 370 2163 409 communicantur

242 431 368 462 tamen
399 436 486 461 cum
514 423 698 461 creaturis
724 423 945 473 analogice,
974 424 1009 460 &
1040 433 1109 460 suo
1139 422 1281 459 modo:
1322 423 1372 460 Et
1400 422 1705 463 circumferimus
1721 423 1793 474 ipsi
1807 435 1941 462 eorum
1955 423 2163 474 imaginem

241 477 278 514 in
313 477 512 514 animabus
540 475 703 514 nostris:
733 488 833 525 quae
862 477 1087 524 comparate
1115 474 1166 512 ad
1195 486 1380 524 corpora,
1413 476 1601 514 essentiae
1628 489 1748 526 purae
1774 483 1880 525 sunt,
1908 476 2102 526 simplices
2129 477 2166 514 &

242 531 389 576 bonae,
416 528 716 579 ingenerabiles,
745 530 781 566 δε
809 527 1142 577 incorruptibiles:
1171 539 1271 576 quae
1298 538 1368 565 suo
1397 529 1517 566 modo
1532 529 1767 580 intelligunt,
1784 530 2163 579 volunt&possunt,

242 584 313 620 ἃς.
356 581 605 620 Perficientur
632 588 762 619 autem
788 582 886 620 haec
915 580 1046 619 omnia
1071 580 1111 618 in
1139 579 1254 619 nobis
1282 579 1321 617 in
1348 580 1477 618 futura
1503 581 1600 632 vita,
1628 582 1668 620 in
1695 594 1772 632 qua
1800 584 1906 621 Deus
1935 581 2005 620 erit
2034 580 2165 620 omnia

241 635 279 671 in
308 633 502 680 omnibus.
543 636 684 672 Amen.

434 891 483 926 X.
538 889 623 925 DE
664 879 999 928 AETERNA
1042 893 1160 929 DEI
1197 892 1959 930 PRAEDESTINATIONE.

305 1006 410 1047 Cum
444 1021 498 1046 ex
528 1014 700 1048 aeterua
726 1008 1115 1060 praedestinatione
1146 1012 1231 1050 Dei
1260 1016 1468 1062 tauquam
1491 1010 1615 1063 fonte
1639 1013 1829 1063 perenni,
1853 1016 1983 1050 totum
2007 1009 2165 1050 salutis

241 1074 413 1107 nostrae
450 1067 728 1120 mysterium,
767 1070 811 1108 ὅτ
843 1069 992 1109 onmia
1023 1069 1181 1110 diuina
1213 1070 1417 1125 beneficia
1438 1070 1620 1123 fluaut;
1653 1070 1732 1123 qui
1761 1070 1926 1110 salutis
1957 1083 2059 1110 suae
2083 1070 2166 1123 pia

240 1127 394 1179 aliqua
442 1133 685 1180 tanguntur
737 1142 865 1177 cura,
899 1129 1012 1181 quid
1049 1130 1101 1170 de
1142 1145 1191 1171 ea
1234 1130 1297 1171 sit
1337 1130 1566 1171 tenendum
1600 1130 1638 1170 &
1669 1130 1964 1179 sentiendum,
1998 1143 2165 1170 summo

244 1200 338 1227 cum
369 1187 537 1236 studio,
571 1188 650 1228 secl
676 1189 719 1229 ὣ
751 1202 922 1229 summa
955 1203 1050 1230 cum
1083 1191 1283 1231 cautione
1309 1190 1539 1244 exquirere
1555 1190 1713 1231 debent.
1751 1189 1878 1241 Quod
1890 1197 1939 1231 vt
1955 1190 2168 1230 commode

231 1246 482 1299 faciamus,
517 1247 565 1286 de
596 1262 645 1287 ea
677 1248 858 1300 aliquid
883 1249 1074 1299 dicturi,
1104 1250 1373 1303 coufitsionis
1400 1252 1444 1292 ἅ
1461 1251 1740 1291 obscuritatis
1757 1250 1966 1292 vitandae
1983 1253 2165 1297 caussd,·

238 1306 452 1355 metlio'do,
486 1321 571 1359 qua
604 1307 674 1348 vti
705 1316 999 1350 conuenerunt
1029 1324 1177 1351 rerum
1215 1309 1494 1351 naturalium
1527 1310 1832 1363 indagatores,
1862 1310 1909 1351 iu
1942 1324 1990 1350 re
2019 1310 2165 1350 omnia

237 1366 469 1406 naturalia
511 1367 636 1420 longe
673 1375 932 1420 superante,
970 1375 1171 1418 vtemur,·
1205 1370 1389 1411 videndo
1415 1373 1611 1424 privtum
1644 1385 1702 1411 au
1736 1384 1807 1411 res
1837 1370 1888 1410 de
1919 1384 2004 1423 qua
2037 1384 2165 1423 quae-

238 1425 361 1466 ritur
391 1426 475 1474 sit,
511 1438 548 1466 2.
583 1427 689 1480 quid
713 1428 776 1468 sit
807 1429 1023 1479 uomiuis,
1061 1442 1098 1482 3.
1133 1430 1242 1485 quid
1270 1430 1356 1479 rei,
1391 1443 1429 1482 4.
1458 1437 1648 1484 propter
1679 1431 1788 1485 quid
1814 1431 1877 1471 sit
1905 1444 1998 1479 res,
2018 1430 2164 1479 idest,

239 1498 347 1541 quae
377 1485 472 1526 sint
502 1500 682 1527 caussae
712 1487 850 1528 illius.

973 1624 1189 1661 THESIS
1231 1634 1423 1661 PRIMA.

292 1752 322 1775 1.
379 1740 502 1776 DEVM
529 1738 874 1789 sapientissimum,
903 1742 1006 1790 apud
1035 1755 1076 1779 se
1104 1743 1153 1779 ab
1181 1748 1340 1780 aeterno
1370 1741 1607 1788 decreuisse,
1636 1741 1730 1790 quid
1753 1754 1830 1778 vno
1862 1753 2019 1790 quoque
2042 1741 2164 1780 homi-

236 1803 328 1828 num
369 1791 434 1839 (de
477 1791 548 1829 his.
592 1804 630 1829 n.
674 1791 765 1830 solis
801 1794 996 1842 agendum
1034 1794 1147 1832 nobis
1184 1793 1479 1844 proposuimus,
1509 1795 1558 1831 de
1587 1794 1746 1843 Angelis
1777 1793 1871 1831 nihil
1900 1794 2053 1841 dicturi)
2083 1794 2166 1832 fieri

235 1845 352 1882 vellet
387 1844 520 1892 quoad
563 1844 981 1895 communicationem,
1021 1849 1056 1884 &
1085 1860 1165 1885 non
1195 1847 1591 1884 communicationem
1620 1847 1783 1896 gratiae,
1813 1858 1902 1884 cum
1931 1860 2030 1896 pene
2057 1847 2164 1884 innu-

237 1895 332 1934 meri
360 1897 398 1934 S.
434 1896 655 1945 Scripturae
684 1898 759 1934 loci
788 1898 826 1935 id
855 1906 1041 1948 asserant,
1075 1913 1192 1938 nemo
1220 1899 1286 1948 qui
1314 1899 1555 1937 Christianus
1575 1899 1699 1937 videri
1714 1898 2162 1945 voluerit,inficiabitur:

239 1949 328 1985 culn
356 1947 545 1998 principia
572 1957 732 1987 naturae
759 1950 799 1987 id
826 1957 1018 2001 vtrunque
1047 1954 1234 2000 doceant,
1262 1965 1378 1990 nemo
1408 1952 1478 1989 nisi
1511 1953 1627 1990 etiarn
1653 1952 1819 1990 hominis
1834 1952 1993 1990 nomine
2008 1951 2165 2002 indigna

244 2001 414 2050 negabit.
1492 2007 1496 2011 '

292 2066 326 2092 2.
379 2055 474 2091 Tale
503 2054 723 2102 decretum,
753 2057 1122 2095 Praedestiualiouis
1142 2057 1300 2095 nomine
1325 2056 1594 2106 exprimimus,
1617 2070 1663 2094 ex
1684 2069 1752 2094 vsu
1769 2057 1966 2095 Ecclesiae
1982 2059 2017 2095 &
2034 2058 2163 2096 ortho-

238 2106 430 2144 doxorum
465 2107 645 2157 Patrum,
682 2110 786 2157 Aug.
823 2110 867 2145 de
895 2111 997 2147 ciuit.
1026 2112 1120 2159 Dei,
1149 2112 1213 2148 lib.
1247 2121 1304 2159 15.
1333 2123 1363 2148 c.
1398 2124 1428 2148 1.
1457 2112 1638 2158 Fulgent.
1667 2111 1730 2148 lilt.
1763 2123 1798 2147 2.
1827 2111 1883 2147 ad
1905 2111 2069 2148 slloftim.
2099 2110 2164 2160 qui

237 2158 285 2196 de
326 2158 457 2196 electis
500 2159 535 2196 δι
569 2160 746 2209 reprobis
774 2163 894 2198 verba
921 2162 1127 2213 facientes,
1157 2162 1515 2212 praedestinationis
1542 2175 1679 2200 vocem
1711 2170 1960 2211 vsurparunt,
1988 2163 2163 2211 quamuis

240 2210 432 2248 interdum
471 2212 588 2260 idque
630 2213 781 2262 saepius
822 2214 871 2250 ad
906 2215 1051 2253 electos
1087 2215 1368 2263 restrinxerint,
1406 2216 1507 2253 vnde
1536 2223 1619 2253 orta
1648 2214 1786 2253 diuisio
1814 2215 1852 2252 in
1880 2216 2099 2265 generalem
2127 2218 2163 2254 &

238 2262 457 2312 specialem.
486 2264 567 2302 Nos
597 2266 632 2302 in
663 2266 835 2304 thesibus
864 2268 1078 2316 generalius
1108 2281 1259 2318 semper
1286 2267 1543 2317 accipiemus,
1573 2267 1724 2316 quoties
1750 2281 1828 2305 non
1852 2268 1886 2305 ei
1907 2267 2163 2307 adiecerimus

241 2315 468 2365 particulam
496 2317 598 2354 hanc
626 2318 877 2367 Sanctorum,
905 2321 974 2357 sed
1003 2321 1203 2359 videamus
1231 2329 1388 2370 etymon
1416 2323 1451 2359 &
1479 2320 1798 2370 significationem
1828 2321 1945 2359 vocis.

291 2381 328 2416 3.
383 2368 542 2406 Graecis
581 2373 817 2421 προορίζσιν,
845 2373 949 2410 vnde
978 2375 1230 2424 προορισμός,
1256 2373 1359 2411 idem
1382 2380 1439 2412 est
1459 2374 1565 2423 quod
1580 2373 1725 2410 Latinis
1729 2375 2046 2423 praedestinare,
2063 2372 2164 2410 vnde

236 2423 553 2471 praedestinatio,
581 2434 658 2459 vox
685 2422 788 2461 enim
817 2426 844 2461 Sc
873 2425 1026 2463 Graeca
1055 2428 1090 2464 &
1117 2427 1254 2464 Latina
1282 2426 1471 2476 significat
1499 2428 1534 2464 δε
1563 2425 1818 2463 determinare
1846 2439 1926 2464 rem
1955 2432 2162 2475 antequam

240 2474 321 2523 fiat,
357 2474 393 2511 &
419 2486 622 2524 segregare
650 2476 815 2526 saetam,
844 2478 894 2514 ad
921 2478 1026 2515 hunc
1054 2478 1238 2517 velillum
1253 2486 1552 2527 vsum.vtraque
1567 2478 1795 2528 significatio
1811 2480 2018 2516 hiclocum
2035 2479 2163 2519 habet.

293 2539 329 2572 4.
383 2526 567 2565 Indicatis
610 2533 740 2576 etymo
777 2531 812 2567 δε
851 2530 959 2568 vocis
993 2530 1296 2580 significatione,
1325 2531 1589 2570 definitionem
1617 2531 1899 2581 aggrediamur.
1941 2533 2010 2575 Est
2036 2530 2164 2579 itaque

240 2579 565 2628 praedestinatio,
607 2581 837 2629 generaliter
878 2590 1059 2633 accepta,
1111 2583 1458 2634 simplicissimum,
1499 2583 1770 2633 iustissimum,
1823 2583 2164 2634 sapientissimum,

241 2630 477 2668 liberrimum
520 2634 555 2670 δι
597 2632 838 2671 immutabile
874 2635 947 2673 Dei
983 2636 1202 2684 decretum,
1232 2648 1311 2686 quo
1341 2637 1445 2687 apud
1473 2649 1535 2681 se,
1562 2637 1612 2674 ab
1640 2644 1818 2686 aeterno,
1847 2636 1976 2675 statuit
2002 2635 2163 2686 gratiam

240 2683 462 2732 adoptionis
503 2684 541 2722 in
576 2685 674 2723 filios
713 2686 842 2735 largiri
869 2687 969 2738 aliis,
999 2688 1083 2726 aliis
1110 2702 1190 2727 non
1218 2689 1367 2740 largiri,
1395 2702 1467 2739 pro
1496 2688 1640 2738 placito
1669 2690 1876 2728 voluntatis
1907 2702 2016 2739 suae,
2045 2690 2080 2726 &
2108 2688 2163 2726 sic

240 2736 401 2785 gloriam
431 2748 536 2774 suam
566 2737 846 2786 sapientissime
874 2740 1063 2778 illustrare
1091 2743 1132 2789 (f.
1166 2743 1290 2791 1617).

1889 2805 1924 2843 5.
1980 2794 2159 2831 Praedes-
