2334 3020
246 116 317 162 164
851 118 1065 146 'tunsus
1105 117 1535 147 THEoLooicAE.

297 232 353 269 16.
409 229 499 266 Non
532 232 663 263 autem
701 235 904 262 censemus
938 223 991 261 ita
1027 225 1132 262 hunc
1165 225 1317 274 lapsum
1345 225 1395 262 ad
1422 237 1468 263 ea
1494 236 1594 275 quae
1622 224 1789 264 diximus
1816 226 2097 276 necessarium,
2126 235 2166 266 vt

241 284 321 323 sine
350 285 511 331 peccato
544 280 579 316 &
607 276 760 315 miseria
787 276 958 314 hominis
984 276 1220 315 Vniuersum
1247 277 1326 315 vllo
1355 277 1498 315 decore
1526 285 1705 317 ornatum
1731 290 1812 316 non
1839 279 1972 329 fuerit,
2001 287 2066 317 aut
2092 280 2166 318 Dei

243 347 387 374 nomen
428 329 712 370 sanctissimum
754 342 824 378 per
865 342 905 368 se
946 328 1072 367 minus
1107 329 1272 367 celebre.
1315 331 1416 368 Nam
1453 338 1494 368 vt
1531 331 1583 369 ait
1608 330 1719 368 Idem
1747 332 1910 380 August.
1937 331 2025 370 Lib.
2053 345 2089 381 3.
2117 334 2167 370 de

245 388 351 426 liber.
382 383 476 423 arbi.
504 396 536 420 e.
567 396 604 432 9.
633 384 667 419 si
693 394 827 419 seruus
849 382 1089 432 purgandae
1117 383 1265 419 cloacae
1293 383 1336 419 ob
1349 388 1508 431 peccata
1523 397 1594 421 sua
1608 384 1779 421 addictas
1789 389 1954 432 peccare
1967 386 2166 433 noluisset,

245 454 316 478 uon
349 437 562 489 propterea
608 436 826 472 domesticae
865 435 1085 483 disciplinae
1114 436 1304 485 prouisio,
1333 435 1536 482 defuisset,
1571 438 1627 473 ad
1657 449 1737 473 eam
1773 437 1822 473 ἐφ’
1855 438 1938 474 alia
1965 439 2048 474 loca
2069 443 2166 487 pur-

239 493 385 542 ganda.
427 491 591 527 Peccata
624 489 718 525 enim
756 500 830 525 non
868 493 1015 525 ornant
1028 493 1108 537 per
1135 499 1194 536 se,
1221 488 1290 523 sed
1313 488 1456 535 Angeli
1482 490 1531 526 ἂν
1558 491 1727 538 animae,
1756 502 1852 537 quae
1878 491 1922 526 ob
1950 495 2167 538 transgres-

247 547 368 583 siones
397 555 490 580 suas
518 542 573 578 ad
586 546 734 589 poenas
762 542 861 577 iusto
890 540 970 576 Dei
995 540 1132 577 indicio
1161 540 1410 579 ordinantur.

303 609 358 644 17.
416 594 540 633 Causa
575 592 781 642 adiuuans,
821 594 856 630 ἅτ
884 604 1138 630 commouens
1167 591 1374 642 praecipue
1401 593 1602 632 hominem
1629 593 1679 631 ad
1705 593 2068 646 praeuaricandum,
2098 594 2169 633 fuit

249 651 347 687 mala
375 645 533 686 Diaboli
562 646 762 694 voluntas,
792 647 868 694 qua
896 645 1179 695 Benignitatem
1207 644 1282 682 Dei
1310 644 1503 695 Inuidiae,
1519 645 1776 683 Iustissimum
1792 646 2000 696 iniquitatis
2015 646 2170 685 insimu-

245 702 336 740 lauit
375 698 660 749 Iniquissimus,
690 697 903 748 consuluit,
931 698 1197 747 persuasitque
1221 698 1345 748 Euae,
1371 705 1436 736 aut
1456 700 1594 737 falsum
1610 697 1743 748 fuisse,
1761 700 1868 747 quod
1882 701 1988 738 Deus
2004 700 2169 738 minatus

246 762 346 804 erat,
384 759 448 791 aut
476 751 574 790 illius
603 752 842 789 voluntatem
871 751 969 788 male
999 751 1033 788 &
1061 752 1110 789 ab
1137 750 1219 800 ipsa
1246 751 1281 788 &
1309 751 1359 788 ab
1387 751 1542 789 Adamo
1570 750 1821 803 intellectam,
1850 759 1974 802 atque?
1987 752 2039 790 ita
2060 765 2170 802 apos-

245 807 400 846 tasiam:
433 807 492 843 Ac
519 804 684 854 proinde
712 805 797 841 Eua
825 803 1007 852 cupidine
1036 805 1136 841 mala
1153 804 1247 841 boni
1269 802 1424 842 maioris
1440 803 1755 854 commemorati,
1770 817 1850 844 non
1865 805 2046 854 promissi
2059 807 2170 844 abso-

244 862 345 910 lute,
377 859 475 896 elata
501 855 642 895 inuasit
669 856 850 894 arborem
880 855 1139 905 prohibitam,
1167 869 1213 894 ac
1241 856 1396 906 coniugi
1424 858 1590 895 fructum
1617 857 1812 906 porrexit,
1841 865 1881 895 vt
1907 865 2067 907 vterque
2095 860 2170 896 vna

248 920 311 950 aut
339 910 505 961 felicior,
533 916 598 947 aut
626 908 800 947 miserior
828 910 939 948 foret.

304 968 360 1002 18.
416 962 578 1001 Materia
605 961 755 1012 peccati
782 961 887 1000 istius
915 969 1044 1012 potest
1070 961 1149 1000 dici
1169 960 1251 1011 ipsa
1274 963 1418 1000 fructus
1433 962 1540 1001 vetiti
1554 961 1810 1012 apprehensio
1825 964 1861 1001 &
1877 975 1972 1001 esus.
2003 965 2166 1013 Forma,

249 1017 367 1056 diuini
394 1015 565 1054 mandati
593 1021 861 1065 contemthS,
890 1027 957 1053 seu
987 1026 1199 1053 consensus
1215 1014 1277 1052 ille
1292 1014 1461 1053 nefarius
1477 1014 1742 1054 intellectualis
1757 1016 1968 1066 facultatis,
1985 1016 2170 1066 deceptae

249 1071 376 1120 specie
410 1069 504 1119 veri,
532 1069 583 1107 ad
612 1068 818 1106 voluntatis
846 1068 1078 1106 desiderium
1107 1069 1182 1106 iam
1208 1074 1290 1105 tum
1319 1069 1420 1106 mala
1448 1067 1647 1119 cupientis.
1695 1067 1798 1106 Finis
1826 1068 2013 1119 intentus,
2033 1071 2069 1107 δι
2091 1082 2170 1107 non

248 1135 468 1173 possessum,
496 1122 565 1160 sed
594 1124 750 1171 contra,
779 1132 846 1159 seu
875 1121 1072 1159 obiectum
1101 1121 1206 1170 quod
1233 1119 1371 1158 intueri
1399 1121 1470 1160 sibi
1498 1121 1719 1170 videbatur,
1748 1123 1783 1159 δι
1806 1121 1915 1170 quasi
1929 1134 2046 1160 manu
2061 1135 2170 1171 pren-

250 1189 332 1215 sare
361 1177 464 1225 Eua,
494 1176 528 1212 &
557 1174 708 1224 Adam,
738 1180 818 1212 erat
848 1174 970 1212 maior
997 1174 1158 1212 felicitas
1186 1173 1422 1223 acquirenda
1451 1174 1808 1224 sibi&suis,quod
1823 1174 2007 1223 opinione
2021 1181 2168 1213 tantum

249 1228 473 1277 vanissima,
501 1240 581 1265 non
610 1226 734 1276 reipsa
762 1227 917 1265 factum.

307 1296 364 1331 19.
418 1282 480 1318 De
517 1280 777 1330 specificando
807 1286 934 1318 autem
964 1281 1040 1318 hoc
1069 1291 1161 1317 casu
1189 1279 1427 1330 miserrimo,
1455 1286 1496 1318 vt
1523 1280 1724 1330 quodnam
1754 1278 1801 1317 sit
1829 1286 2034 1329 peccatum
2059 1280 2171 1319 inter-

248 1342 448 1383 noscatur,
477 1333 624 1371 variant
652 1333 883 1383 sententiae,
911 1332 974 1370 vix
1003 1339 1133 1370 tamen
1162 1333 1286 1382 possis
1316 1332 1446 1372 dicere
1474 1333 1670 1371 defectum
1697 1344 1816 1370 vnum
1840 1345 1923 1371 esse
1938 1334 2085 1380 solum,
2103 1334 2172 1372 sed

249 1390 390 1426 multos
432 1385 646 1436 credimus,
686 1397 774 1424 cum
809 1385 952 1436 doctis,
982 1384 1242 1423 concurrisse:
1286 1383 1363 1434 Alfi
1391 1388 1691 1437 intempestiuam
1709 1386 1873 1434 fructas
1902 1387 2174 1437 abreptionem.

248 1442 322 1490 Alij
354 1439 460 1489 quod
487 1440 579 1476 Eua
607 1440 663 1476 aa
683 1439 800 1477 verba
827 1439 990 1476 Domini
1016 1440 1211 1476 addiderit
1227 1440 1352 1487 sorte.
1381 1438 1441 1486 alij
1472 1440 1580 1488 quod
1607 1440 1775 1489 coeperit
1799 1440 1961 1488 colloqui
1986 1452 2068 1476 cum
2095 1452 2172 1476 ser-

242 1500 356 1545 pente
396 1494 542 1530 initimn
576 1493 722 1541 peccati
747 1493 889 1539 sm‘sse.
932 1493 1085 1529 Harum
1122 1490 1218 1529 aliae
1253 1492 1443 1530 absurdae
1472 1492 1506 1528 δι
1535 1492 1760 1530 refelluntur
1788 1490 1876 1529 satis
1903 1491 2020 1540 ipsius
2048 1491 2172 1530 Mosis

249 1546 394 1593 verbis,
424 1544 518 1582 aliae
547 1551 773 1594 apparentes
802 1544 1039 1582 occasiones.
1080 1544 1335 1593 Augustinus,
1364 1544 1593 1593 Superbiam
1622 1543 1736 1593 dicit,
1765 1543 2027 1594 probabilius,
2055 1557 2172 1593 quem

250 1598 359 1637 multi
399 1604 573 1636 veterum
613 1597 765 1646 sequuti
807 1603 911 1647 sunt,
953 1599 987 1635 δε
1025 1597 1274 1646 Scholastici,
1312 1597 1362 1635 ad
1390 1607 1530 1646 vnum,
1560 1598 1680 1635 ferme
1710 1609 1856 1634 omnes.
1899 1597 1974 1646 Alij
2007 1597 2173 1646 denique

250 1651 518 1689 [nfidelitatem
557 1657 714 1688 censent
741 1649 854 1688 fuisse
882 1650 1085 1698 volunta(f.
1117 1649 1363 1698 1644.)riam:
1394 1649 1424 1688 si
1450 1649 1608 1699 quidem
1634 1649 1745 1687 radix
1771 1648 1947 1687 Iusticiae
1973 1656 2032 1687 est
2057 1649 2172 1700 fides,

249 1707 324 1753 qua
353 1710 497 1742 stamus
527 1703 630 1752 apud
658 1703 808 1740 Deum:
839 1704 873 1740 δι
903 1715 950 1740 ex
978 1701 1160 1752 opposito
1185 1702 1393 1740 Iniustitiae
1420 1702 1530 1741 radix
1557 1702 1782 1740 Infidelitas.
1811 1703 1939 1752 Augu.
1969 1703 2085 1740 refert
2104 1702 2170 1741 lib.

254 1771 311 1795 11.
347 1756 396 1794 de
431 1757 560 1794 Genes
591 1756 641 1793 ad
669 1754 722 1794 lit.
753 1768 838 1804 cap.
867 1768 929 1801 41.
959 1755 1097 1793 Ambr.
1126 1755 1174 1792 de
1202 1756 1339 1793 Parad.
1369 1768 1453 1805 cap.
1488 1769 1544 1793 12.
1576 1755 1776 1803 Chrysost.
1805 1755 1911 1793 hom.
1945 1757 2002 1794 16.
2031 1755 2069 1792 in
2098 1756 2173 1794 Ge-

248 1810 369 1848 nesin.
397 1810 556 1858 August.
586 1808 635 1846 de
664 1808 807 1846 Genesi
835 1808 885 1845 ad
912 1808 965 1845 lit.
994 1807 1060 1846 lib.
1094 1820 1150 1845 11.
1181 1820 1264 1857 cap.
1295 1821 1358 1857 30.
1388 1809 1423 1845 &
1451 1806 1678 1846 Enchiridio
1707 1807 1757 1845 ad
1785 1809 1965 1845 Laurent.
1996 1821 2080 1857 cap.
2111 1818 2172 1858 45.

248 1865 296 1901 Et
326 1864 416 1900 sane
444 1873 523 1899 non
550 1860 676 1910 potuit
703 1860 875 1898 Adamus
902 1873 1066 1910 peccare
1095 1860 1126 1898 si
1154 1860 1400 1911 credidisset,
1428 1867 1470 1898 vt
1496 1860 1649 1909 debuit,
1674 1860 1795 1898 verbo
1810 1861 1987 1911 Domini,
2003 1861 2174 1899 &minas

248 1916 328 1953 eius
357 1927 467 1952 veras
496 1927 600 1963 esse,
629 1920 668 1951 vt
696 1920 831 1963 postea
859 1913 1070 1963 comperit,
1099 1914 1133 1950 δι
1162 1913 1280 1951 hodie
1309 1913 1550 1963 experimur,
1579 1912 1843 1951 existimasset.

304 1982 361 2005 20.
419 1968 620 2005 Hactenus
648 1967 696 2004 de
725 1966 846 2004 causis
871 1968 905 2004 &
930 1965 1177 2016 necessitate,
1206 1965 1284 2004 iam
1312 1966 1361 2004 de
1389 1966 1556 2004 Effectis.
1591 1966 1740 2004 Effecta
1767 1967 1896 2015 lapsus
1926 1965 2037 2004 huius
2061 1966 2175 2015 primi

249 2028 337 2058 sunt
380 2021 480 2057 mala
514 2018 664 2068 omnia,
699 2030 797 2068 quae
826 2021 961 2068 postea
988 2031 1109 2069 genus
1136 2020 1350 2057 humanum
1378 2019 1620 2068 inuaserant,
1654 2024 1736 2055 tum
1765 2018 1923 2068 originis
1948 2025 2174 2069 peccatum,

252 2081 334 2111 tum
361 2073 450 2110 inde
479 2071 677 2122 sequentia
705 2072 868 2110 actualia
895 2073 1046 2122 omnia,
1074 2071 1192 2110 veluti
1220 2071 1405 2110 colluuies
1429 2083 1616 2121 aquarum
1632 2070 1788 2121 ingens,
1804 2083 1962 2109 omnem
1975 2071 2174 2110 hominem

254 2127 495 2164 submersum
525 2124 712 2163 detinens.
742 2124 965 2175 deprauatio
994 2124 1096 2163 enim
1124 2131 1230 2162 tanta
1258 2131 1426 2163 mentem
1455 2125 1664 2162 humanam
1693 2123 1916 2173 occupauit,
1946 2130 1986 2161 vt
2008 2124 2174 2173 plerum-

253 2191 328 2228 que
366 2177 503 2216 exinde
543 2179 671 2216 Deum
714 2177 919 2227 ignorarit,
949 2179 983 2216 δι
1011 2190 1095 2216 esse
1124 2176 1290 2228 negarit:
1321 2178 1356 2215 δι
1385 2178 1477 2215 dum
1506 2176 1669 2215 credidit
1697 2189 1801 2226 esse,
1830 2177 1952 2226 qualis
1982 2176 2029 2214 sit
2055 2177 2175 2214 nesci-

257 2231 370 2270 uerit:
414 2230 580 2279 ideoque
619 2230 672 2268 illi
706 2237 933 2268 commenta
965 2237 1041 2281 est,
1079 2243 1149 2281 pro
1178 2230 1335 2269 arbitrio
1364 2241 1455 2281 suo,
1483 2231 1650 2280 cultum,
1679 2242 1759 2268 non
1788 2243 1834 2267 ex
1861 2229 1961 2267 illius
1990 2230 2174 2267 mandato

255 2284 409 2334 ignara,
435 2282 677 2333 imprudens,
706 2283 875 2334 stupida,
904 2285 940 2322 &
968 2283 1018 2321 ad
1046 2296 1162 2322 omne
1189 2284 1338 2321 bonum
1366 2284 1529 2322 salutare
1557 2283 1690 2321 hebes.
1718 2283 1909 2321 Voluntas
1924 2281 2059 2320 itidem
2075 2282 2174 2320 adeo

258 2348 438 2386 peruersa
467 2342 544 2386 est,
572 2343 612 2373 vt
641 2337 842 2374 conforme
869 2336 1059 2375 voluntati
1085 2336 1255 2386 diuinae,
1283 2335 1377 2374 nihil
1407 2336 1518 2386 velit,
1547 2342 1695 2374 rectum
1711 2335 1806 2373 nihil
1821 2334 2030 2385 desideret,
2045 2334 2125 2374 imo
2141 2337 2176 2373 &

257 2388 387 2428 onmia
414 2388 545 2438 cupiat
573 2389 607 2426 &
635 2389 724 2427 velit
754 2392 892 2428 contra
918 2390 1042 2440 ipsam
1069 2390 1144 2428 Dei
1171 2391 1411 2428 voluntatem
1438 2390 1598 2438 abrepta
1627 2387 1883 2438 singularibus
1911 2387 2055 2427 studiis.
2085 2387 2176 2426 hinc

258 2444 367 2480 liomo
397 2443 574 2480 animalis
602 2456 676 2479 non
705 2444 807 2491 capit
831 2442 874 2480 ea
902 2456 999 2492 quae
1026 2449 1117 2481 sant
1139 2444 1239 2492 Dei,
1267 2443 1335 2481 sed
1358 2443 1392 2479 ei
1417 2447 1508 2480 sunt
1531 2443 1703 2480 stultitia.
1738 2455 1767 2478 1.
1797 2441 1888 2479 Cor.
1919 2454 1954 2479 2.
1988 2454 2046 2488 14.
2074 2441 2110 2478 δι
2143 2453 2175 2478 1.

261 2508 319 2544 23.
363 2496 413 2532 Et
441 2495 546 2544 quod
576 2494 675 2532 bene
703 2495 881 2533 volumus
911 2503 966 2534 est
995 2509 1042 2534 ex
1069 2494 1235 2546 gratuito
1263 2495 1338 2533 Dei
1365 2494 1570 2533 beneficio.
1598 2496 1698 2535 Plzil.
1730 2507 1764 2533 2.
1790 2507 1847 2543 13.
1869 2497 1985 2543 aquo
2002 2496 2176 2540 ἱκανότης

259 2548 415 2585 nostra?
443 2561 476 2585 2.
510 2550 594 2585 Cor.
626 2560 662 2596 3.
694 2557 727 2597 5.
1231 2594 1238 2600 ἣ

314 2614 372 2637 21.
428 2601 563 2649 Neque
591 2600 716 2638 solum
744 2599 807 2638 ille
837 2600 994 2640 interior
1022 2601 1172 2640 animae
1200 2606 1355 2639 ornatus
1383 2600 1422 2638 in
1450 2600 1605 2639 Iusticia
1627 2601 1662 2637 &
1678 2599 1880 2638 sanctitate
1894 2598 1945 2636 ad
1959 2598 2174 2648 Imaginem

261 2654 294 2689 δι
323 2652 612 2691 similitudinem
641 2653 856 2703 Creatoris,
893 2656 1105 2693 maculatus
1143 2655 1177 2691 δι
1206 2653 1364 2692 amissus
1392 2660 1468 2702 est,
1498 2654 1566 2692 sed
1591 2655 1626 2691 δι
1654 2659 1850 2691 externus:
1881 2650 2046 2701 dignitas
2075 2650 2176 2689 enim

260 2705 582 2744 lineamentorum
611 2706 807 2757 corporis,
834 2707 869 2744 ὅτ
902 2709 1021 2746 robur
1047 2707 1165 2757 ipsius
1192 2719 1272 2745 non
1299 2706 1482 2745 remansit
1509 2706 1548 2744 in
1575 2705 1705 2744 neruis
1732 2707 1768 2744 &
1796 2703 1999 2743 membris:
2026 2704 2095 2741 sed
2109 2715 2178 2752 per

263 2758 392 2796 onmia
422 2756 538 2796 durae
566 2759 794 2798 valetudinis
821 2759 914 2811 legi,
942 2764 977 2799 &
1006 2760 1121 2800 morti
1148 2758 1418 2799 acerbissimae
1439 2758 1615 2798 subditus
1633 2765 1690 2797 est
1704 2756 2178 2847 homo‘ipfesguslaeifssm*

1851 2821 1929 2860 nis,
1984 2820 2009 2846 o
2025 2820 2084 2847 on
2112 2819 2178 2856 us,
