2334 3020
781 108 995 135 THESES
1039 106 1471 134 'riraonooicsiffi
2025 90 2113 143 177'

167 218 369 258 cedendo:
412 216 637 267 posterioris
679 223 809 254 autem
850 216 966 254 etiam
1009 227 1098 253 cum
1132 214 1266 253 mortis
1300 213 1605 252 comminatione
1639 212 1909 263 prohibendo,
1938 213 2100 251 liberam

165 270 377 311 voluntatis
404 271 598 308 humanae
626 269 894 308 conditionem
923 281 1003 306 non
1031 270 1198 306 obscure
1226 267 1450 306 testificatus
1479 273 1536 305 est
1563 265 1771 304 Dominus.

218 328 281 374 38.
337 324 402 362 Ad
439 321 680 362 rectitudinis
713 321 829 373 igitur
862 322 1016 360 innatae
1050 321 1411 371 conseruationem,
1439 319 1545 358 nulla
1570 319 1643 357 nisi
1669 319 1760 357 iuris
1790 320 1824 357 &
1854 318 2101 357 obedientiae

166 377 396 417 necessitate
425 375 651 426 obstrictus,
681 388 767 413 eam
798 375 950 413 interno
980 387 1050 413 suo
1078 373 1292 424 principio,
1320 379 1446 423 quue
1474 373 1694 422 liberrimO,
1723 371 1887 422 abiecit,
1915 374 2026 421 cum,
2051 372 2101 409 de

164 430 315 470 arboris
343 428 485 468 vetitae
511 430 638 466 fructo
668 429 899 479 comedens,
927 430 949 465 a
978 427 1215 478 praescripta
1242 426 1315 465 sibi
1345 426 1504 465 viuendi
1533 426 1672 464 norma
1701 425 1935 463 declinaret:
1966 430 2100 474 sicque

165 483 326 522 arbitrio
356 495 427 521 suo
456 482 556 520 male
584 488 696 520 vtens
725 495 784 533 se,
814 483 864 520 ὢν»
891 494 1000 519 ςπηηι
1025 483 1082 530 (vt
1110 493 1199 519 cum
1215 479 1433 530 Augustino
1448 481 1656 529 loquamur
1684 479 1890 516 Euchirz'd.
1908 479 1964 515 ad
1973 479 2102 516 Lama

165 545 250 588 cap.
279 537 360 586 30.)
379 537 557 587 perdidit
581 536 802 573 arbitrium.

219 603 282 640 39.
338 591 431 627 Hoc
473 587 577 626 enim
618 587 801 638 singulari
841 589 946 626 facto
983 588 1108 636 (quod
1146 588 1254 625 Deus
1289 598 1336 624 ex
1364 586 1522 624 decreto
1552 585 1587 622 δι
1617 583 1781 622 consilio
1810 590 1992 634 aeterno,
2022 584 2103 622 sine

166 643 241 682 vlla
270 642 403 692 culpa,
433 640 628 691 permisit,
658 644 693 679 ἃ
721 641 771 679 ad
798 641 939 679 iustum
968 641 1086 678 finem
1114 638 1325 687 ordinauit)
1354 639 1508 689 penitus
1537 637 1742 677 obliterata
1773 643 1832 675 est
1864 636 1995 686 imago
2011 637 2105 688 Dei,

164 697 200 735 &
242 695 280 733 in
315 696 395 733 eius
432 697 566 732 locum
604 694 789 732 successit
822 693 1059 732 incredibilis
1095 694 1235 734 ἀταξία
1263 694 1298 730 &r
1328 691 1527 742 corruptio
1556 691 1595 729 in
1623 690 1781 741 natura,
1810 692 1891 728 tum
1921 690 2103 740 singulari

166 749 285 799 ipsius
322 747 488 798 Adami,
523 749 605 785 tum
634 747 835 785 communi
862 746 1038 785 omnium
1067 753 1335 796 posterorum,
1364 745 1430 795 qui
1457 745 1507 782 ab
1537 757 1607 794 eo,
1636 752 1822 793 tanquam
1850 745 1873 781 a
1902 742 2106 793 principali

162 801 387 851 indiuiduo,
416 801 633 839 secundum
660 807 839 838 naturam
869 800 1096 850 propagati,
1126 798 1164 836 in
1193 799 1278 849 ipso
1306 805 1588 848 peccauerunt:
1626 797 1738 845 Quae
1766 795 1868 835 enim
1899 797 2004 834 dona
2032 796 2105 834 sibi

166 859 322 904 suisque
351 859 575 904 acceperat,
606 855 695 902 ca(f.
730 854 951 904 1655.)dem
981 852 1053 891 sibi
1081 851 1237 902 suisque
1265 853 1369 889 facto
1399 862 1469 889 suo
1497 849 1637 888 amisit.

218 922 283 955 40.
339 908 453 945 Hanc
496 906 611 956 igitur
652 907 908 945 mutationem
942 913 1074 944 secuta
1111 912 1168 943 est
1194 903 1422 954 necessitas,
1451 905 1584 953 (quam
1612 901 1667 940 rei
1695 903 1729 940 ἃ
1759 903 1918 941 effectus
1945 904 2104 951 vocant)

167 960 384 1012 potentiam
412 960 464 998 ad
492 959 700 1010 vtrumuis,
729 960 810 999 siue
837 961 1007 1009 bonum,
1037 958 1118 997 siue
1146 959 1314 1006 malum,
1343 957 1528 1007 liberam,
1557 956 1819 993 determinans
1849 955 1988 1005 triplici
2015 969 2106 993 con-

167 1014 335 1064 ditione,
381 1019 497 1063 prout
534 1012 723 1062 triplicem
762 1013 813 1051 ad
841 1015 939 1050 haec
966 1012 1046 1049 duo
1074 1011 1255 1061 specialia
1282 1010 1439 1049 obiecta
1464 1016 1683 1058 respectum
1714 1010 1851 1055 habet,
1879 1009 1929 1046 ad
1957 1011 2106 1047 bonum

166 1080 329 1117 nempe,
357 1067 408 1104 ad
436 1067 604 1116 malum,
634 1066 669 1103 ἃ
697 1066 748 1103 ad
776 1072 983 1114 vtrumque
1010 1064 1138 1102 simul.

218 1133 282 1166 41.
337 1119 496 1170 Triplex
524 1125 655 1156 autem
683 1118 755 1157 ista
782 1118 992 1157 necessitas
1022 1130 1070 1155 ex
1097 1116 1240 1166 triplici
1263 1114 1429 1165 duplicis
1452 1113 1690 1153 aduentitiae
1707 1115 1856 1151 formae
1870 1113 1909 1151 in
1925 1115 2106 1164 homine,

168 1172 430 1223 corruptionis
466 1171 671 1222 nimirum,
708 1172 744 1209 «Sc
772 1170 984 1209 sanctitatis
1014 1171 1148 1219 (quam
1176 1169 1393 1218 Apostolus
1421 1169 1550 1217 legem
1578 1166 1705 1205 carnis
1732 1168 1767 1204 δε
1798 1168 1924 1217 legem
1953 1168 2107 1217 spiritus

167 1228 338 1275 appellat
379 1227 493 1263 Rom.
521 1227 558 1262 8.
590 1238 623 1263 2.
655 1226 707 1273 3.)
749 1223 1085 1271 consideratione,
1117 1228 1247 1261 ortum
1279 1220 1410 1259 ducit:
1448 1234 1497 1259 ex
1533 1219 1784 1269 corruptione
1813 1219 1915 1258 enim
1944 1227 2105 1258 naturae

164 1286 321 1318 nostrae
360 1277 522 1327 adnata,
550 1277 722 1326 sequitur
748 1276 957 1316 necessitas
985 1276 1036 1314 ad
1065 1276 1229 1314 malum:
1258 1287 1306 1313 ex
1331 1274 1556 1324 sanctitate,
1584 1274 1635 1311 ad
1665 1275 1835 1312 bonum:
1866 1285 1913 1310 ex
1941 1280 2104 1322 vtraque

165 1331 396 1380 coniuncta,
425 1331 476 1369 ad
503 1332 675 1380 bonum,
704 1332 740 1368 &
767 1330 818 1367 ad
846 1331 1006 1368 malum.

218 1397 282 1432 42.
336 1384 444 1423 Hinc
484 1382 622 1432 triplex
662 1382 826 1433 emergit
864 1381 1033 1420 hominis
1065 1389 1156 1432 post
1189 1382 1343 1431 lapsum
1371 1379 1549 1419 conditio
1578 1379 1794 1418 secundum
1822 1391 1940 1428 quam
1969 1379 2107 1429 triplex

165 1437 281 1476 etiam
309 1437 349 1475 in
382 1450 430 1476 eo
462 1435 574 1474 liberi
601 1435 745 1485 arbitrij
774 1435 872 1474 ratio
900 1434 1188 1474 consideranda
1217 1441 1288 1472 est:
1317 1447 1412 1484 vna,
1439 1432 1480 1471 in
1506 1438 1608 1471 statu
1636 1438 1797 1470 naturae
1826 1439 2056 1482 corruptae,
2085 1435 2108 1469 a

165 1502 241 1540 qua
269 1490 452 1541 σαρκικὸς
479 1489 708 1538 appellatur.
751 1490 888 1527 Altera
913 1488 953 1526 in
981 1495 1082 1526 statu
1110 1494 1271 1526 naturae
1301 1500 1349 1526 ex
1375 1493 1486 1537 parte
1514 1492 1790 1535 regeneratae,
1819 1488 1842 1523 a
1867 1485 1943 1535 quii
1967 1485 2109 1523 dicitur

163 1542 438 1592 msvpamdg.
466 1542 536 1580 sed
562 1541 744 1580 inchoate
771 1542 934 1581 tantum.
962 1541 1095 1579 Tertia
1122 1540 1160 1578 in
1191 1547 1291 1578 statu
1320 1540 1494 1579 eiusdem
1523 1538 1676 1589 penitus
1705 1545 1938 1589 renouatae,
1969 1541 2003 1576 ὃς
2026 1541 2107 1588 glo·

164 1595 353 1644 rificatae,
381 1594 484 1632 vnde
512 1596 684 1644 perfecte
713 1598 748 1633 Sc
775 1597 1045 1633 consummate
1073 1593 1280 1644 spiritualis
1309 1592 1544 1632 nominatur.

216 1660 279 1696 43.
333 1648 379 1685 In
407 1647 528 1696 priori
555 1655 688 1686 autem
716 1647 784 1686 illo
815 1656 937 1698 statu,
966 1647 1037 1686 etsi
1062 1646 1377 1698 corruptissimo,
1405 1645 1568 1695 aliquod
1595 1652 1726 1683 tamen
1753 1644 1793 1683 in
1818 1644 1979 1683 homine
1994 1644 2107 1683 liber-

163 1701 250 1739 tatis
277 1699 422 1749 arbitrij
450 1700 655 1751 vestigium
678 1714 866 1751 apparere
900 1702 1190 1740 confirmamus.
1218 1702 1265 1738 In
1293 1698 1518 1750 adiaphoris
1539 1698 1644 1737 enim
1666 1698 1853 1747 liberam,
1870 1699 1970 1736 &acl
1986 1699 2106 1736 multa

163 1753 449 1792 indifferentem
476 1754 705 1793 remansisse
732 1754 943 1793 voluntatis
969 1754 1227 1804 electionem,
1256 1766 1317 1792 res
1345 1753 1449 1803 ipsa,
1478 1754 1514 1791 &
1543 1751 1764 1790 communis
1792 1751 1969 1789 omnium
1994 1764 2108 1801 expc-

163 1806 297 1866 rientia
324 1813 497 1846 testatur.
539 1809 583 1845 In
611 1807 728 1847 bonis
756 1811 849 1846 vero
878 1809 914 1846 δε
943 1807 1053 1846 malis
1090 1807 1295 1857 quomodo
1319 1819 1360 1845 se
1388 1807 1552 1856 habeat,
1579 1805 1694 1843 vnica
1718 1804 1968 1842 distinctione
1990 1804 2108 1854 expli-

165 1873 244 1898 cari
272 1872 353 1897 non
382 1866 524 1909 potest.

215 1926 278 1960 44.
333 1914 507 1952 Primum
548 1913 662 1965 igitur
703 1914 922 1953 notandum
964 1922 1043 1962 est,
1085 1915 1236 1952 bonum
1277 1913 1314 1951 &
1356 1913 1502 1951 malum
1539 1910 1718 1951 bifariam
1753 1910 1898 1962 accipi,
1928 1909 2109 1949 strictiori

163 1965 366 2016 nimirum,
407 1967 444 2004 &
485 1966 614 2006 latiori
655 1966 952 2018 significatione.
996 1966 1188 2006 Strictiori
1229 1966 1389 2016 quidem
1420 1978 1495 2015 pro
1531 1964 1753 2003 actionibus
1782 1977 1854 2002 suo
1884 1977 2044 2014 genere,
2074 1965 2109 2002 δε

164 2020 380 2058 secundnm
422 2020 678 2058 substantiam
719 2020 849 2071 operis
891 2026 949 2070 (vt
980 2019 1214 2071 loquuntur)
1247 2019 1362 2058 bonis
1399 2021 1436 2057 &
1463 2018 1594 2056 malis:
1624 2017 1754 2056 latiori
1781 2024 1912 2055 autem
1939 2030 2012 2066 pro
2042 2016 2109 2066 iis,

165 2084 265 2122 quae
294 2074 583 2122 quoquomodo
613 2075 709 2112 tales
737 2081 848 2125 sunt,
877 2074 959 2112 siue
986 2087 1057 2124 per
1087 2087 1150 2124 se,
1179 2075 1215 2111 δι
1242 2071 1381 2111 natura
1409 2071 1498 2122 sua,
1527 2071 1609 2109 siue
1638 2083 1709 2120 per
1736 2069 1941 2121 accidens,
1958 2070 2109 2108 ratione

163 2125 450 2166 adiunctorum.
490 2126 691 2165 Adiuncta
733 2134 863 2166 autem
903 2127 1103 2165 actionum
1143 2139 1269 2176 voco,
1306 2124 1562 2176 principium,
1601 2123 1918 2173 circunstantias,
1961 2123 2109 2172 media,

164 2178 441 2228 obiectumque
482 2181 518 2217 &
556 2181 695 2231 finem,
733 2192 833 2230 quae
870 2180 1030 2230 quidem
1065 2179 1222 2238 omnia,
1248 2179 1280 2217 si
1309 2179 1360 2218 ad
1387 2178 1584 2217 actionem
1613 2176 1791 2216 ordinate
1820 2176 2110 2226 concurrerint,

166 2234 274 2271 bona
303 2239 381 2282 est,
410 2232 442 2271 si
469 2233 713 2283 inordinate,
742 2235 857 2272 mala.

218 2296 282 2335 45.
338 2285 454 2324 Circa
495 2288 646 2325 bonum
683 2299 798 2337 ergo,
833 2289 869 2326 &
905 2288 1072 2337 malum,
1101 2287 1318 2325 secundum
1346 2285 1515 2336 priorem
1544 2283 1814 2334 acceptionem
1843 2282 2110 2327 considerata,

163 2350 245 2376 non
272 2341 431 2378 renatus
459 2340 701 2389 aliquatenus
728 2340 826 2378 liber
853 2347 923 2379 est.
958 2339 1149 2389 Quamuis
1177 2339 1282 2378 enim
1309 2352 1390 2378 non
1417 2337 1502 2389 pari
1528 2337 1679 2376 ratione
1707 2337 1760 2375 ad
1787 2343 2012 2386 vtrumque,
2041 2336 2109 2374 sed

163 2391 214 2429 ad
241 2392 320 2430 hoc
348 2392 496 2443 potius,
525 2395 644 2443 quam
671 2393 724 2431 ad
750 2392 847 2431 illud
873 2392 1083 2431 vitiositate
1112 2392 1198 2441 sua,
1226 2395 1390 2431 feratur:
1414 2393 1455 2430 in
1470 2390 1640 2441 politicis
1654 2397 1808 2440 tamen,
1825 2387 2109 2436 oeconomicis,

164 2445 200 2482 δι
230 2445 442 2484 moralibus
469 2446 710 2496 actionibus,
738 2450 980 2497 caeterisque
1007 2458 1108 2496 quae
1137 2445 1333 2496 sensibus,
1358 2446 1394 2482 δε
1421 2443 1564 2483 rationi
1578 2443 2108 2494 subiiciuntur,voluntatem

164 2497 388 2548 electiuam,
416 2510 487 2537 suo
516 2500 639 2538 modo
668 2498 840 2538 iunctam
868 2500 1013 2538 habere
1041 2499 1263 2538 libertatem
1291 2498 1436 2547 arbitrij
1466 2497 1732 2536 indubitanter
1759 2495 1977 2534 asserimus.

218 2552 282 2597 46.
336 2551 376 2589 Si
403 2555 496 2590 vero
525 2553 677 2590 bonum
704 2554 740 2591 δε
768 2554 914 2590 malum
941 2553 980 2590 in
1008 2565 1150 2603 genere
1178 2558 1397 2603 sumantur,
1424 2553 1542 2601 longe
1570 2550 1724 2588 diuersa
1752 2550 1850 2588 ratio
1871 2556 1940 2587 est.
1968 2549 2110 2586 Neces-

165 2604 266 2642 sario
301 2603 404 2642 enim
431 2612 570 2654 peccat
595 2606 718 2643 homo
746 2618 827 2643 non
856 2612 1029 2655 renatus,
1058 2618 1133 2643 nec
1161 2605 1375 2655 quicquam
1404 2605 1504 2642 velle
1532 2610 1598 2641 aut
1624 2604 1754 2640 facere
1783 2608 1933 2652 potest,
1967 2601 2110 2650 (donec

164 2669 234 2706 per
270 2657 432 2705 gratiam
469 2658 774 2708 regenerationis
812 2658 917 2696 aliud
944 2659 1010 2697 fiat
1038 2658 1147 2708 quod
1174 2671 1256 2696 non
1285 2658 1332 2696 sit
1360 2657 1492 2707 aliquo
1519 2656 1616 2695 vitio
1644 2656 1909 2705 inquinatum,
1938 2655 2027 2703 quia
2052 2656 2111 2692 vel

169 2710 344 2757 tantum,
373 2711 481 2759 quod
508 2711 548 2748 in
576 2723 617 2749 se
645 2713 791 2749 malum
820 2718 898 2761 est,
930 2713 1013 2750 vult
1039 2712 1075 2749 St
1103 2711 1216 2762 facit,
1244 2712 1306 2750 vel
1333 2711 1484 2749 etiamsi
1511 2711 1618 2748 bona
1645 2709 1684 2746 in
1713 2721 1754 2746 se
1769 2707 2112 2758 velit,autfaciat,

171 2763 491 2812 quandoquidem
520 2767 544 2802 a
571 2766 680 2803 bono
708 2765 899 2814 principio
927 2777 1008 2803 non
1035 2771 1142 2815 sunt,
1169 2765 1205 2801 &
1235 2777 1304 2814 per
1332 2766 1439 2803 bona
1469 2763 1597 2801 media
1623 2762 1674 2799 ad
1701 2762 1843 2800 iustum
1858 2761 2055 2799 obiectum
2072 2760 2109 2797 in

1134 2830 1180 2867 23
1962 2816 2111 2852 bonum
