2334 3020
294 128 369 166 330

292 240 451 282 vocant,
493 232 642 282 optimo
682 232 764 271 iure
807 245 942 272 omnes
982 232 1185 273 tribuimus
1226 244 1420 273 consensu
1460 245 1562 286 vno,
1598 249 1644 274 ex
1678 234 1880 274 communi
1907 234 2026 285 ipsius
2057 242 2221 277 naturae

291 284 534 335 testimonio,
575 291 760 335 certoque
802 286 946 325 iudicio
989 287 1147 326 rationis
1184 294 1361 326 nostrae:
1395 287 1459 326 hic
1496 295 1627 327 tamen
1658 290 1828 327 humana
1855 290 1976 327 ferme
2008 290 2107 328 ratio
2137 304 2218 329 non

290 339 455 376 titubare
491 339 635 387 solum,
671 340 741 376 sed
777 338 991 390 impingere
1017 341 1130 378 solita
1160 348 1237 389 est,
1266 340 1407 390 partim
1436 341 1655 380 fallentibus
1682 341 1852 380 tenebris
1884 342 2048 393 mentis,
2075 344 2218 393 partim

290 393 443 429 labente
474 389 695 429 infirmitate
731 399 885 442 nostra,
912 397 1102 444 part1'mq3
1131 393 1265 432 studiis
1292 394 1549 443 singularibus
1577 394 1616 432 in
1644 395 1795 433 diuersa
1823 393 1996 443 singulos
2026 396 2220 446 abripien-

290 444 404 482 tibus.
445 444 547 481 Nam
583 456 720 482 omnes
755 445 915 494 quidem
951 454 1088 484 natura
1115 448 1232 485 docet
1260 447 1440 485 ordinem
1468 460 1551 485 esse
1579 448 1618 485 in
1645 449 1760 486 rebus
1788 447 1987 499 humanis,
2013 449 2052 486 in
2082 449 2217 498 primis

290 504 420 534 autem
460 495 649 548 publicis,
690 505 891 547 oportere:
939 500 1008 537 sed
1049 500 1088 537 in
1130 499 1276 538 ordinis
1313 500 1411 538 illius
1441 511 1557 549 quem
1585 514 1668 539 esse
1697 508 1852 550 oportet
1887 501 2217 541 determinatione

290 550 492 587 haeremus
533 562 669 588 omnes
711 550 924 590 miserrima
964 553 1052 591 labe
1080 554 1122 601 (f.
1155 555 1270 601 1473)
1299 553 1334 590 δε
1363 553 1642 603 deprauatione
1670 562 1848 592 naturae:
1892 553 1972 591 Hic
2001 554 2097 592 illud
2126 558 2216 593 vere

289 601 431 640 accidit
459 603 567 652 quod
594 605 712 654 vulgo
742 604 818 642 dici
845 606 964 656 solet,
993 606 1102 654 Quot
1130 606 1275 657 capita,
1304 612 1362 644 tot
1388 607 1610 645 sententiae.
1647 609 1747 658 Atq3
1775 608 1853 645 hoe
1882 606 2041 656 quidem
2069 609 2215 646 malum

289 654 512 693 hominibus
553 669 634 694 non
675 656 814 695 mirum
856 665 912 696 est
953 659 1198 709 contingere,
1241 671 1408 709 quorum
1449 659 1665 698 intellectus
1699 662 1750 698 ad
1788 661 1906 698 breue
1935 667 2085 698 tantum
2114 661 2217 699 &in

289 709 458 747 obscuro
487 707 615 760 videt,
645 709 742 748 ratio
772 712 1027 750 obtenebrata
1055 719 1132 762 est,
1161 714 1381 751 voluntates
1409 712 1648 759 differentes,
1676 712 1864 763 iudiciaq3
1898 714 2218 765 corrupta3vnde

287 761 327 798 in
367 761 684 801 conclusionibus
721 765 756 801 &
790 764 1180 803 determinationibus
1214 765 1354 804 nostris
1390 767 1480 804 cum
1509 766 1742 804 mutationes
1771 765 1810 803 in
1838 765 1972 816 nobis,
2005 774 2088 805 tum
2117 766 2216 805 inter

288 826 360 853 nos
388 814 647 854 dissensiones
675 815 842 855 existunt
869 817 1106 857 innumerae.

342 867 595 917 Quapropter
622 869 653 908 si
681 869 766 918 quis
794 871 1012 920 Legislator
1039 884 1157 922 purus
1185 879 1285 910 esset
1311 873 1362 910 ab
1391 872 1500 910 omni
1527 872 1647 923 vitio,
1676 871 1743 922 qui
1768 874 1865 922 pure
1893 871 2216 924 simpliciterque,

287 920 426 958 ὡσανεὶ
452 921 493 957 ἐν
521 921 693 974 ἐσόπτρῳ
721 922 873 976 donn-<p
904 926 966 963 καὶ
993 925 1201 977 ἀκενῑήτῳ,
1230 925 1306 964 suis
1330 925 1481 976 legibus
1495 926 1727 976 exprimeret
1739 937 1830 963 suae
1845 925 2020 974 puritatis
2035 927 2217 977 modum,

286 972 367 1010 eius
394 974 456 1012 lex
483 974 615 1024 regina
643 975 806 1014 aliarum
835 977 1010 1015 omnium
1037 979 1217 1017 habenda
1247 986 1359 1018 esset.
1388 979 1490 1017 Cum
1518 986 1648 1018 autem
1662 991 1712 1017 ne
1727 990 1862 1017 omnes
1878 977 2216 1029 quidem,nedum

286 1038 403 1077 vnus,
440 1028 517 1065 hoc
554 1040 653 1077 opus
681 1036 876 1078 praestare
905 1030 1074 1082 possint,
1102 1038 1167 1070 aut
1195 1044 1367 1081 vnquam
1395 1033 1523 1070 adhuc
1549 1032 1827 1082 praestiterint,
1857 1042 2082 1082 quaecunq3
2110 1033 2215 1082 leges

287 1080 479 1118 humanae
507 1081 556 1118 ab
585 1081 809 1120 hominibus
843 1086 1041 1133 profectae
1069 1093 1175 1132 sunt,
1206 1097 1274 1123 eae
1302 1085 1445 1135 primas
1473 1085 1547 1124 sibi
1570 1098 1752 1136 arrogare
1772 1084 1998 1134 simpliciter
2012 1086 2119 1122 nullo
2134 1085 2216 1123 iure

286 1139 450 1182 possunt
489 1132 527 1171 in
566 1146 636 1172 suo
675 1148 839 1185 genere,
874 1136 964 1186 quia
992 1150 1144 1187 semper
1170 1138 1270 1176 inest
1297 1138 1426 1188 aliqua
1453 1138 1709 1189 imperfectio.
1752 1139 1853 1176 Nam
1883 1136 2069 1187 quiequid
2094 1138 2216 1176 homo

285 1185 383 1235 sapit
417 1185 558 1225 vtiliter
593 1187 633 1225 in
665 1189 742 1226 hoc
772 1188 857 1238 ipso
889 1191 1062 1229 humano
1091 1191 1230 1230 ordine
1258 1192 1308 1230 de
1336 1203 1416 1241 quo
1443 1204 1548 1230 nunc
1576 1192 1721 1243 agitur,
1748 1191 1789 1230 id
1816 1202 2018 1240 nunquam
2045 1190 2119 1229 nisi
2147 1204 2217 1240 per

286 1238 495 1289 rationem,
537 1252 612 1278 nec
641 1240 714 1280 nisi
742 1243 765 1279 a
794 1242 949 1293 paucis,
978 1244 1014 1281 δε
1041 1257 1110 1294 per
1137 1246 1300 1295 longum
1328 1251 1499 1297 tempus,
1528 1246 1646 1295 idque
1674 1244 1847 1284 admistis
1876 1243 2071 1282 erroribus
2099 1255 2216 1293 quam

284 1291 478 1343 plurimis,
506 1294 556 1332 ab
583 1306 631 1332 eo
658 1293 881 1345 inuestigari
908 1303 1037 1346 potest
1063 1304 1180 1347 atque
1207 1297 1385 1336 obtineri.

339 1346 525 1395 Magnam
568 1347 661 1385 olim
703 1347 818 1386 fuisse
859 1350 1139 1399 AEgyptiorum
1181 1352 1301 1401 (apud
1335 1363 1434 1401 quos
1468 1353 1600 1390 Moses
1629 1352 1700 1390 fuit
1726 1351 1935 1397 institutus)
1965 1348 2213 1399 sapientiam,

284 1410 420 1436 omnes
462 1398 645 1439 historiae
687 1402 940 1440 confitentur:
982 1405 1017 1441 δε
1060 1404 1284 1453 quicunque
1313 1417 1360 1442 ex
1397 1405 1562 1443 Graecia
1588 1405 1812 1455 philosophi
1840 1403 1878 1441 in
1906 1415 2060 1441 summo
2088 1402 2214 1452 pretio

283 1450 527 1502 exstiterunt,
556 1452 580 1501 ij
609 1454 731 1492 ferme
760 1467 895 1493 omnes
923 1468 970 1494 eo
1000 1457 1159 1496 nomine
1187 1459 1237 1496 ab
1261 1458 1485 1496 auctoribus
1510 1459 1625 1497 etiam
1640 1458 1811 1509 profanis
1827 1456 2214 1506 celebrantur,quod

283 1504 561 1554 AEgyptiorum
590 1506 812 1556 disciplinas
841 1509 1056 1548 hausissent
1085 1523 1232 1548 coram.
1276 1512 1440 1549 Exstant
1467 1513 1664 1561 praeclara
1686 1511 1798 1561 i110(f.
1826 1511 2028 1558 1474)rum
2043 1509 2213 1547 instituta

282 1569 363 1594 non
392 1569 516 1607 pauca
542 1560 647 1608 apud
677 1561 948 1612 Herodotum,
981 1563 1202 1601 Diodorum
1231 1563 1420 1613 Siculum,
1449 1567 1484 1603 δι
1512 1565 1627 1603 alios:
1653 1568 1688 1604 &
1708 1565 1803 1603 illud
1818 1569 2035 1601 memoratu
2051 1561 2212 1611 dignum

282 1610 390 1659 quod
418 1612 646 1651 Plutarchus
675 1621 824 1663 narrat,
853 1616 981 1665 Reges
1018 1616 1293 1666 AEgyptiorum
1323 1618 1536 1656 secundnm
1564 1619 1691 1668 legem
1722 1631 1790 1656 eos
1824 1617 2019 1655 adiurasse
2047 1615 2113 1664 qui
2141 1614 2212 1652 iuri

282 1663 456 1702 dicundo
498 1672 606 1703 erant
644 1666 873 1715 praefuturi:
915 1668 1065 1707 etiamsi
1091 1683 1157 1707 rex
1186 1669 1268 1719 ipse
1295 1669 1445 1709 iuberet
1472 1673 1521 1709 ab
1552 1670 1644 1721 ipsis
1672 1670 1818 1720 aliquid
1846 1668 1976 1708 iniusti
2002 1668 2042 1706 in
2068 1667 2210 1705 iudicio

281 1716 552 1768 pronunciari,
580 1725 621 1757 vt
647 1719 688 1757 id
715 1732 765 1757 ne
794 1721 977 1760 facerent.
1007 1722 1137 1770 Quam
1166 1723 1320 1761 laudem
1349 1723 1448 1762 inter
1468 1726 1587 1763 Rom.
1617 1725 1804 1763 Caesares
1818 1721 2007 1761 Traianus
2023 1720 2212 1770 imitatus,

280 1781 401 1818 quum
443 1770 618 1809 strictum
659 1785 792 1811 ensem
829 1787 962 1812 coram
999 1776 1244 1825 magnatibus
1281 1776 1357 1814 suis
1388 1779 1587 1826 praefecto
1624 1777 1820 1828 praetorio
1849 1775 2039 1824 traderet,
2069 1773 2211 1811 dixisse

278 1822 436 1873 legitur,
479 1823 585 1873 Cape
626 1825 730 1863 hunc
771 1838 923 1864 ensem:
965 1830 1018 1877 δε,
1056 1829 1086 1866 si
1120 1830 1245 1867 bonus
1274 1830 1403 1879 fuero,
1434 1843 1504 1879 pro
1535 1843 1615 1880 me,
1647 1833 1704 1869 sin
1734 1831 1876 1880 maluS,
1906 1840 1953 1866 eo
1983 1836 2119 1865 contra
2147 1839 2210 1864 me

279 1875 408 1914 vtitor.
436 1877 584 1915 Verum
612 1885 807 1928 vtcunque
834 1879 922 1917 illae
950 1880 1225 1931 AEgyptiorum
1254 1883 1359 1932 leges
1381 1882 1462 1921 aliis
1478 1884 1756 1933 praestiterint,
1781 1895 1826 1920 ea
1840 1889 1971 1920 tamen
1986 1880 2208 1928 fuitimper-

278 1928 394 1966 fectio
423 1930 598 1979 corporis
624 1930 794 1981 illarum,
822 1939 863 1970 vt
891 1932 1070 1972 euincere
1098 1936 1133 1972 &
1162 1935 1429 1974 demonstrare
1458 1936 1504 1974 sit
1533 1937 1780 1986 facillimum,
1808 1936 1889 1974 iure
1918 1932 2060 1985 primas
2075 1932 2149 1971 illis
2171 1932 2209 1969 in

277 1993 420 2030 genere
449 1982 611 2032 politico
639 1997 721 2022 non
747 1997 863 2035 posse
890 1986 1020 2026 tribui.

330 2034 554 2082 Quinetiam
591 2035 621 2074 si
649 2050 749 2087 quae
775 2039 880 2088 leges
907 2040 1100 2078 humanae
1128 2047 1216 2078 sunt
1244 2053 1407 2090 quarum
1437 2054 1579 2092 corpus
1608 2043 1647 2080 in
1677 2042 1801 2092 pretio
1830 2043 2040 2090 habeatur,
2070 2038 2208 2076 merito

277 2086 335 2125 ius
362 2088 457 2126 illud
485 2090 657 2127 futurum
687 2095 768 2140 est,
805 2092 913 2141 quod
940 2092 1155 2131 Iustiniano
1183 2101 1342 2132 auctore
1371 2103 1460 2133 ante
1491 2095 1596 2133 mille
1627 2096 1825 2146 sexaginta
1852 2107 1975 2133 annos
2003 2104 2209 2141 coagmen-

276 2147 399 2178 tatum
434 2148 490 2180 est
526 2155 572 2180 ex
606 2143 977 2193 sapientissimorum
1015 2145 1218 2185 hominum
1246 2147 1713 2198 prudentissimoriimque
1743 2146 2020 2186 monumentis
2060 2148 2113 2182 At
2141 2157 2209 2182 eae

276 2200 405 2231 tamen
433 2194 539 2244 ipsae
567 2196 671 2245 leges
703 2196 1040 2246 imperfectionem
1069 2211 1178 2237 suam
1208 2201 1311 2237 clara
1341 2213 1437 2239 voce
1467 2201 1576 2250 quasi
1605 2202 1834 2251 enunciant,
1863 2201 1893 2239 si
1921 2201 1978 2238 ius
1994 2206 2104 2237 vetus
2119 2209 2209 2235 cum

276 2258 382 2284 nouo
423 2254 489 2285 aut
528 2249 763 2288 Iustinianeo
807 2253 862 2299 (vt
890 2254 1049 2300 vocant)
1086 2252 1293 2291 institueris
1331 2266 1578 2303 comparare,
1617 2256 1725 2304 quod
1755 2257 1946 2292 Iurecoss.
1975 2251 2141 2301 faciunt,
2172 2251 2207 2287 δι

276 2299 474 2348 sequentia
501 2307 676 2351 tempora
705 2302 798 2340 alias
825 2305 950 2353 leges,
979 2305 1074 2343 alios
1103 2318 1250 2355 mores,
1279 2305 1372 2343 alias
1401 2307 1731 2358 modificationes,
1762 2306 2042 2355 restrictiones,
2072 2305 2108 2341 &
2129 2316 2208 2341 am›

274 2352 500 2403 pliationes,
531 2355 763 2393 mutationes
792 2356 961 2406 denique
989 2357 1114 2396 omnis
1142 2358 1294 2407 generis
1324 2362 1442 2408 quam
1473 2360 1602 2398 multis
1632 2360 1670 2399 in
1699 2360 1795 2398 locis
1824 2359 2153 2398 desiderauerunt.

328 2405 394 2443 Sin
435 2414 565 2444 autem
607 2409 657 2445 ad
698 2410 803 2458 leges
843 2410 966 2448 Mosis
1008 2411 1290 2460 comparandas
1333 2424 1423 2449 cum
1460 2413 1532 2450 illis
1563 2414 1745 2452 omnibus
1774 2413 1993 2463 veniamus,
2021 2411 2203 2460 profecto

273 2457 393 2507 iniqui
434 2458 473 2496 in
514 2461 642 2498 Deum
682 2468 880 2500 auctorem
924 2462 1095 2512 illarum,
1124 2465 1159 2501 &
1188 2464 1226 2501 in
1254 2465 1407 2503 Mosem
1436 2466 1593 2503 fidelem
1622 2478 1776 2505 seruum
1803 2465 1878 2503 Dei
1905 2465 1944 2503 in
1972 2471 2054 2503 tota
2082 2465 2204 2500 domo

272 2510 370 2548 illius
399 2511 603 2562 fuerimus,
632 2512 705 2551 nisi
732 2515 1013 2563 perfectionem
1043 2516 1214 2554 diuinam
1243 2519 1278 2555 δι
1307 2518 1414 2555 omni
1442 2518 1672 2568 exceptione
1696 2519 1883 2558 maiorem
1908 2518 1946 2555 in
1967 2518 2040 2555 illis
2055 2515 2204 2565 legibus

271 2576 542 2613 agnoscamus.
583 2566 684 2603 Nam
726 2566 796 2604 etsi
834 2569 943 2616 quod
978 2569 1028 2606 ad
1060 2582 1120 2606 res
1148 2569 1325 2619 politicas
1354 2572 1389 2608 &
1422 2573 1594 2609 forenses
1620 2572 1778 2621 attinet,
1808 2573 1929 2609 multa
1956 2571 1994 2608 in
2022 2568 2203 2606 humanis

270 2616 440 2667 legibus,
485 2631 530 2655 ac
571 2619 795 2668 praesertim
837 2621 877 2658 in
917 2621 1000 2659 iure
1038 2621 1142 2659 ciuili
1179 2622 1323 2672 scripto
1353 2631 1626 2675 compareant,
1654 2637 1755 2674 quae
1782 2637 1872 2662 cum
1900 2623 2023 2661 Mosis
2052 2621 2202 2671 legibus

272 2673 380 2717 (quas
409 2670 558 2708 diuinas
586 2672 856 2720 praedicamus
884 2676 983 2722 esse)
1011 2675 1217 2712 maximam
1248 2677 1393 2714 habent
1421 2677 1753 2728 conuenientiam3
1782 2689 1859 2727 qua
1880 2676 1920 2714 in
1944 2690 1985 2714 re
2000 2674 2204 2726 probanda

270 2721 418 2771 aliquot
455 2727 692 2772 praestantes
727 2726 928 2765 Iuriscoss.
956 2739 1037 2765 non
1062 2727 1265 2766 infeliciter
1292 2729 1481 2767 memoria
1516 2737 1649 2768 nostra
1677 2731 1936 2769 desudarunt:
1971 2730 2044 2767 hae
2072 2735 2203 2765 tamen

268 2775 373 2823 leges
409 2775 607 2814 Mosaicae
636 2780 671 2815 δε
699 2778 946 2830 auctoritate,
974 2782 1010 2818 &
1039 2780 1285 2818 ordinatione
1315 2794 1383 2820 sua
1411 2790 1528 2831 atque
1557 2783 1820 2832 applicatione
1847 2784 1968 2832 longo
1997 2780 2201 2819 interuallo

2026 2839 2200 2871 caeteras
