2334 3020
193 97 241 132 42

263 221 310 258 13
365 207 568 255 leeologia
593 209 838 247 reuelationis
867 214 944 262 est,
975 224 1072 260 quae
1099 212 1160 251 hic
1195 215 1491 252 communicatur
1521 227 1602 252 cum
1632 214 1797 253 lcumano
1815 226 1977 262 genere:
1993 229 2107 265 quam

191 272 302 308 etiam
333 279 407 304 non
437 268 661 305 incommode
697 269 939 317 leeologiam
966 277 1138 310 nostram
1168 275 1438 323 appellaueris.
1491 275 1585 325 Cap.
1617 286 1698 313 vm.

255 341 306 374 14
353 326 431 363 Est
458 331 581 364 autem
611 328 752 377 duplex
787 329 1012 377 Ilieologiae
1040 334 1370 372 communicandae
1397 336 1550 383 modus,
1581 339 1728 372 natura
1759 335 1809 373 ἐφ’
1828 336 1993 383 gratia:
2009 336 2099 387 illa,

156 430 166 435 ,
187 390 291 427 velut
331 387 519 424 internum
555 388 786 438 principium
822 392 1189 431 communicationis:
1223 393 1338 445 lzaec,
1374 396 1479 432 velut
1495 395 1726 444 principium
1756 399 1955 434 externum
1980 397 2097 437 illius.

187 449 257 486 Ex·
286 458 359 495 quo
379 447 457 496 fit,
485 450 528 484 vt
559 447 764 495 leeologia
792 461 869 487 vna
897 450 1050 489 dicatur
1081 454 1299 504 naturalis,
1332 455 1383 492 &⁹
1413 457 1725 505 supernaturalis
1754 457 1895 494 altera.
1948 456 2030 506 Cap
2046 468 2097 496 1x.

251 520 299 559 15
353 505 393 542 T
385 506 557 554 lieologia
587 509 783 546 naturalis
812 513 888 560 est,
920 523 1018 559 quae
1041 513 1219 561 procedit
1250 525 1298 551 ex
1316 515 1528 565 principiis
1557 516 1758 553 secundum
1792 529 1831 554 se
1860 517 1959 554 notis
1989 520 2093 554 natu-

185 569 269 606 rali
295 567 501 605 intellectus
529 566 688 605 lzumani
714 569 875 620 lumine,
894 576 977 620 pro
1006 573 1172 611 rationis
1201 573 1390 612 numanae
1417 576 1539 613 modo.
1592 576 1685 625 Cap.
1716 589 1754 615 x.

252 628 299 665 16
332 626 465 664 Huius
499 626 722 675 leeologiae
752 632 948 669 naturalis
977 633 1017 670 in
1045 634 1233 671 intellectu
1263 635 1427 673 humano
1462 636 1564 673 notio
1593 640 1775 673 versatur
1806 637 1846 674 in
1869 636 1982 674 rebus
2006 649 2100 674 com-

184 688 373 737 munibus,
411 687 461 724 &⁶
491 687 672 738 obscura,
706 689 756 727 ἂν
787 691 1013 740 insperfecta
1048 697 1121 731 est:
1152 706 1266 743 eoque
1299 707 1442 734 necesse
1471 696 1583 734 liabet
1610 697 1636 733 a
1666 697 1961 746 supernaturali
1981 698 2101 735 susci-

169 755 270 799 pere
295 745 563 797 perfectionem
592 760 701 785 suam
734 747 778 803 (f.
816 748 964 807 1372.)

245 822 260 845 1
274 819 292 856 7
341 806 453 844 Haec
482 807 643 845 conditio
669 808 754 857 fuit
785 810 1009 861 leeologiae
1042 816 1237 853 naturalis
1262 817 1302 854 in
1332 816 1500 869 Adamo,
1536 820 1683 854 natura
1713 818 1891 864 integra:
1921 829 2034 866 quam
2050 829 2098 854 ex

168 868 376 918 principiis
416 869 686 915 communibus,
724 870 916 924 obscuris,
959 874 1010 911 &⁹
1049 875 1284 925 imperfectis
1313 878 1388 914 coli
1417 877 1468 915 ἐφ’
1499 878 1641 925 augeri
1668 877 1866 927 oportebat
1891 878 2098 915 ratiocina-

178 930 297 973 tione,
331 927 381 964 ᾤ’
404 929 545 974 gratia
562 930 720 979 perfici.

247 990 295 1025 18
343 987 550 1035 Postquam
579 1000 670 1026 vero
700 995 847 1029 natura
876 993 968 1031 lcaec
998 1000 1185 1045 corrupta
1207 996 1313 1048 fuit,
1345 998 1416 1035 illa
1446 998 1594 1046 quidem
1625 998 1711 1047 ipsa
1736 996 1931 1046 principia
1955 998 1996 1034 in
2025 999 2099 1035 sin-

171 1049 278 1095 gulis
297 1053 622 1099 permanserunt,
650 1054 881 1099 communia,
914 1054 1097 1106 obscura,
1127 1061 1241 1106 atque
1269 1057 1497 1108 imperfecta
1505 1070 1523 1105 ,·
1550 1058 1621 1096 sed
1638 1060 1678 1096 in
1693 1069 1771 1095 sese
1786 1058 2098 1108 corruptissima,
2146 1084 2150 1089 .

178 1110 227 1145 ἐφ’
255 1110 355 1145 inter
385 1119 423 1144 se
454 1110 784 1149 conturbatissima
797 1141 808 1162 ,
840 1118 1022 1162 tanquam
1052 1117 1201 1154 rudera
1232 1122 1399 1155 naturae
1429 1122 1605 1169 nostrae,
1637 1119 1841 1157 vitiositate
1870 1121 2018 1154 nostra.

243 1181 290 1217 19
339 1168 476 1216 ltaque
504 1169 595 1207 lzaec
631 1171 836 1220 Zlceologia
866 1174 967 1212 nilul
992 1177 1141 1214 omnino
1170 1177 1227 1214 ad
1242 1177 1519 1227 perfectionem
1538 1184 1671 1229 potest
1680 1178 1917 1228 perducere,
1935 1182 2099 1227 necper-

178 1229 280 1266 ducit
306 1240 494 1276 vnquam:
526 1242 572 1266 ac
602 1242 647 1267 ne
666 1233 919 1282 perfectionis
949 1235 1096 1283 quidem
1118 1241 1175 1274 est
1186 1243 1261 1287 per
1282 1240 1442 1288 seipsam
1458 1244 1584 1288 capax
1598 1239 1895 1290 superuenientis
1910 1239 2099 1285 agralia.

239 1302 290 1325 20
343 1288 590 1338 Quapropter
625 1295 872 1341 superuenire
908 1295 1053 1333 lzomini
1088 1300 1259 1346 oportuit
1286 1299 1393 1336 illam
1429 1298 1672 1348 Theologiam
1702 1299 1957 1348 2·nspz·ratam,·
1985 1309 2099 1346 quam

177 1348 224 1384 ab
263 1352 351 1386 ortu
391 1350 470 1385 eius
507 1355 839 1399 supernaturalem
881 1357 1136 1409 appellamus,
1180 1359 1229 1396 ὅγ’
1266 1359 1508 1407 leeologiam
1548 1360 1816 1410 reuelationis,
1848 1360 1873 1395 ὰ
1899 1359 2101 1395 communi-

177 1409 334 1446 cationis
363 1409 483 1446 modo.
531 1411 625 1460 Cap.
657 1423 710 1451 x1.

243 1482 261 1506 2
274 1482 289 1505 1
340 1469 418 1506 Est
449 1474 573 1507 autem
610 1470 650 1507 T
641 1473 816 1520 lceologia
845 1477 1156 1524 supernaturalis
1185 1480 1373 1528 sapientia
1398 1492 1531 1518 rerum
1558 1481 1804 1530 diuinarum,
1821 1490 1918 1527 quae
1922 1478 2102 1528 procedit

177 1541 224 1566 ex
229 1530 436 1578 principiis
450 1531 647 1569 secundum
663 1546 702 1570 se
717 1535 815 1571 notis
830 1537 1040 1584 superioris
1055 1539 1230 1575 scientiae
1243 1539 1401 1590 lumine,
1418 1546 1540 1591 supra
1554 1541 1743 1579 lzumanae
1756 1540 1921 1578 rationis
1935 1539 2096 1576 modum.

237 1602 286 1627 22
336 1589 469 1627 Huius
514 1590 553 1628 T
545 1592 739 1641 lzeologiae
778 1598 1090 1644 supernaturalis
1120 1598 1260 1648 duplex
1291 1604 1348 1637 est
1374 1603 1502 1639 ratio:
1534 1614 1623 1639 nam
1661 1605 1731 1639 aut
1758 1600 1932 1638 absoluta
1963 1603 2019 1636 est
2048 1600 2098 1636 ξφ

175 1649 373 1687 secundum
413 1662 468 1699 se,
498 1656 581 1701 pro
622 1655 729 1692 modo
759 1658 1065 1696 communicantis
1073 1669 1090 1705 ,⁸
1130 1663 1201 1696 aut
1227 1654 1427 1698 secundum
1463 1662 1573 1713 quid,
1596 1667 1678 1712 pro
1707 1661 1857 1699 modulo
1887 1671 2016 1697 eorum
2047 1659 2104 1696 ad

177 1723 268 1758 quos
290 1712 469 1759 peruenit
494 1716 788 1753 communicatio.

237 1783 256 1807 2
265 1783 287 1819 3
342 1769 381 1806 T
373 1771 546 1818 heologia
576 1778 711 1812 nostra
741 1776 908 1813 absolute
938 1777 1062 1827 dicta,
1093 1781 1151 1815 est
1177 1781 1365 1830 sapientia
1388 1794 1521 1820 rerum
1545 1782 1768 1820 diuinarum
1783 1779 1983 1818 secundum
1999 1780 2096 1817 veri-

125 1860 130 1865 s
175 1834 289 1867 tatem
318 1830 486 1868 diuinam
516 1833 541 1868 a
572 1833 659 1871 Deo
690 1837 906 1887 inspirata,
939 1838 991 1874 ἐφ’
1015 1843 1088 1887 per
1117 1841 1394 1879 enunciatiuum
1423 1855 1628 1880 sermonem
1659 1843 1699 1879 in
1735 1841 1888 1878 Clzristo
1903 1841 2099 1877 commissa

172 1892 294 1928 seruis
330 1892 429 1936 eius,
471 1896 584 1941 atque
618 1896 658 1932 in
689 1899 906 1934 testamento
935 1901 1059 1935 vetere
1090 1899 1140 1936 ἐφ’
1170 1912 1268 1938 nouo
1286 1907 1366 1951 per
1391 1902 1630 1953 Prophetas,
1657 1902 1859 1952 Apostolos
1890 1901 1941 1937 ἐφ’
1964 1900 2096 1937 Euan-

164 1952 325 1997 gelistas
364 1953 612 2004 consignata,
654 1960 837 2004 quantum
874 1958 953 1994 eius
992 1958 1054 1995 llic
1090 1960 1195 1997 nobis
1231 1962 1383 2012 expedit
1415 1963 1590 2000 reuelari
1617 1963 1674 2000 ad
1693 1962 1866 2010 gloriam
1896 1962 2015 2010 ipsius
2046 1961 2097 1997 ἐφ’

168 2011 368 2048 electorum
400 2012 546 2051 bonum.
601 2015 695 2065 Cap.
728 2027 796 2055 XII.

231 2083 285 2117 24
332 2071 509 2109 Materia
544 2074 768 2123 Theologiae
798 2080 872 2126 est,
904 2077 1126 2117 diuinarum
1156 2093 1311 2118 rerum:
1342 2083 1523 2121 nimirum
1553 2082 1687 2132 Deus,
1716 2082 1766 2120 ἐφ’
1789 2092 2029 2131 quaecunque
2044 2080 2101 2117 ad

167 2130 294 2167 Deum
325 2131 506 2169 ordinata
532 2138 622 2171 sunt
627 2147 644 2182 ;
670 2141 791 2185 prout
817 2137 1055 2187 disciplinam
1081 2140 1164 2177 Dei
1192 2141 1237 2178 de
1267 2146 1436 2194 natura,
1458 2143 1632 2193 operibus
1664 2143 1714 2179 ἐφ’
1743 2143 1829 2180 iure
1854 2144 1972 2192 ipsius
1988 2140 2098 2178 tradi

169 2192 348 2240 oportuit.
402 2192 494 2241 Cap.
527 2204 609 2232 xm.

234 2263 252 2287 2
264 2261 283 2300 5
333 2250 482 2288 Forma
518 2253 741 2301 leeologiae
770 2260 828 2294 est
853 2256 986 2294 diuina
1016 2260 1181 2296 veritas:
1209 2272 1306 2308 quae
1325 2262 1366 2298 in
1388 2262 1592 2310 Theologia
1607 2262 1796 2311 bifariam
1812 2261 2092 2299 consideratur.

171 2310 279 2347 Nam
310 2315 380 2347 atet
407 2315 508 2362 tota,
538 2315 601 2351 vel
623 2320 721 2362 pars
751 2318 864 2354 totius
893 2317 1026 2366 aliqua
1055 2319 1275 2369 simpliciter
1305 2322 1345 2358 in
1374 2335 1450 2360 sese
1459 2334 1476 2370 ,·
1511 2327 1582 2360 aut
1598 2327 1739 2373 partes
1769 2324 1870 2360 aliae
1897 2333 1978 2359 cum
2004 2322 2093 2359 aliis

169 2372 270 2407 inter
300 2383 339 2407 se
367 2373 659 2411 considerantur
685 2376 786 2412 iusta
817 2379 1110 2426 comparatione.
1164 2380 1258 2430 Cap.
1288 2391 1372 2426 XIV,

235 2431 285 2467 26
334 2432 446 2468 IJaec
485 2435 630 2471 veritas
670 2440 823 2486 sancta,
860 2438 961 2474 iusta
972 2465 984 2483 ,
1023 2442 1136 2487 atque
1167 2439 1346 2490 perfecta
1382 2444 1458 2478 est:
1490 2442 1626 2491 quippe
1656 2454 1753 2490 quae
1781 2441 1882 2479 nilu‘l
1903 2438 2090 2488 profani,

169 2491 323 2540 iniusti,
363 2493 577 2540 imperfecti
614 2494 740 2545 docet,
776 2496 941 2545 nihilque
971 2500 1115 2548 sancti,
1147 2502 1259 2549 iusti,
1282 2500 1457 2550 perfecti
1483 2514 1557 2539 non
1588 2501 1714 2549 docet;
1744 2507 1785 2540 vt
1813 2503 1870 2539 ad
1894 2500 2091 2537 sanctimo-

169 2552 273 2587 niam
303 2552 343 2588 in
370 2553 475 2589 nobis
487 2583 496 2601 ,
528 2555 710 2591 iustitiam
746 2567 844 2603 erga
873 2559 1035 2608 omneis,
1067 2559 1118 2596 ἐφ’
1138 2562 1412 2610 perfectionem
1431 2567 1512 2611 per
1531 2564 1658 2599 omnia
1682 2575 1796 2611 quam
1812 2560 2092 2612 perfectissime

169 2610 402 2657 dirigamur.

233 2682 282 2718 27
333 2671 470 2720 Itaque
499 2673 591 2709 lcaec
626 2672 831 2723 leeology'a
861 2688 937 2714 vna
962 2681 1038 2728 est,
1071 2679 1121 2716 ἐφ’
1142 2683 1324 2731 aeterna,
1356 2680 1408 2718 ἐφ’
1431 2682 1697 2720 immutabilis:
1727 2695 1816 2721 nam
1839 2680 1944 2730 quod
1959 2691 2089 2716 verum

169 2733 226 2766 est
263 2733 496 2784 necessarii),
538 2732 633 2769 idem
673 2739 730 2772 est
756 2737 966 2774 necessarii)
1003 2749 1141 2776 vnum:
1171 2742 1276 2788 quod
1301 2742 1462 2786 iustum,
1495 2742 1546 2779 ἂν
1576 2747 1767 2795 sanctum,
1792 2743 1838 2780 id
1863 2743 2002 2779 iustum
2037 2739 2089 2776 ἂψ

1921 2802 2089 2837 sanctum
