2334 3020
244 97 290 134 32
851 93 1162 120 FRANCISCI
1200 93 1359 126 JUNII
1400 94 1548 120 VITA.

247 204 339 250 bus,
380 201 419 238 id
461 207 516 238 est
549 198 687 248 iniquis
714 206 987 248 prouocarent.
1014 200 1171 236 Postera
1198 198 1311 249 igitur
1337 200 1423 237 luce
1451 202 1637 250 Legatus,
1678 198 1744 248 qui
1771 198 1849 235 arci
1875 204 2069 247 praeerat,
2109 197 2149 234 in

248 254 393 292 curiam
433 251 601 291 aduenit.
643 251 816 289 Consilio
859 251 1016 301 exponit
1048 258 1203 300 paratos
1230 251 1316 289 illos
1342 251 1490 290 venisse
1517 252 1568 290 ad
1595 251 1834 302 colloquium
1861 250 2083 288 habendum
2111 249 2150 287 in

247 305 440 356 religionis
469 316 594 342 causa.
623 303 838 342 Consilium
867 305 916 342 de
943 316 1006 341 me
1034 304 1214 341 vocando
1242 303 1280 340 in
1308 304 1454 341 curiam
1482 304 1571 354 egit.
1598 306 1763 354 Legatus
1784 302 1936 353 restitit,
1964 304 2097 341 vol-ens
2111 309 2152 340 vt

247 360 296 396 de
337 357 510 396 Consilio
549 356 684 406 aliquis
722 356 850 406 potius
877 357 926 394 ad
952 369 1014 394 me
1040 357 1280 405 allegaretur.
1307 358 1466 395 Praetor
1494 356 1586 394 mihi
1612 370 1692 395 rem
1720 356 1878 406 exponit
1904 357 2056 393 coram:
2096 368 2152 393 re-

249 410 388 461 spondi
428 411 581 459 placere
624 408 736 459 mihi,
775 421 848 447 nec
881 408 1132 458 refugiturum
1159 421 1258 447 esse:
1301 409 1351 446 de
1381 411 1489 457 loco,
1528 416 1703 458 tempore
1731 411 1766 447 δε
1795 409 1914 449 modo
1938 408 2010 458 ipsi
2038 407 2151 458 dispi-

246 469 384 502 cerent.
414 461 714 512 Responderunt
739 474 807 510 per
833 463 1020 511 Legatum
1048 462 1126 499 duo
1154 461 1439 512 antagonistae,
1468 462 1503 499 &
1530 475 1570 500 se
1598 463 1778 513 facturos,
1799 462 1830 500 si
1855 461 1974 500 modo
1999 460 2039 498 in
2063 473 2152 498 arce

246 518 432 554 habeatur
472 515 570 553 inter
608 527 678 552 nos
709 514 927 563 disputatio.
968 515 1090 563 Super
1116 514 1190 551 hac
1217 513 1440 552 conditione
1467 514 1616 564 roganti
1643 514 1883 565 Magistratui
1911 512 2063 552 ostendi
2089 526 2153 551 me

249 570 374 618 palam
418 567 612 618 docuisse,
655 567 751 605 velle
791 579 875 617 me,
916 568 951 604 &
993 567 1143 604 omneis
1168 572 1415 617 exspectare,
1457 573 1496 604 vt
1524 580 1610 605 eam
1637 567 1853 605 doctrinam
1881 579 1998 617 quam
2025 567 2153 615 palam

250 621 387 670 docui,
428 620 634 658 defendam
673 620 822 668 palam:
867 620 902 656 δε
931 619 1088 657 tandem
1118 618 1294 668 expensis
1322 619 1502 657 omnibus
1530 619 1730 669 respondit
1757 619 2002 670 Magistratus
2030 618 2153 669 vrbis,

251 687 313 712 me
338 673 377 711 in
403 686 531 710 arcem
558 678 715 710 auctore
741 684 782 709 se
809 684 889 709 non
920 683 1002 709 esse
1030 671 1302 722 ingressurum.
1332 671 1614 710 Obiicientibus
1642 675 1665 709 a
1690 674 1836 722 populo
1852 671 2154 722 sibipericulum

251 728 419 764 futurum
447 738 546 774 esse,
575 724 769 774 spopondi
795 736 858 762 me
885 725 1003 775 vltro,
1033 724 1064 762 si
1093 723 1178 774 quis
1205 724 1245 762 in
1272 723 1376 774 ipsos
1403 731 1567 763 tentaret
1595 725 1824 776 quicquam,
1854 737 1996 775 corpus
2025 736 2153 762 meum

250 786 337 817 ante
378 778 547 828 ipsorum
587 789 753 826 corpora
793 776 969 815 stiturum
1010 790 1091 815 esse
1118 776 1354 827 excipiendis
1379 778 1515 828 populi
1542 777 1698 815 iniuriis.
1732 779 1909 816 Tandem
1937 779 2154 828 postulaue-

250 839 355 880 runt,
395 837 435 867 vt
476 842 614 879 campo
651 830 701 867 ad
728 829 903 878 quintum
930 832 953 867 a
980 829 1130 868 Leodio
1158 829 1327 880 lapidem
1355 831 1614 868 institueretur
1644 830 1902 880 colloquium:
1945 831 2084 881 quibus
2112 831 2154 868 id

249 896 366 921 vnum
406 882 580 932 responsi
620 881 735 933 dedi,
777 884 865 920 cum
908 882 984 920 iam
1025 883 1064 920 in
1103 883 1194 920 loco
1235 885 1424 921 essent&
1453 883 1526 922 sibi
1552 883 1787 931 commodo,
1827 883 1957 934 inique
1987 884 2153 922 deloco

247 938 367 974 altero
396 937 430 972 δι
458 935 711 973 incommodo
739 934 920 973 laborari.
948 937 1006 973 Ita
1032 935 1173 974 reuersi
1197 942 1286 973 sunt
1313 942 1435 986 vterq.
1462 936 1740 974 Franciscanus
1766 937 1802 974 &
1829 936 1969 975 Iesuita
1991 936 2031 974 in
2054 935 2155 974 stati-

249 1002 342 1027 ones
370 1000 473 1038 suas,
502 990 537 1025 δε
564 987 844 1026 nunciauerunt
870 987 947 1026 suis
973 1001 1036 1026 me
1063 987 1232 1026 euictum
1260 989 1309 1026 ab
1337 989 1428 1039 ipsis
1455 988 1693 1040 profugisse,
1721 995 1763 1026 vt
1777 989 1991 1038 periculum
2006 988 2156 1038 capitis,

248 1041 309 1079 cui
353 1053 414 1078 me
452 1041 706 1090 praefidenter
745 1040 985 1078 subieceram
1022 1041 1122 1091 ipse,
1159 1041 1380 1091 effugerem.
1421 1044 1551 1092 Atque
1576 1041 1640 1080 hic
1666 1053 1799 1080 rumor
1824 1041 1890 1080 vbi
1916 1041 2157 1092 percrebruit

249 1096 354 1143 (nam
382 1093 420 1131 in
448 1100 573 1143 partes
602 1092 772 1131 diuersas
799 1093 963 1143 iuerant)
993 1095 1114 1132 multo
1143 1095 1271 1142 plures
1299 1097 1417 1145 quam
1446 1100 1536 1134 ante'
1563 1101 1843 1133 concurrerunt
1870 1095 1919 1133 ad
1949 1094 2157 1132 conciones

250 1147 521 1196 Limburgum,
563 1147 598 1183 δε
639 1145 844 1184 mendacio
886 1146 1041 1184 illorum
1082 1146 1164 1184 viso
1196 1149 1321 1185 zelum
1349 1154 1524 1186 sanctum
1551 1148 1601 1186 ad
1628 1147 1938 1198 amplectendam
1966 1147 2037 1185 Dei
2062 1145 2157 1185 veri-

250 1206 367 1237 tatem
398 1199 437 1236 in
466 1198 619 1237 Christo
645 1198 864 1237 induerunt.
913 1200 1045 1247 Quum
1072 1206 1202 1238 autem
1229 1200 1354 1250 Aprili
1380 1200 1532 1252 ineunte
1560 1203 1595 1239 &
1622 1200 1885 1251 antepaschali
1911 1200 2159 1238 hebdomade

248 1253 368 1294 illius,
410 1253 616 1290 nonnullae
656 1258 854 1301 equestres
891 1252 1026 1302 copiae
1060 1265 1108 1290 ex
1142 1253 1432 1292 Gubernatricis
1459 1253 1674 1292 Parmensis
1696 1253 1923 1292 auctoritate
1945 1251 2157 1290 submissae

252 1305 307 1343 cis
347 1304 566 1342 Traiectum
606 1305 657 1342 ad
682 1306 836 1343 Mosam
863 1311 1007 1356 essent,
1049 1316 1147 1355 quae
1174 1318 1237 1344 me
1265 1306 1537 1356 interciperent
1560 1308 1595 1345 δι
1624 1307 1943 1356 Limburgensem
1966 1306 2157 1355 populum

250 1358 488 1408 infestarent,
515 1357 639 1395 visum
667 1364 723 1396 est
750 1357 1005 1407 magistratui,
1031 1357 1159 1397 Vtilius
1199 1360 1282 1397 fore
1311 1360 1400 1397 cum
1426 1359 1520 1397 mihi
1545 1366 1628 1398 tum
1656 1359 1802 1409 reipub.
1833 1358 1864 1397 si
1877 1360 1967 1397 1000
1981 1358 2158 1397 cederem

251 1415 489 1461 opportune,
529 1412 647 1460 quam
674 1410 705 1448 si
732 1410 952 1460 importune
979 1410 1302 1462 pertinaciterque
1329 1412 1591 1451 subsisterem.
1619 1412 1794 1451 Consilio
1822 1411 1861 1450 in
1893 1425 1979 1450 eam
2007 1417 2156 1449 senten-

250 1464 340 1502 tiam
381 1463 534 1514 habito,
574 1474 671 1501 vnus
697 1466 718 1501 e
746 1463 920 1502 Scabinis
949 1465 1020 1502 sub
1048 1477 1250 1514 vesperam
1277 1478 1339 1503 me
1366 1465 1601 1503 familiariter
1626 1466 1833 1515 compellat
1859 1465 2081 1514 ambulans,
2122 1465 2157 1501 &

251 1529 333 1554 rem
373 1522 495 1554 totam
534 1515 667 1565 aperit.
733 1518 869 1566 Itaque
911 1517 1046 1555 eadem
1073 1524 1208 1568 nocte,
1250 1529 1371 1568 quum
1397 1520 1517 1556 ferme
1544 1518 1748 1557 vndecima
1776 1525 1896 1568 esset,
1937 1528 2026 1555 cum
2052 1517 2158 1554 bona

251 1569 498 1618 Magistratus
524 1568 635 1607 venia
662 1582 709 1607 ex
735 1570 831 1607 vrbe
858 1582 975 1620 exeo,
1004 1570 1128 1609 imbre
1156 1571 1512 1623 vehementissimo,
1542 1578 1724 1620 extraque
1752 1572 1846 1609 fines
1873 1569 1954 1620 agri
1980 1569 2158 1607 Limbur-

251 1621 376 1672 gensis
408 1622 601 1672 abducor,
642 1628 682 1659 vt
710 1634 772 1659 me
799 1621 838 1660 in
867 1622 1119 1661 Germaniam
1145 1623 1264 1662 libere
1292 1630 1358 1662 aut
1393 1635 1626 1674 quocunque
1667 1623 1815 1662 animus
1855 1629 1975 1674 esset,
2016 1621 2158 1671 recipe-

252 1687 347 1712 rem.
387 1676 479 1712 Post
505 1673 676 1713 iumento
718 1675 927 1713 commodo
955 1675 994 1713 in
1028 1686 1162 1725 agrum
1196 1676 1360 1714 Comitis
1387 1680 1410 1715 a
1437 1676 1686 1715 Geroldstein
1721 1678 1773 1715 ad
1799 1689 1862 1715 me
1887 1689 1956 1726 per
1983 1674 2158 1713 Limbur-

253 1726 400 1777 genseis
438 1726 573 1777 misso,
608 1727 911 1778 Heidelbergam
955 1728 1059 1766 veni:
1097 1728 1163 1766 vbi
1189 1729 1355 1779 gratiose
1383 1743 1406 1767 a
1427 1729 1534 1779 Fri(f.
1566 1729 1775 1777 20.)derico
1804 1728 1959 1768 Comite
1985 1727 2158 1766 Palatino

254 1786 436 1829 exceptus
488 1779 761 1830 aliquantisper
801 1781 926 1831 haesi,
971 1782 1006 1818 &
1047 1781 1377 1820 Scoenouiensem
1416 1782 1650 1832 Ecclesiam,
1693 1793 1791 1831 quae
1840 1782 1890 1820 ad
1933 1780 2160 1818 Heidelber—

254 1846 342 1882 gam
383 1832 423 1870 in
463 1832 655 1871 montanis
695 1833 860 1871 collecta
886 1840 962 1884 est,
1014 1833 1265 1873 libentissime
1306 1835 1480 1874 salutaui.
1545 1836 1642 1873 Inde
1688 1833 1948 1885 proficiscenti
1987 1834 2037 1871 ad
2077 1845 2158 1870 ma-

253 1892 351 1922 trem
387 1884 575 1935 Biturigas
616 1886 912 1925 Scoenouiensis
952 1887 1149 1938 Ecclesia,
1195 1900 1258 1925 me
1286 1887 1531 1938 imprudente
1559 1887 1721 1937 inuitoq.
1750 1886 1925 1926 submisit
1954 1885 2160 1935 comitem,

254 1949 344 1975 cum
397 1938 585 1976 mandatis
639 1945 680 1976 vt
706 1952 768 1977 me
821 1939 1033 1978 reduceret.
1074 1941 1143 1978 Ille
1196 1947 1237 1979 vt
1276 1940 1314 1978 in
1326 1941 1533 1979 “mandatis
1586 1947 1806 1990 acceperat,
1859 1942 2057 1978 nolentem
2097 1950 2160 1976 me

254 1990 414 2028 domum
455 1998 709 2039 prosequutus
750 1998 835 2030 est:
877 1998 1112 2042 quapropter
1137 1992 1192 2031 illi
1218 1993 1267 2032 de
1294 2005 1396 2042 equo
1425 1993 1626 2044 prospexi,
1667 1995 1702 2031 &
1731 1999 1904 2043 sumptus
1930 1992 2095 2030 maiores
2121 1991 2160 2028 in

255 2042 327 2080 iter
359 2044 484 2080 facere
520 2051 679 2081 coactus
706 2055 804 2082 sum.
855 2045 1088 2095 Biturigibus
1115 2046 1220 2096 apud
1248 2053 1411 2084 matrem
1438 2046 1545 2085 haesi
1573 2046 1623 2084 ad
1650 2058 1822 2084 mensem
1851 2044 2159 2095 sesquialterum:

254 2097 277 2131 a
303 2101 423 2132 matre
449 2096 640 2134 Lutetiam
666 2098 860 2145 profectus
887 2098 1134 2136 Franciscum
1157 2098 1263 2137 illum
1291 2099 1570 2149 Albaspineum
1598 2099 1721 2147 (cuius
1737 2105 1825 2137 ante
1840 2098 2014 2146 memini)
2043 2096 2159 2135 Silva-

255 2154 430 2197 nectum,
470 2149 531 2186 vel
571 2148 786 2187 Samlisium
823 2152 878 2198 (vt
912 2153 1069 2200 vocant)
1098 2151 1222 2190 inuisi.
1249 2152 1403 2190 Lutetia
1429 2152 1549 2202 petiui
1577 2152 1792 2202 Sedanum,
1822 2152 1975 2190 Sedano
2003 2148 2158 2196 Metim,

255 2200 319 2237 vbi
347 2200 397 2237 ad
425 2212 575 2238 menses
603 2204 724 2250 prope
752 2202 850 2240 duos
878 2203 1049 2253 substiti,
1077 2215 1196 2253 quum
1220 2206 1336 2243 frater
1363 2204 1490 2243 minor
1517 2212 1632 2255 natu,
1660 2216 1775 2254 quem
1802 2204 2018 2242 studiorum
2046 2213 2161 2240 causa

256 2264 408 2290 mecum
449 2253 704 2303 abduxeram,
738 2267 784 2292 ex
810 2261 916 2304 peste
943 2256 1139 2295 obiuisset.
1168 2257 1472 2308 Heidelbergam
1500 2269 1698 2308 reuersus,
1726 2258 1832 2307 apud
1858 2255 2162 2295 Scoenouienses

254 2306 406 2342 functus
434 2317 519 2343 sum
547 2305 754 2344 ministerio
784 2308 981 2358 Euangelij
1009 2309 1100 2347 inde
1129 2311 1179 2347 ab
1208 2310 1372 2348 Octobri
1400 2324 1546 2349 mense.
1574 2312 1735 2349 Postero
1763 2322 1867 2348 anno
1895 2308 2062 2360 grauiter
2087 2308 2160 2344 Ec-

255 2357 408 2395 clesiam
449 2357 553 2395 illam
593 2359 898 2398 florentissimam
934 2360 1067 2399 afflixit
1093 2362 1327 2411 pestilentia:
1356 2375 1434 2413 quo
1463 2371 1639 2414 tempore
1666 2363 1829 2401 inuitum
1857 2363 1892 2400 &
1921 2361 2161 2400 obnitentem

255 2422 317 2448 me
343 2410 530 2448 subtraxit
554 2411 644 2448 1000
674 2411 889 2450 Fridericus
916 2414 1096 2465 Elector,
1125 2416 1160 2453 δι
1188 2414 1227 2453 in
1255 2422 1379 2454 castra
1406 2416 1508 2455 misit
1535 2415 1785 2454 Aurasiorum
1814 2414 2021 2464 Principis,
2041 2424 2160 2462 quum

254 2464 443 2500 funestam
482 2462 586 2500 illam
623 2463 904 2512 expeditionem
946 2469 1038 2514 (qua
1077 2467 1139 2505 vix
1178 2469 1296 2506 vllam
1332 2468 1571 2508 miseriorem
1609 2470 1686 2507 hoc
1722 2475 1857 2507 nostro
1885 2467 2017 2506 seculo
2045 2465 2160 2503 fuisse

255 2515 435 2564 arbitror)
476 2515 515 2552 in
542 2515 716 2565 Belgium
749 2515 920 2555 instituit.
962 2520 1081 2557 Erant
1116 2520 1358 2569 proditiones
1392 2521 1513 2560 intus:
1551 2521 1644 2560 foris
1677 2520 1900 2559 calamitosa
1937 2521 1973 2557 &
2001 2519 2162 2557 aduersa

255 2567 398 2605 omnia.
438 2569 651 2617 Fugiebant
683 2580 816 2606 omnes
848 2571 871 2606 a
897 2571 1095 2619 copiarum
1120 2579 1337 2611 nostrarum
1366 2574 1554 2612 aduentu:
1583 2580 1822 2612 commeatus
1849 2574 1975 2611 nullus
2002 2572 2159 2609 aderat:

255 2619 574 2658 interuertebatur
607 2620 731 2658 omnis
766 2622 1053 2661 moletrinarum
1078 2625 1356 2676 commoditas,
1379 2627 1499 2666 hostis
1520 2627 1720 2665 mutilabat
1743 2628 1954 2665 observans
1975 2627 1996 2662 e
2010 2622 2162 2673 propin·

254 2683 357 2730 quo,
381 2673 415 2709 δε
443 2684 640 2721 nunquam
667 2674 795 2722 praelij
826 2674 966 2713 faciens
993 2683 1244 2729 potestatem,
1274 2671 1391 2728 frigus
1420 2679 1587 2728 inediaq.
1603 2680 1837 2717 enecabant:
1860 2675 2161 2726 corrumpebant

254 2725 418 2773 plumae.
459 2725 538 2763 Hic
579 2738 652 2775 ego
690 2728 788 2774 pene
828 2726 995 2765 triduum
1037 2728 1116 2767 sine
1155 2743 1254 2779 pane
1295 2732 1331 2768 δι
1365 2731 1513 2770 cibario
1549 2732 1646 2782 vixi,
1681 2731 1791 2769 tertia
1819 2731 1973 2770 demum
2000 2739 2162 2817 velspega

2069 2791 2110 2817 er
2139 2791 2161 2815 a
