2334 3020
834 102 1102 132 EIRENICI
1146 104 1284 131 PARS
1327 105 1354 133 1.
1985 102 2059 141 433

122 213 236 265 igitur
272 213 534 253 testimonium
574 211 612 252 in
651 211 826 250 Ecclesia
854 211 951 261 Dei,
979 213 1002 249 a
1030 212 1118 250 Deo
1147 210 1416 262 proficiscens,
1447 217 1513 248 aut
1542 209 1662 260 intus,
1692 216 1756 247 aut
1784 209 1889 248 foris.
1933 211 2060 256 Intus,

122 275 180 305 est
222 267 486 306 testimonium
528 265 691 317 Spiritus
730 265 825 314 Dei,
860 264 1090 303 viuificantis
1119 266 1154 302 &
1182 266 1224 315 (f.
1257 267 1347 315 709)
1375 263 1576 303 excitantis
1606 263 1871 301 testimonium
1905 263 2061 313 spiritus

122 320 245 358 nostri
286 321 321 358 &
363 319 624 358 conscientiae
663 318 914 368 inspiratione
945 330 1023 358 sua.
1067 317 1179 356 Foris
1207 325 1263 356 est
1292 317 1558 356 testimonium
1587 316 1696 355 verbi
1725 318 1760 355 &
1788 317 2059 366 symbolorum

123 386 223 423 quae
252 374 374 412 verbo
404 371 606 411 coniunxit
633 373 753 410 Deus.
780 371 889 409 Prius
916 371 1182 409 testimonium
1204 372 1254 409 ad
1278 372 1445 410 formam
1460 370 1652 408 internam
1669 369 1847 420 pertinet.
1874 370 1944 408 Est
1958 369 2061 408 enirn

122 428 188 464 lux
215 426 297 475 illa,
327 438 403 476 qua
429 426 610 464 Ecclesia
639 424 780 463 Christi
810 424 1019 462 illustratur
1046 426 1081 463 δε
1105 424 1255 475 singula
1276 425 1453 462 membra
1468 422 1567 462 eius:
1596 424 1665 461 sed
1680 423 1819 461 dehoc
1836 422 2062 461 testimonio

123 481 213 517 ante
245 479 336 518 satis
363 479 529 517 diximus
558 491 630 529 pro
661 477 825 516 consilio
854 485 1006 528 nostro,
1035 489 1163 527 neque
1192 484 1248 516 est
1274 477 1388 515 huius
1415 477 1505 515 loci.
1536 476 1657 525 Quod
1685 483 1816 514 autem
1844 475 1938 514 foris
1953 475 2062 514 estin

124 532 301 570 Ecclesia
330 531 615 582 testimonium,
643 538 708 569 aut
735 530 775 568 in
805 543 986 569 sermone
1013 530 1185 581 positum
1214 537 1271 569 est
1299 534 1406 579 (nam
1434 542 1563 569 sermo
1592 528 1694 567 uitae
1723 536 1840 578 atque
1861 528 1992 567 salutis
2008 535 2064 567 est

123 587 146 622 a
175 586 278 633 Deo)
307 593 372 623 aut
400 584 438 623 in
469 584 659 634 symbolis
687 584 722 621 ἅτ
751 583 1002 622 sacramentis
1031 583 1124 621 eius.
1153 584 1404 634 Quapropter
1427 583 1466 621 in
1496 582 1703 632 Scripturis
1735 583 1895 620 Deuter.
1913 583 2001 629 4&
2028 592 2063 631 5.

123 639 158 676 &
185 638 223 675 in
252 639 352 676 libro
381 639 624 676 Psalmorum
653 637 817 687 passim,
845 638 1008 675 verbum
1037 636 1111 675 Dei
1132 649 1276 675 nomen
1293 635 1501 685 testimonij
1519 637 1580 675 vel
1595 634 1875 674 testificationis
1891 634 2062 673 obtinet:

121 693 227 729 Arca
255 694 346 730 vero
375 691 564 742 foederis,
593 690 631 729 in
661 689 738 740 qua
766 690 860 728 nihil
889 689 961 728 nisi
987 689 1163 740 lapideae
1190 689 1286 739 legis
1314 690 1469 728 tabulae
1498 688 1822 736 continebantur,
1845 689 1880 727 &
1910 700 1957 726 ex
1986 700 2063 738 qua

123 746 230 783 Deus
264 745 479 783 testabatur
515 743 773 794 praesentiam
802 756 933 793 suam,
965 742 1340 792 consulentibusque
1367 743 1653 793 respondebat,
1681 741 1934 781 consimiliter
1962 741 2063 780 testi-

122 797 298 835 monium
327 797 396 835 fuit
424 799 628 847 appellata.
657 797 731 836 His
761 797 915 835 duobus
945 796 1137 846 capitibus
1166 796 1387 834 continetur
1403 795 1593 846 quidquid
1615 795 1665 833 ad
1680 796 1848 833 formam
1864 802 2063 833 externam

122 850 321 889 Ecclesiae
348 850 386 888 in
416 852 531 889 rebus
558 850 726 901 positam
757 849 913 900 proprie
941 848 1105 888 instituit
1132 850 1253 887 Deus.
1295 849 1520 898 Quinetiam
1549 849 1623 886 hae
1652 848 1752 887 duae
1780 861 1841 886 res
1869 848 1976 898 ipsae
2006 851 2063 896 (vt

123 904 245 942 modo
274 903 455 953 diximus)
485 917 563 942 vno
591 910 751 954 aspectu
779 903 817 941 in
849 902 1025 941 Ecclesia
1051 902 1306 954 videbantur,
1332 902 1423 952 quia
1450 914 1587 941 reuera
1610 914 1730 939 vnum
1746 909 1833 939 sunt
1849 901 2064 940 secundum

123 957 398 1006 substantiam,
431 957 503 995 etsi
531 956 569 995 in
599 957 728 1007 specie
753 955 991 1006 materiaque
1021 962 1179 994 externa
1207 955 1402 994 differunt.
1442 956 1544 993 Nam
1575 955 1668 1004 quid
1701 954 1772 993 tuit
1799 954 2065 993 testimonium

122 1010 218 1048 illud
262 1010 459 1049 materiale
486 1024 621 1062 arcae,
650 1012 768 1059 quam
798 1022 915 1059 capsa
943 1011 978 1047 δι
1007 1009 1160 1047 loculus
1188 1007 1321 1047 verbi?
1350 1009 1386 1046 &
1413 1008 1507 1058 quid
1535 1008 1640 1046 aliud
1667 1009 1830 1046 verbum
1857 1007 1896 1045 in
1925 1007 2066 1046 tabulis

124 1070 322 1102 exaratum
354 1064 442 1109 fuit,
474 1066 592 1113 quam
621 1063 751 1102 anima
777 1062 970 1111 quaedam
1000 1062 1176 1112 corporis
1204 1061 1411 1100 materialis
1438 1058 1565 1100 illius?
1599 1068 1750 1099 tanturn
1778 1074 1826 1099 eo
1856 1060 2065 1099 discrimen

125 1123 204 1166 est,
250 1117 359 1166 quod
394 1123 435 1155 vt
471 1117 601 1155 anima
637 1127 840 1166 nunquam
876 1115 1024 1162 interit,
1053 1116 1121 1153 sed
1150 1122 1351 1164 permanet
1378 1115 1418 1153 in
1446 1121 1585 1152 natura
1612 1126 1703 1165 sua,
1731 1113 1908 1164 corporis
1936 1121 2065 1152 autem

124 1171 248 1220 figura
282 1170 438 1219 transit3
476 1169 529 1208 ita
567 1170 730 1208 verbum
761 1169 885 1218 (quod
913 1168 1042 1206 anima
1071 1170 1143 1216 est)
1171 1167 1209 1206 in
1238 1168 1414 1206 Ecclesia
1442 1173 1665 1218 permanet,
1693 1174 1734 1205 vt
1760 1174 1856 1205 nota
1883 1175 2068 1206 constans

125 1224 161 1260 δε
190 1230 377 1273 perpetua
405 1223 603 1262 Ecclesiae
630 1222 724 1261 Dei:
755 1233 899 1271 corpus
928 1224 1020 1260 vero
1048 1228 1260 1259 transmeat
1290 1224 1325 1260 &
1352 1221 1574 1271 antiquatur
1602 1220 1778 1259 instituto
1801 1220 1887 1259 Dei.
1916 1220 2066 1259 Rectis-

124 1276 220 1314 sime
256 1289 349 1326 ergo
386 1278 556 1327 Psaltes,
595 1277 684 1314 cum
723 1287 850 1314 rerum
889 1274 1109 1313 diuinarum
1139 1277 1256 1324 (quae
1284 1276 1452 1313 formam
1482 1281 1680 1312 externam
1710 1273 1910 1312 Ecclesiae
1939 1281 2065 1312 osten-

123 1329 237 1378 dunt)
266 1329 508 1368 mentionem
537 1331 707 1367 facturus
737 1335 856 1376 esset,
886 1329 1135 1366 lestz'mom'mn
1163 1328 1241 1366 hoc
1269 1329 1361 1366 loco
1390 1326 1665 1377 pronunciauit
1693 1326 1981 1376 synecdochice
2011 1330 2067 1376 (vt

124 1383 352 1432 loquuntur)
382 1385 417 1421 ἃ
446 1383 609 1421 verbum
638 1381 846 1430 testimonij
879 1381 1000 1420 diuini
1028 1383 1064 1420 &
1093 1381 1246 1420 thecam
1274 1380 1374 1419 illius
1403 1380 1754 1431 comprehendens.

181 1436 281 1474 Cum
322 1443 451 1474 autem
494 1437 607 1474 theca
649 1435 761 1473 facile
798 1442 950 1485 pereat,
987 1441 1278 1485 corrumpatur,
1308 1437 1574 1484 imiteturque,
1601 1435 1805 1472 thesaurus
1832 1436 1926 1472 vere
1955 1432 1993 1471 in
2023 1446 2068 1472 ea

125 1489 306 1536 conditus
335 1491 391 1539 (vt
419 1489 540 1527 modo
571 1488 814 1537 dicebamus)
845 1488 892 1527 sit
919 1501 989 1538 per
1016 1487 1303 1538 prouidentiam
1331 1487 1407 1526 Dei
1435 1485 1621 1526 durabilis
1643 1486 1683 1524 in
1705 1486 1881 1525 Ecclesia
1896 1486 1996 1525 eius:
2012 1486 2068 1525 sic

126 1542 375 1580 statuendum
405 1549 480 1592 est,
510 1542 548 1580 in
577 1543 704 1580 forma
732 1548 893 1581 externa
919 1541 1120 1580 Ecclesiae
1148 1552 1407 1591 quaecunque
1434 1554 1495 1579 res
1523 1541 1573 1579 ad
1600 1542 1703 1579 hanc
1731 1541 1900 1578 formam
1929 1539 2070 1579 consti-

126 1596 313 1633 tuendam
341 1595 557 1646 pertinent,
585 1609 649 1634 eas
678 1594 716 1633 in
747 1596 847 1633 duos
872 1594 1029 1633 ordines
1057 1594 1236 1633 distribui
1263 1607 1399 1645 posse,
1426 1593 1738 1644 permanentium
1754 1593 2070 1644 &pereuntiumt

124 1661 219 1698 quas
251 1648 367 1687 etiam
397 1648 610 1687 commode
639 1648 890 1698 antiquorum
918 1647 1083 1686 vocibus
1114 1647 1378 1686 nominaueris
1393 1648 1475 1686 illas
1491 1648 1765 1698 statas,&has
1779 1646 2071 1685 ambulatorias.

126 1704 263 1751 Itaque
292 1709 381 1740 ante
408 1703 536 1752 legem
563 1701 634 1740 fuit
661 1701 841 1740 Ecclesia
868 1701 965 1751 Dei,
995 1702 1086 1739 cum
1115 1702 1292 1739 nondum
1320 1708 1421 1740 esset
1449 1703 1556 1739 Arca
1583 1700 1790 1749 testimonij
1821 1700 1963 1739 &inde
1979 1712 2073 1750 quo·

128 1766 206 1805 que
246 1757 270 1793 a
307 1755 581 1805 deportatione
621 1754 660 1792 in
694 1755 954 1804 Babyloniam
997 1754 1174 1793 Ecclesia
1201 1754 1273 1792 fuit
1301 1754 1383 1793 sine
1411 1753 1537 1805 Arca,
1565 1754 1902 1804 quemadmodum
1929 1753 1968 1791 in
1997 1753 2074 1792 suis

128 1808 431 1847 Commentariis
460 1808 603 1858 passim
636 1808 766 1846 ludaei
794 1815 1033 1859 agnoscunt,
1062 1809 1098 1846 &
1127 1821 1175 1846 ex
1201 1807 1309 1846 libris
1337 1809 1460 1846 Ezrae
1488 1821 1534 1845 ac
1562 1807 1778 1846 Nehemiae
1805 1820 1885 1845 non
1907 1808 2075 1846 obscure

128 1861 335 1912 colligitur.
377 1862 446 1899 sed
488 1861 568 1900 sine
604 1863 726 1900 verbo
755 1861 831 1899 Dei
859 1873 1059 1911 nunquam
1087 1861 1265 1903 Ecclesia
1293 1861 1368 1899 Dei
1396 1860 1540 1912 extitit,
1568 1872 1770 1911 nunquam
1799 1860 1965 1899 extitura
1995 1868 2073 1899 est:

127 1916 235 1953 Deus
272 1915 310 1952 in
339 1915 461 1953 domo
491 1926 560 1953 sua
591 1922 721 1953 mutus
751 1927 834 1953 esse
863 1927 942 1953 non
972 1921 1114 1964 potest.
1157 1916 1218 1953 Ac
1244 1914 1412 1965 proinde
1439 1915 1530 1952 cum
1557 1914 1654 1952 aliae
1682 1927 1743 1953 res
1771 1926 1910 1952 ornnes
1936 1920 2074 1952 natura

127 1980 197 2006 sua
224 1968 360 2006 adesse
385 1970 420 2006 δε
448 1969 584 2007 abesse
613 1968 763 2018 possint
789 1968 872 2006 sine
896 1967 1149 2018 corruptione
1177 1967 1255 2018 rei,
1283 1979 1382 2018 quae
1408 1967 1553 2019 agitur,
1582 1969 1617 2006 &
1639 1967 1785 2006 variam
1802 1970 1860 2016 (vt
1873 1967 1926 2005 ita
1939 1968 2075 2017 loqua-

130 2023 234 2069 mur)
264 2021 404 2059 faciem
433 2021 596 2059 induant
624 2034 673 2060 ex
701 2021 959 2072 dispositione
985 2020 1063 2059 Dei
1089 2020 1393 2073 sapientissima3
1421 2033 1500 2060 non
1519 2020 1683 2059 dubium
1699 2027 1756 2060 est
1769 2020 1863 2070 quin
1878 2022 2077 2071 Propheta

130 2075 208 2112 hoc
235 2075 326 2113 loco
355 2074 523 2113 maxime
551 2075 600 2113 ad
630 2088 711 2113 rem
741 2081 1036 2125 permanentem
1067 2075 1297 2126 respexerit,
1325 2087 1373 2113 ex
1400 2086 1498 2125 qua,
1523 2076 1629 2112 velut
1649 2074 1830 2124 specifica
1846 2075 1903 2124 (vt
1919 2076 2078 2124 vocant)

129 2126 372 2178 differentia,
401 2127 552 2178 species
583 2141 675 2166 vera
702 2128 903 2167 Ecclesiae
931 2127 1008 2166 Dei
1036 2129 1254 2166 secundum
1282 2130 1451 2166 formam
1481 2134 1679 2166 externam
1695 2127 1797 2165 illius
1813 2127 2078 2178 dignoscatur.

132 2181 233 2219 Nam
275 2181 391 2219 etiam
433 2183 489 2230 (vt
526 2181 708 2229 diximus)
750 2181 789 2219 in
822 2182 887 2220 illa
915 2181 998 2231 ipsa
1027 2183 1131 2219 Arca
1159 2180 1283 2220 inerat
1310 2182 1473 2220 verbum
1500 2180 1576 2219 Dei
1605 2180 1728 2231 digito
1757 2180 1840 2219 eius
1867 2186 2079 2219 exaratum.

131 2235 269 2271 Restat
311 2233 427 2283 igitur
466 2241 507 2272 vt
547 2234 745 2286 dicamus,
787 2247 866 2273 non
912 2247 959 2273 ex
986 2235 1110 2285 Arca,
1139 2242 1206 2273 aut
1233 2233 1316 2273 aliis
1345 2234 1539 2273 eiusmodi
1566 2234 1855 2273 accessionibus
1883 2233 2081 2285 cognitam

131 2286 247 2325 fuisse
289 2286 530 2338 Ecclesiam,
573 2289 642 2326 sed
685 2300 732 2326 ex
774 2289 896 2327 verbo
939 2289 1048 2338 quod
1085 2288 1360 2326 continebatur
1397 2289 1523 2338 Arca,
1562 2288 1597 2325 &
1626 2288 1735 2337 quod
1763 2287 1941 2326 Ecclesia
1968 2287 2007 2325 in
2036 2300 2082 2325 ea

133 2341 337 2378 seruabat:
379 2353 426 2378 ac
467 2340 634 2391 proinde
670 2342 835 2380 verbum
871 2341 948 2380 Dei
974 2347 1178 2380 externum
1207 2342 1335 2379 forma
1362 2349 1522 2379 externa
1551 2347 1608 2379 est
1636 2340 1855 2392 Ecclesiae,
1884 2341 1934 2379 ad
1963 2353 2081 2391 quam

133 2392 328 2443 respicere
356 2401 514 2443 oportet
543 2407 681 2432 omnes
710 2394 777 2444 qui
805 2397 913 2434 certo
944 2407 991 2433 ex
1019 2394 1248 2433 necessariis
1273 2393 1550 2433 &indubitatis
1564 2393 1718 2433 indiciis
1734 2393 1953 2433 Ecclesiam
1968 2406 2084 2432 nosse

133 2446 226 2485 foris
254 2446 469 2485 voluerint:
499 2449 534 2486 &
562 2448 897 2497 quemadmodum
925 2461 996 2498 per
1023 2447 1119 2486 illud
1147 2454 1301 2498 tempus
1327 2449 1404 2486 hoc
1433 2447 1579 2486 indicio
1608 2447 1768 2498 cognita
1795 2454 1871 2498 est,
1897 2447 1950 2486 ita
1966 2446 2082 2486 etiam

133 2499 326 2538 memoria
352 2507 487 2539 nostra
515 2500 732 2539 Ecclesiam
760 2501 836 2539 Dei
865 2500 1054 2551 cognosci
1081 2507 1278 2550 oportere.

185 2554 277 2591 Duo
305 2552 370 2591 hic
398 2555 555 2592 obstare
583 2553 780 2605 videntur,
809 2554 860 2592 ad
885 2566 986 2604 quae
1014 2554 1153 2592 ordine
1181 2554 1316 2604 paucis
1345 2553 1690 2604 respondebimus:
1721 2554 1831 2593 Prius
1853 2554 2081 2605 est,Eccle-

136 2605 232 2643 siam
274 2606 443 2656 priscam
486 2614 575 2645 ante
612 2607 740 2657 legem
776 2620 855 2646 non
883 2606 1067 2646 habuisse
1094 2608 1262 2646 verbum
1290 2607 1365 2646 Dei
1394 2606 1547 2657 scriptis
1574 2614 1795 2659 exaratum,
1824 2608 1934 2658 quod
1962 2605 2085 2646 videri

136 2666 288 2708 posset:
318 2672 363 2697 ac
394 2662 602 2710 propterea
628 2661 730 2698 hanc
760 2662 927 2699 formam
954 2673 1036 2698 non
1065 2673 1150 2698 esse
1179 2661 1230 2698 ad
1258 2660 1397 2699 iustam
1426 2660 1695 2711 cognitionem
1724 2661 1924 2700 Ecclesiae
1954 2672 2086 2699 neces-

136 2712 290 2750 sariam.
320 2713 540 2762 Posterius,
570 2715 718 2763 Legem
749 2714 865 2752 fuisse
894 2713 932 2751 in
962 2715 1088 2763 Arca,
1113 2726 1195 2751 non
1211 2714 1490 2764 Euangelium:
1521 2714 1642 2763 Quod
1657 2715 1688 2753 si
1703 2715 1785 2752 Lex
1800 2715 1870 2753 fuit
1887 2712 2087 2752 Ecclesiae

135 2765 274 2816 index,
304 2767 339 2803 &
367 2765 484 2804 index
514 2773 723 2816 perpetuus
753 2781 798 2805 ac
829 2780 1083 2817 permanens,
1115 2767 1221 2816 apud
1251 2768 1418 2806 Iudaeos
1448 2767 1576 2817 potius
1592 2769 1708 2816 quam
1726 2767 2087 2818 apuilChristianos

1098 2831 1145 2869 55
1867 2820 2085 2859 Ecclesiam
