2334 3020
759 122 826 150 DE
868 121 1022 148 VERA
1065 120 1417 148 THEOLOGIA.
1565 160 1577 172 ἱ
1716 128 1723 135 =
2008 119 2054 158 59

120 233 269 272 infinita
296 233 369 272 Dei
399 231 585 283 sapientia
615 229 918 280 comparaueris.
949 230 1032 267 Nec
1061 235 1143 266 tota
1170 228 1283 266 simul
1311 236 1368 266 est
1395 230 1508 277 haec,
1537 229 1606 266 sed
1624 227 1767 265 vicium
1784 226 2055 264 mutationum-

121 299 196 337 que
236 288 271 325 &
312 285 568 325 successionis
609 283 822 334 particeps:
865 295 939 321 nec
982 280 1361 320 incommunicabilis
1389 287 1466 325 est,
1496 292 1586 318 cum
1618 281 1732 318 rebus
1760 280 1919 328 creatis,
1947 280 1982 316 ἃ
2012 292 2055 316 ex

123 341 228 378 facto
256 339 547 378 communicato
576 337 791 376 secundum
819 336 1051 374 demensum
1079 334 1334 373 donationum
1363 334 1456 372 eius.
1478 336 1615 383 'Atque
1644 333 1741 371 haec
1772 334 1820 371 de
1835 331 2055 382 'l‘hcologia

122 392 288 432 Vnionis
315 392 354 430 in
383 391 539 431 Christo
569 390 775 429 Seruatore
804 395 940 428 nostro
972 389 1022 427 ad
1053 389 1216 427 salutem
1245 387 1421 426 omnium
1451 386 1636 437 exposita.

894 721 1128 758 CAPVT
1170 721 1282 791 ViI.

714 854 779 891 De
822 854 860 890 T
855 854 1030 901 lceologm
1062 856 1218 892 visionis
1249 856 1288 891 z'n
1326 854 1463 892 Caelis.

178 974 524 1023 Qvemadmodum
552 982 706 1013 creatae
735 974 834 1013 illius
863 974 1073 1024 sapientiae
1101 974 1137 1012 δε
1163 973 1368 1012 habitualis
1397 973 1564 1021 Christi,
1593 985 1709 1022 quam
1737 972 1904 1011 Vnionis
1936 974 2062 1009 Theo-

126 1027 273 1077 logiam
307 1029 570 1078 appellamus,
599 1027 690 1066 licet
717 1027 839 1065 modo
867 1029 981 1077 plane
1010 1026 1218 1077 singulari,
1248 1034 1380 1064 tamen
1408 1038 1618 1064 commune
1648 1025 1884 1075 principium
1914 1034 1971 1063 cst
2000 1024 2063 1062 illa

127 1087 338 1130 prototypa
374 1081 410 1118 δε
446 1080 656 1119 essentialis
684 1079 758 1118 Dei
786 1080 992 1130 sapientia,
1023 1091 1140 1128 quam
1168 1079 1295 1129 primo
1323 1080 1414 1117 loco
1442 1078 1661 1128 posuimus:
1695 1078 1750 1116 sic
1779 1078 1894 1116 etiam
1923 1084 2062 1126 ectypa

127 1133 192 1172 illa
218 1133 436 1184 Theologia
465 1132 632 1172 Vnionis
658 1133 698 1171 in
726 1132 882 1171 Christo
912 1134 1117 1171 Seruatore
1145 1139 1301 1182 nostro,
1334 1143 1543 1170 commune
1572 1138 1629 1169 est
1644 1130 1877 1181 principium
1895 1130 2062 1179 reliquae

129 1185 392 1237 Theologiae,
419 1198 519 1236 quae
547 1193 629 1225 tum
657 1188 680 1224 a
706 1185 829 1225 beatis
857 1185 931 1224 illis
959 1184 1164 1235 Spiritibus
1193 1185 1232 1223 in
1264 1186 1397 1235 coelo,
1424 1192 1506 1222 turn
1529 1184 1593 1222 hic
1606 1184 1645 1221 in
1660 1191 1761 1222 terra
1776 1185 1825 1221 ab
1840 1183 2062 1221 hominibus

129 1239 277 1278 miseris
317 1239 540 1290 percipitur.
581 1240 654 1277 Illa
695 1240 905 1288 archetypa
946 1238 1085 1281 matrix
1113 1245 1170 1276 est
1197 1237 1393 1276 omnium:
1422 1238 1520 1275 haec
1548 1240 1642 1276 vero
1671 1245 1810 1286 ectypa
1836 1236 1876 1274 in
1905 1236 2059 1274 Christo

130 1300 188 1331 est
215 1293 451 1342 reliquarum
479 1298 621 1330 mater:
649 1293 721 1330 Illa
748 1293 835 1330 fons
863 1291 1056 1329 omnium:
1086 1291 1184 1329 haec
1211 1301 1422 1329 commune
1450 1289 1559 1340 quasi
1586 1291 1786 1328 castellum
1810 1300 1877 1327 seu
1893 1302 2059 1338 concep-

129 1346 312 1384 taculum.
341 1347 402 1384 De
428 1344 540 1383 huius
569 1351 700 1383 autem
728 1344 902 1382 salutaris
930 1343 1200 1393 conceptaculi
1230 1343 1362 1382 diuina
1389 1342 1631 1393 plenitudine
1658 1356 1718 1381 res
1739 1349 1892 1380 creatae
1907 1343 2060 1380 duobus

128 1398 256 1437 modis
281 1397 478 1436 hauriunt:
506 1400 618 1436 Vnae
644 1397 794 1436 visione
823 1409 978 1436 coram:
1007 1398 1164 1435 Alterae
1191 1396 1445 1445 reuelatione,
1474 1398 1654 1435 absentes
1681 1395 1861 1434 videlicet
1889 1409 1934 1433 ac
1955 1407 2061 1445 pere-

127 1451 324 1501 grinantes
363 1453 386 1488 a
426 1450 614 1489 Domino.
657 1464 691 1488 2.
725 1451 872 1489 Cariat.
917 1460 963 1500 5:
1006 1452 1048 1500 6,
1080 1462 1115 1499 7.
1156 1451 1217 1488 Ex
1257 1450 1316 1489 his
1358 1450 1512 1488 duobus
1554 1449 1682 1488 modis
1711 1450 1858 1498 reliqua
1887 1448 1953 1486 illa
1982 1448 2061 1485 duo

127 1503 369 1554 Theologiae
409 1510 572 1553 ectypae
611 1515 756 1553 genera
794 1511 1083 1554 processerunt:
1126 1514 1295 1552 quorum
1338 1504 1502 1542 alterum
1544 1501 1805 1552 Theologiam
1833 1503 2059 1546 beatorum,

125 1558 302 1595 Alterum
341 1555 534 1595 viatorum
574 1555 786 1595 orthodoxi
826 1558 957 1595 Patres
995 1557 1257 1607 appellabant.
1299 1558 1436 1606 Itaque
1464 1555 1639 1595 secunda
1667 1557 1792 1594 forma
1820 1553 2063 1604 Theologiae

129 1618 311 1660 ectypae,
339 1609 559 1659 Theologia
587 1611 793 1648 beatorum
822 1621 888 1648 seu
917 1611 1090 1649 excelsa:
1118 1609 1270 1661 Tertia,
1299 1610 1512 1659 viatorum,
1541 1608 1623 1647 siue
1646 1607 1802 1646 humilis
1818 1606 2062 1646 dicianobis

127 1670 268 1714 potest.
298 1664 426 1712 Atque
453 1663 554 1700 hanc
581 1669 786 1712 Vtramque
814 1664 982 1702 formam
1010 1663 1253 1713 Theologiae
1276 1663 1454 1702 Christus
1469 1661 1724 1701 sanctificauit
1737 1661 1778 1699 in
1792 1673 1960 1711 persona
1975 1672 2062 1698 sua:

127 1715 446 1766 quandoquidem
477 1716 567 1754 cum
596 1715 732 1754 humili
759 1717 795 1753 T
797 1716 980 1766 heologia
1007 1729 1096 1755 vsus
1125 1723 1183 1754 est
1209 1716 1248 1754 in
1276 1715 1491 1754 humilitate
1514 1715 1661 1754 carnis:
1686 1722 1768 1752 tum
1784 1715 1936 1752 excelsa
1949 1713 2066 1752 vtitur

126 1769 165 1808 in
192 1768 256 1807 illa
281 1768 516 1816 exaltatione
544 1780 633 1812 sua,
661 1781 737 1818 qua
764 1781 869 1807 nunc
897 1770 1083 1808 exaltatus
1112 1776 1170 1808 est
1196 1781 1312 1819 supra
1340 1781 1458 1808 omne
1485 1781 1648 1807 nomen:
1685 1767 1864 1806 videlicet
1891 1773 1933 1804 vt
1961 1779 2065 1804 com-

127 1833 244 1861 mune
283 1821 516 1872 principium
557 1821 754 1872 Vtriusque
783 1822 1024 1873 Theologiae
1052 1822 1125 1861 sibi
1151 1821 1275 1861 inesse
1305 1822 1539 1861 ostenderet.
1587 1822 1700 1860 Thes.
1729 1832 1798 1859 XII.
1841 1821 1918 1858 Est
1943 1824 2065 1857 autem

133 1877 173 1914 T
168 1876 344 1924 heologz'a
386 1876 560 1924 visionis,
603 1889 699 1925 quae
737 1877 1010 1914 cmnmmzz'cata
1038 1881 1095 1914 est
1119 1889 1202 1913 cum
1233 1877 1395 1925 Angelis
1421 1877 1457 1914 &
1485 1875 1694 1925 sz'rz'tc'bus
1723 1874 1952 1912 Sanctorum
1983 1885 2066 1910 con-

127 1933 364 1967 secratorum
406 1941 471 1966 sea
505 1928 767 1978 perfectorum
809 1930 849 1966 ἐκ
893 1931 1005 1968 coelo.
1059 1931 1104 1967 In
1146 1929 1220 1966 hac
1262 1928 1489 1967 definitione
1533 1935 1641 1967 certo
1684 1925 1847 1965 consilio
1882 1938 2005 1976 genus
2033 1926 2067 1962 ἃ

127 1981 384 2020 differentiam
412 1993 665 2020 communem
693 1980 912 2032 omisimus,
942 1981 1033 2032 quia
1061 1989 1267 2031 Vtrumque
1296 1981 1402 2020 idem
1426 1987 1484 2020 est
1497 1981 1605 2030 quod
1619 1980 1658 2018 in
1673 1979 1853 2030 proxima
1868 1978 2068 2029 superiore

126 2034 246 2073 Thesi
273 2033 344 2073 fuit
371 2034 612 2084 expositum:
642 2047 784 2085 nempe
812 2035 915 2073 hanc
945 2047 1029 2074 esse
1059 2036 1281 2073 dz'm'narma
1309 2048 1443 2072 rerum
1473 2035 1724 2084 Sapientiam.
1772 2034 1911 2070 Restat
1937 2031 2068 2080 itaque

127 2094 169 2126 vt
195 2087 246 2127 de
274 2087 430 2138 propria
459 2087 698 2138 differentia,
727 2095 844 2137 atque
871 2090 928 2137 (vt
955 2091 1112 2136 vocant)
1141 2087 1324 2138 specifica
1338 2087 1451 2126 huius
1465 2086 1708 2136 Theologiae
1726 2085 1939 2125 videamus.
1969 2085 2068 2122 Eam

129 2142 221 2180 vero
263 2140 607 2180 determinauimus
647 2140 706 2180 his
746 2141 876 2180 verbis
904 2140 1139 2180 definitionis
1167 2148 1346 2192 nostrae,
1375 2140 1515 2191 quibus
1544 2141 1853 2178 communicatam
1884 2151 1961 2176 esse
1988 2151 2069 2176 cum

130 2195 290 2243 Angelis
318 2194 354 2231 δι
383 2194 591 2244 spiritibus
617 2196 804 2232 iustorum
833 2200 1160 2244 consecratorum,
1184 2194 1518 2244 semperfectorum
1542 2195 1582 2231 ia
1597 2194 1696 2231 coelo
1710 2190 2069 2242 pronunciauirnus.

132 2250 234 2286 Nam
253 2247 361 2285 hisce
384 2246 513 2285 verbis
537 2247 778 2297 paucissimis
802 2248 1037 2298 singularem
1052 2247 1295 2298 Theologiae
1308 2247 1422 2285 huius
1437 2245 1837 2295 circumscriptionem
1852 2244 2072 2292 statuimus,

132 2299 274 2351 triplici
300 2307 552 2350 argumento:
582 2299 755 2338 Primum
785 2309 859 2351 est,
886 2308 1065 2351 respectu
1094 2301 1219 2351 modi,
1243 2300 1351 2351 quod
1377 2301 1526 2338 Visioue
1540 2298 1871 2338 communicatam
1887 2296 2072 2336 dicimus:

135 2354 380 2404 Secundum,
407 2360 586 2403 respectu
615 2352 798 2402 subiecti,
820 2355 928 2404 quod
951 2353 1282 2393 communicatam
1297 2367 1379 2391 cum
1395 2354 1556 2401 Angelis
1570 2352 2072 2402 spiritibusqueiusformn:

136 2406 312 2446 Tertium
341 2406 530 2456 denique,
559 2413 738 2457 respectu
766 2407 1164 2457 circumstantiarum,
1192 2421 1238 2445 ac
1267 2406 1474 2457 praecipue
1497 2404 1596 2455 loci,
1619 2405 1728 2454 quod
1743 2403 2072 2443 communicatam

134 2462 174 2498 in
203 2462 314 2498 coelo.
343 2458 482 2509 quibus
510 2460 626 2498 rebus
654 2461 752 2498 haec
780 2461 1002 2512 Theologia
1022 2467 1105 2498 tum
1126 2462 1176 2499 ab
1197 2461 1472 2507 antecedente,
1496 2471 1615 2508 quam
1629 2458 1796 2496 Vnionis
1812 2457 2072 2507 appellamus,

140 2521 224 2551 tum
251 2514 275 2550 a
301 2518 487 2562 sequente
514 2524 633 2562 quam
660 2513 930 2564 reuelationis,
958 2513 1205 2564 distinguitur
1231 2511 1532 2551 euidentissime.
1562 2514 1622 2550 Ac
1652 2511 1820 2561 primum
1849 2509 2007 2559 quidem
2036 2508 2073 2546 in

141 2566 264 2604 modo
293 2565 659 2604 communicationis
687 2566 856 2605 maxima
883 2566 956 2605 sita
983 2573 1039 2606 est
1067 2566 1300 2615 differentia,
1329 2565 1437 2615 quod
1463 2566 1611 2603 Vz‘sione
1633 2563 1921 2603 communicata
1937 2561 2076 2600 dicitur

142 2621 240 2657 haec
278 2618 508 2668 Theologia.
549 2619 703 2657 Etenim
744 2631 833 2658 cum
874 2631 1002 2658 rerum
1037 2619 1272 2669 Spiritalium
1299 2631 1380 2657 non
1411 2618 1533 2668 possit
1560 2631 1643 2656 esse
1671 2615 1975 2655 communicatio
2003 2614 2077 2652 nisi

143 2670 345 2723 spiritalis,
379 2683 463 2709 nec.
491 2670 593 2721 spi(f.
627 2672 866 2722 1387)ritalia
893 2675 917 2711 a
943 2672 1177 2724 spiritalibus
1204 2671 1278 2710 nisi
1307 2670 1467 2722 spiritali
1493 2672 1616 2709 modo
1645 2670 1767 2708 videri
1794 2668 1963 2719 possint,
1987 2670 2078 2717 quia

143 2738 206 2764 res
234 2723 424 2774 spiritales
453 2735 523 2762 sua
548 2724 718 2774 ipsarum
745 2725 927 2774 essentia,
957 2725 1153 2776 potentia,
1182 2725 1383 2781 opefibus,
1412 2725 1447 2762 δε
1474 2723 1789 2774 perpessionibus
1813 2721 1974 2760 omnino
1990 2727 2078 2758 sunt

145 2777 476 2828 simplicissimae3
513 2784 720 2827 propterea
747 2780 852 2817 hunc
880 2781 1043 2818 modurn
1072 2777 1338 2829 Theologicae
1367 2776 1732 2816 communicationis
1759 2775 1969 2832 spiritalem
1997 2787 2079 2811 esse

1859 2834 2059 2865 Statumius
2071 2856 2081 2875 ,
