2334 3020
229 66 303 100 422
934 65 1203 94 EIRENICI
1246 68 1388 95 PARS
1431 68 1456 95 1.

229 169 479 218 puerulorum
506 180 640 208 curam
668 176 825 219 gerunt,
853 176 970 220 prout
997 169 1181 210 iubentur
1206 174 1231 212 a
1256 172 1448 213 Domino.
1475 174 1589 213 Matt.
1621 176 1680 214 18.
1712 186 1772 213 10.
1802 175 1893 214 &in
1906 176 2084 216 Ecclesia
2097 176 2163 217 hic

229 223 441 260 obseruant
477 221 758 261 studiosissime
793 223 1073 262 multiformem
1113 225 1220 265 illam
1256 225 1486 276 sapientiam
1513 226 1607 266 Dei:
1635 228 1781 278 Ephes.
1811 241 1848 278 3.
1881 242 1939 268 10.
1967 242 2096 280 neque
2123 230 2164 270 id

227 276 354 315 solum
396 273 436 312 in
481 287 600 325 opere
635 275 809 326 gratioso
837 276 1093 327 spiritualium
1121 279 1442 318 benedictionum
1471 280 1572 331 eius,
1602 281 1672 320 sed
1699 282 1815 320 etiam
1842 281 1881 320 in
1909 290 2070 321 externo
2097 282 2165 323 illo

227 328 386 378 ordine,
415 327 485 377 qui
511 328 792 368 conuenienter
819 341 911 369 cum
935 330 1088 370 interna
1114 331 1180 370 illa
1206 333 1284 372 Dei
1308 333 1433 383 gratia
1459 332 1500 372 in
1527 334 1808 373 communione
1832 342 2056 374 sanctorum
2070 348 2165 375 con-

226 381 380 420 iunctus
410 386 487 419 est:
516 384 596 431 quo
625 389 807 432 spectans
835 383 928 422 dicit
955 385 1096 434 Apost.
1130 398 1164 424 1.
1193 385 1286 424 Cor.
1320 399 1379 424 11.
1413 399 1473 425 10.
1499 388 1523 424 a
1551 387 1710 427 muliere
1725 388 2165 440 potestatem,i.potes-

225 434 313 474 tatis
353 433 505 484 signum
546 435 682 473 haberi
722 434 763 474 in
801 436 927 487 capite
971 444 1135 488 propter
1163 440 1345 489 angelos:
1386 439 1556 489 denique
1591 440 1630 478 in
1659 442 1773 480 rebus
1800 441 1956 491 piorum
1982 441 2100 493 gestis
2127 444 2164 482 δι

226 486 562 539 perpessionibus:
599 487 648 526 de
685 488 827 538 quibus
855 489 998 529 dicitur
1027 491 1165 530 eadem
1192 491 1303 542 epist.
1332 505 1367 531 c.
1395 505 1433 540 4.
1460 506 1497 531 v.
1526 506 1562 543 9.
1603 494 1679 532 Dei
1706 506 1842 533 seruos
1870 494 1986 533 etiam
2014 495 2164 545 angelis

225 541 491 592 spectaculum
518 541 644 580 factos
671 554 767 581 esse.
796 542 924 582 Testis
952 546 1155 595 praeterea
1182 545 1353 584 mundus
1383 551 1460 596 est,
1484 557 1619 584 coram
1642 558 1722 597 quo
1737 547 1911 586 similiter
1932 547 2056 587 sancti
2068 549 2166 588 fiunt

225 594 492 645 spectaculum
530 600 573 632 vt
599 593 746 634 ibidem
772 596 941 635 affirmat
966 598 1107 648 Apost.
1135 598 1235 637 adeo
1266 605 1307 637 vt
1333 611 1414 637 non
1443 598 1680 638 dubitauerit
1706 599 1906 650 Episcopo
1935 600 2167 641 ministranti

224 647 264 687 in
291 646 469 686 Ecclesia
495 645 571 685 Dei
599 648 727 698 legem
755 649 859 688 hanc
884 649 1075 701 indicere,
1099 656 1139 690 vt
1153 651 1269 690 etiam
1284 653 1335 691 ab
1350 651 1541 691 extraneis
1555 653 1707 692 bonum
1720 653 1864 693 habeat
1878 653 2165 706 testimonium,

225 713 275 740 ne
314 700 354 739 in
393 700 584 750 probrum
618 700 765 741 incidat
792 703 828 741 &
855 703 1039 752 laqueum
1068 704 1242 743 Diaboli.
1276 718 1308 744 1.
1336 704 1439 744 Tim.
1468 718 1505 755 3.
1536 716 1572 754 7.
1606 707 1744 745 Testes
1771 706 1941 757 denique
1975 708 2166 748 habemus

225 753 408 806 priuatim
435 760 593 793 sanctos
621 765 823 807 quosque,
849 756 1057 796 nobiscum
1085 756 1125 795 in
1149 757 1224 796 Dei
1247 757 1423 796 Ecclesia
1445 766 1931 810 conuersanteszquorum
1945 759 2166 800 testimonia

225 820 273 846 eo
301 805 422 858 pluris
448 805 533 844 fieri
560 808 584 845 a
611 807 728 846 nobis
755 821 916 848 necesse
947 816 1024 857 est,
1056 810 1166 860 quod
1194 810 1401 850 domestici
1429 819 1518 850 sunt
1544 812 1646 851 illius
1675 813 1839 863 domus,
1875 813 1983 852 cuius
2013 815 2048 852 ὅτ
2079 826 2166 853 nos.

223 862 284 900 Ex
312 859 371 898 his
400 859 584 899 omnibus
611 862 648 900 δε
676 860 758 900 aliis
786 874 946 913 quoque
963 863 1194 903 testimoniis
1207 863 1368 903 Vnicum
1383 865 1581 915 Propheta
1595 865 1781 905 hocloco
1797 866 1993 914 adhibuit,
2009 868 2165 917 &apud

224 915 330 953 hunc
359 920 498 952 testem
527 912 832 966 cogitationem,
860 915 1052 963 studium,
1081 917 1211 956 officia
1238 929 1308 956 sua
1331 919 1532 968 professus
1547 925 1625 958 est:
1649 917 1832 958 nimirum
1847 919 2066 958 Ecclesiam
2079 920 2167 960 Dei.

225 969 317 1006 Non
355 966 464 1016 qued
496 965 603 1005 idem
629 968 736 1018 apud
763 969 953 1008 Iehouam
981 971 1110 1009 Deum
1139 982 1251 1009 suum
1279 971 1415 1010 fideles
1443 984 1524 1010 non
1553 973 1850 1022 profiterentur:
1878 986 1970 1011 nam
1995 973 2168 1023 quisquis

223 1020 262 1059 in
308 1018 486 1058 Ecclesia
527 1021 814 1070 professionem
853 1022 956 1061 hanc
984 1023 1162 1074 adhibet,
1193 1024 1299 1074 apud
1326 1025 1456 1063 Deum
1485 1026 1711 1075 profitetur,
1741 1025 1809 1076 qui
1836 1025 2099 1065 indesinenter
2127 1026 2167 1066 in

224 1072 402 1112 Ecclesia
429 1072 598 1124 habitat,
625 1078 791 1124 eamque
806 1075 1022 1115 sanctificat
1036 1078 1197 1115 lauacro
1211 1077 1517 1128 regenerationis
1531 1092 1601 1129 per
1615 1080 1791 1118 verbum.
1818 1080 1910 1118 Non
1927 1078 2042 1118 etiam
2057 1079 2166 1130 quod

221 1128 449 1178 angelorum
486 1126 752 1166 testimonium
780 1129 961 1168 Ecclesia
983 1129 1111 1180 prisca
1138 1130 1365 1181 nesciuerit,
1392 1131 1457 1170 cui
1482 1132 1592 1171 Deus
1618 1132 1915 1183 quamplurimis
1937 1134 2166 1184 angelorum

227 1179 574 1231 significationibus
600 1181 740 1220 crebro
768 1188 929 1221 testatus
957 1189 1014 1222 est
1039 1183 1300 1234 praesentiam
1327 1195 1436 1223 suam
1465 1186 1508 1234 (f.
1525 1185 1631 1237 700).
1660 1185 1752 1224 Non
1775 1185 1883 1235 quod
1899 1185 2036 1224 mundi
2049 1185 2168 1236 ipsius

228 1233 411 1284 refugerit
454 1231 742 1285 testimonium,
783 1248 917 1274 coram
959 1248 1040 1286 quo
1073 1249 1146 1276 nos
1181 1249 1320 1276 omnes
1357 1238 1535 1277 confiteri
1561 1240 1692 1278 Deum
1719 1241 1755 1278 δι
1782 1238 1978 1278 Christum
2007 1251 2167 1278 necesse

227 1295 305 1333 est,
333 1299 381 1325 ac
408 1298 489 1325 non
519 1298 663 1337 negare
690 1288 926 1327 beneficium
956 1289 1051 1329 eius.
1081 1290 1159 1329 Sed
1187 1290 1456 1330 testimonium
1483 1291 1685 1331 Ecclesiae
1708 1291 1862 1342 quoties
1888 1292 2168 1343 adhibetur,&

226 1339 378 1389 quoties
420 1338 526 1390 apud
568 1353 656 1379 eam
691 1342 801 1391 quod
828 1342 998 1392 partium
1034 1350 1256 1383 nostrarum
1291 1351 1350 1383 est
1375 1357 1423 1383 ex
1451 1344 1584 1384 animo
1614 1345 1861 1396 profitemur,
1889 1344 2003 1385 toties
2031 1358 2166 1385 coram

225 1395 313 1432 Deo
355 1393 392 1431 δι
431 1392 579 1443 angelis
618 1393 699 1433 eius
727 1394 867 1434 eadem
895 1408 1017 1446 opera
1045 1396 1219 1436 officium
1248 1397 1434 1436 facimus:
1463 1398 1571 1448 quod
1602 1398 1779 1438 officium
1807 1397 2014 1438 domestici
2041 1400 2167 1438 solum

224 1446 377 1497 vident,
417 1459 498 1485 non
544 1446 680 1485 vident
716 1448 848 1487 exteri.
890 1448 1011 1488 Videt
1051 1463 1146 1500 ergo
1188 1451 1297 1489 Deus
1338 1450 1512 1490 officium
1539 1453 1618 1491 hoc
1646 1452 1682 1491 &
1709 1452 1873 1503 probat,
1901 1458 1942 1491 vt
1967 1453 2166 1491 Dominus

222 1499 343 1538 iustus
372 1500 536 1539 domus:
565 1499 713 1539 Vident
739 1501 889 1554 angeli,
917 1509 959 1542 vt
982 1503 1165 1542 conserui
1192 1503 1231 1542 in
1258 1504 1397 1543 eadem
1425 1504 1569 1544 domo:
1597 1505 1719 1544 Videt
1746 1504 2165 1545 Ecclesia&membra

220 1552 323 1592 illius
344 1601 346 1603 Ι
371 1553 581 1593 nobiscum
622 1553 839 1605 versantia,
882 1562 924 1595 vt
964 1563 1096 1595 custos
1125 1556 1410 1596 beneficiorum
1438 1557 1516 1596 Dei
1543 1559 1579 1597 &
1607 1565 1730 1597 mater
1757 1566 1891 1597 nostra
1919 1558 2097 1597 omnium
2124 1556 2164 1598 in

221 1605 418 1658 Domino,
460 1620 508 1646 ac
548 1606 715 1657 proinde
752 1607 894 1647 eodem
929 1607 1013 1648 iure
1040 1616 1173 1649 custos
1200 1609 1452 1660 professionis
1479 1618 1638 1651 nostrae
1668 1624 1760 1662 erga
1787 1611 2005 1650 Dominum
2032 1613 2164 1650 Deum

222 1665 412 1699 nostrum.
454 1662 574 1699 Hanc
614 1661 707 1699 vero
743 1660 1029 1711 professionem
1055 1676 1137 1702 non
1165 1663 1273 1703 videt
1298 1664 1486 1715 mundus,
1515 1664 1607 1715 quia
1634 1664 1758 1704 oculis
1786 1663 1912 1704 carnis
1940 1664 2067 1703 videt:
2095 1664 2164 1704 sed

222 1711 372 1763 optime
410 1713 518 1752 videt
545 1712 724 1752 Ecclesia
751 1715 968 1754 secundum
998 1716 1153 1768 Deum,
1180 1716 1272 1767 quia
1299 1723 1458 1756 sanctos
1487 1717 1613 1757 oculis
1640 1718 1730 1757 fidei
1757 1717 1882 1756 cernit
1908 1717 1949 1756 in
1977 1718 2164 1757 charitate

222 1767 258 1804 δι
285 1765 431 1805 vnitate
460 1766 627 1817 spiritus.
669 1766 905 1806 Rectissime
933 1768 1061 1819 itaque
1088 1768 1142 1820 pij
1169 1770 1277 1820 apud
1306 1770 1526 1809 Ecclesiam
1556 1772 1790 1821 profitentur
1815 1777 1991 1810 sanctam
2019 1773 2164 1821 profes-

221 1817 372 1858 sionem
401 1821 525 1871 hanc,
554 1827 637 1858 tum
667 1819 759 1869 quia
787 1821 925 1860 eadem
954 1834 1075 1872 opera
1103 1824 1233 1862 Deum
1262 1824 1298 1862 δε
1326 1824 1487 1874 angelos
1511 1823 1617 1874 ipsos
1632 1824 1870 1863 certissimos
1885 1831 2002 1863 testes
2019 1825 2166 1864 habent

221 1883 358 1910 eorum
386 1873 564 1912 omnium
593 1885 692 1923 quae
721 1873 761 1912 in
789 1874 967 1913 Ecclesia
994 1874 1162 1926 faciunt,
1191 1882 1275 1915 tum
1303 1876 1395 1927 quia
1423 1876 1607 1928 singulari
1633 1878 1808 1927 quodam
1830 1876 2162 1917 instituto&con-

221 1924 408 1965 uentione
434 1925 611 1966 Ecclesia
641 1933 696 1965 est
725 1927 946 1966 communis
974 1928 1210 1979 depositaria
1235 1929 1312 1968 Dei
1339 1929 1482 1980 pariter
1509 1943 1556 1969 ac
1582 1930 1723 1970 nostri:
1748 1931 1895 1969 namin
1909 1943 1956 1970 ea
1969 1930 2164 1970 Dominus
2205 1978 2211 1986 ·

220 1978 401 2028 exposuit
428 1980 632 2019 thesauros
661 1991 753 2018 suos
779 1982 803 2018 a
830 1980 902 2030 piis
932 1981 1091 2031 singulis
1120 1982 1379 2033 delibandos,
1407 1984 1443 2021 &
1470 1983 1638 2023 vicissim
1666 1983 1705 2022 in
1727 1997 1773 2022 ea
1787 1984 1839 2034 pij
1855 1991 2058 2034 exponunt
2070 1990 2165 2024 vota

221 2043 290 2070 sua
318 2033 353 2071 &
382 2033 647 2083 professiones
674 2044 850 2083 quasque
878 2033 1031 2084 pietatis
1057 2047 1171 2086 suae,
1200 2042 1242 2074 vt
1269 2048 1404 2074 coram
1432 2036 1609 2076 Domino
1637 2044 1824 2087 acceptae
1852 2037 1928 2076 sint
1955 2036 1995 2075 in
2017 2037 2164 2076 vnitate

221 2085 400 2134 corporis
430 2086 585 2126 Christi.
622 2087 742 2125 Hanc
769 2087 924 2126 fidelem
952 2087 1229 2138 depositariam
1256 2088 1350 2128 olim
1378 2090 1627 2140 appellabant
1655 2090 1730 2141 pij,
1758 2091 1848 2129 cum
1883 2090 2165 2140 Hierosolyma

221 2137 490 2178 nominarent:
531 2139 649 2189 idque
686 2138 827 2179 iisdem
854 2140 1005 2191 modis,
1033 2153 1134 2191 quos
1160 2142 1339 2193 proxime
1365 2142 1649 2182 declarauimus
1678 2144 1768 2182 cum
1798 2144 1846 2182 de
1873 2142 1996 2194 portis
2023 2144 2164 2184 Hiero-

224 2192 466 2242 solymorum
509 2204 727 2243 ageremus.
769 2194 874 2232 Vrbs
915 2194 1020 2233 enirn
1061 2195 1432 2245 Hierosolymorum
1467 2203 1533 2235 aut
1569 2197 1787 2235 secundum
1814 2197 2032 2235 naturalem
2059 2196 2164 2235 illam

225 2244 447 2295 materiam,
488 2252 556 2285 aut
595 2246 810 2285 secundnm
839 2248 1022 2298 figuram,
1051 2255 1118 2287 aut
1145 2249 1362 2288 secundum
1391 2249 1592 2288 veritatem
1618 2252 1643 2288 a
1670 2249 1812 2289 sanctis
1838 2249 1912 2288 illis
1938 2250 2165 2289 hominibus

225 2299 473 2337 enunciatata
501 2305 571 2338 est.
599 2298 682 2338 Hic
708 2300 848 2350 triplex
875 2300 1017 2339 modus
1045 2301 1160 2340 simul
1187 2303 1467 2353 concurrebat,
1496 2303 1587 2340 cum
1615 2302 1666 2353 pij
1695 2302 1825 2341 verbis
1849 2304 2069 2353 Prophetae
2083 2302 2164 2342 istis

227 2358 447 2390 vterentur:
481 2353 585 2391 Nam
622 2352 657 2390 &
692 2352 936 2392 materiatam
965 2355 1175 2393 Ierusalem
1201 2354 1406 2405 videbant,
1429 2356 1465 2394 &
1494 2357 1656 2406 figuram
1684 2357 1897 2395 cernebant
1924 2367 2002 2406 qua
2028 2355 2162 2395 vestie-

220 2405 335 2442 batur
375 2405 578 2443 materiata
617 2406 827 2444 Ierusalem
856 2405 1033 2446 instituto
1061 2407 1156 2457 Dei,
1184 2410 1220 2448 &
1248 2408 1287 2447 in
1316 2408 1477 2447 veritate
1504 2410 1610 2447 velut
1637 2408 1767 2447 anima
1795 2408 1882 2447 illus
1911 2408 2163 2459 conquiesce-

220 2458 337 2508 bant,
365 2457 456 2507 quia
482 2460 592 2497 Deus
619 2459 878 2508 praesentiam
910 2471 1020 2499 suam
1047 2461 1258 2510 gratiosam
1286 2461 1436 2512 prolixe
1463 2461 1504 2500 in
1532 2475 1578 2500 ea
1606 2462 1877 2501 confirmabat.

273 2511 437 2549 Prodest
472 2517 601 2550 autem
637 2512 709 2561 piis
735 2512 960 2551 huiusmodi
996 2514 1197 2553 Ecclesiae
1230 2514 1441 2565 appellatio
1477 2514 1709 2565 plurimum,
1745 2515 1874 2566 facto,
1903 2515 1939 2552 &
1967 2515 2164 2565 exemplo.

219 2563 341 2602 Facto
378 2564 558 2615 prodest,
593 2564 684 2614 quia
720 2564 859 2615 singuli
894 2566 973 2605 hoc
1008 2568 1113 2606 facto
1148 2568 1322 2607 officium
1350 2578 1462 2606 suum
1490 2581 1582 2618 erga
1609 2567 1827 2607 Ecclesiam
1853 2568 2025 2618 probant
2052 2566 2164 2618 (quid

220 2615 324 2654 enim
360 2616 446 2666 piae
483 2616 598 2656 matri
633 2630 714 2657 non
750 2618 919 2657 debeant
952 2619 1004 2669 pij
1043 2620 1107 2669 filij
1122 2616 1150 2670 ?)
1188 2622 1225 2660 &
1262 2620 1353 2671 quia
1387 2620 1603 2660 Ecclesiam
1638 2628 1859 2672 prouocant
1886 2620 1937 2658 ad
1965 2619 2095 2659 officia
2123 2620 2163 2659 in

219 2669 372 2717 prolem
409 2669 643 2721 morigeram
682 2672 717 2709 &
745 2671 962 2710 officiosam
991 2672 1138 2712 maiore
1166 2685 1256 2712 cum
1285 2674 1413 2712 fructu
1441 2675 1476 2712 &
1503 2673 1702 2714 alacritate
1731 2674 1879 2713 maiore
1907 2672 2162 2724 praestanda:

221 2720 282 2760 Illi
308 2729 548 2772 praestamus
575 2722 715 2775 singuli
742 2725 962 2775 personalia
983 2725 1114 2764 officia
1127 2734 1280 2779 nostra3
1308 2726 1372 2765 illa
1388 2728 1480 2766 vere
1496 2726 1694 2777 dispensat
1709 2727 1824 2767 nobis
1838 2733 1921 2766 tum
1936 2725 2162 2818 commugiia

1976 2791 2085 2818 omm
2115 2790 2159 2818 us
