2334 3020
782 113 997 140 THESES
1038 109 1468 140 THEOLOGICAE.
2037 116 2106 153 301

374 257 460 294 DE
502 254 1025 294 AVCTORITATE
1067 254 1530 294 SCRIPTVRAE
1581 255 1877 294 SACRAE.

218 376 333 417 ETSI
362 376 414 416 tle
453 374 724 416 auctoritate
759 374 1028 428 Scrz'ptnrae
1056 387 1212 415 sacrae
1245 374 1364 415 inter
1391 373 1494 426 pios
1528 378 1750 423 conuenit,
1783 376 1828 416 ὅτ
1850 389 1906 415 ex
1937 383 2110 416 antece-

160 436 320 478 dentib.
362 436 531 477 nostris
572 435 768 476 thesibus
807 435 1121 488 quodammodo
1170 441 1373 475 constare
1426 440 1604 487 potest:
1654 435 1759 490 qaia
1802 441 1944 476 tamen
1978 437 2107 478 vari&

159 496 530 546 controuertz‘tzcr,
565 495 831 537 commodam
853 496 1070 549 ficturum
1102 502 1168 536 est
1198 495 1239 536 si
1267 495 1316 536 de
1347 509 1398 536 ea
1427 495 1624 537 breuiter
1651 496 1768 552 quod
1790 504 1900 550 opus
1925 497 2108 538 videtur

157 558 431 612 adferamus.

993 633 1211 671 ΤΗΕειε
1253 634 1284 670 Ι.

212 751 474 789 SCRIPTURAE
501 762 633 789 sacrae
662 751 874 790 auctoritas
902 750 1175 790 consideratur
1198 751 1354 789 duobus
1379 750 1532 789 modis:
1564 751 1733 801 primum
1756 749 1917 800 quidem
1940 750 1979 788 in
2001 763 2107 801 sese,

164 803 307 842 deinde
336 810 516 852 respectu
545 805 687 855 nostri,
716 805 844 844 nobis.

217 870 250 895 2.
306 856 532 895 Auctoritas
569 858 650 897 eius
678 858 716 896 in
747 871 832 897 sese
861 857 993 896 diuina
1021 864 1101 905 est,
1144 864 1183 895 vt
1211 857 1429 895 secundum
1458 857 1610 896 omneis
1639 869 1775 895 causas
1803 868 1900 907 quas
1928 863 2018 895 ante
2047 870 2109 895 ex-

159 909 363 960 posuimus
391 910 552 960 probari
580 918 735 961 potest:
779 917 1020 962 quapropter
1047 923 1121 948 nec
1150 911 1268 960 dare,
1309 909 1505 961 adimere,
1543 918 1610 948 aut
1640 917 1791 948 mutare
1821 923 1933 961 eam,
1970 923 2046 948 nec
2075 909 2110 949 ei

160 963 328 1010 addere,
359 964 408 1002 de
438 976 483 1002 ea
512 965 736 1011 detrahere,
767 972 833 1003 aut
863 971 1014 1002 mutare
1043 963 1092 1001 de
1122 976 1167 1001 ea
1196 970 1324 1014 potest
1351 965 1428 1002 vlla
1459 965 1628 1002 humana
1656 963 1882 1002 auctoritas.

213 1029 250 1065 3.
306 1018 505 1067 Respectu
536 1018 680 1063 nostri,
723 1018 763 1056 id
792 1024 872 1067 est,
913 1017 1028 1056 nobis
1055 1016 1188 1055 diuina
1217 1024 1276 1055 est
1305 1017 1527 1066 Scripturae
1556 1019 1597 1066 (f.
1632 1019 1746 1066 1762)
1775 1016 2005 1067 auctoritas,
2034 1016 2110 1067 pri-

163 1081 270 1107 mum
299 1069 390 1119 quia
418 1082 612 1109 summam
641 1071 912 1110 auctoritatem
941 1070 1047 1108 illam
1076 1071 1184 1108 Deus
1208 1070 1366 1120 publice
1389 1070 1591 1109 Ecclesiae
1612 1082 1703 1109 suae
1728 1077 1889 1109 testatus
1905 1077 1961 1108 est
1976 1083 2109 1109 coram

159 1135 363 1165 sermone.
406 1122 546 1174 signis,
585 1125 848 1175 operibusque
876 1123 1077 1173 maximis,
1115 1123 1377 1173 priuatimque
1405 1123 1586 1174 obsignat
1614 1129 1774 1161 aeterno
1803 1124 1939 1175 spiritu
1967 1136 2039 1162 suo
2068 1124 2106 1162 in

159 1176 402 1214 conscientia
432 1176 588 1227 piorum
617 1178 817 1228 omnium,
846 1176 1131 1227 supernaturali
1159 1178 1195 1214 &
1223 1177 1380 1215 caelesti
1409 1178 1508 1215 luce.

214 1242 250 1276 4.
308 1230 514 1280 Secundo,
556 1231 648 1281 quia
685 1231 940 1270 ministerium
979 1230 1157 1269 adhibuit
1194 1229 1457 1268 indubitatum
1486 1241 1691 1268 seruorum
1721 1240 1902 1277 suorum,
1945 1236 1988 1268 vt
2015 1229 2112 1268 diui-

164 1295 307 1321 norum
345 1296 587 1332 praeconum
619 1285 944 1334 notariorumque
981 1284 1239 1334 idoneorum,
1269 1283 1336 1333 qui
1366 1283 1660 1322 interuenerunt
1687 1282 1786 1321 inter
1817 1284 1946 1321 Deum
1976 1284 2011 1321 &
2039 1285 2112 1321 Ec-

167 1335 325 1374 clesiam
353 1336 472 1386 ipsius
500 1338 551 1376 ad
579 1346 809 1388 perpetuam
836 1337 891 1376 rei
920 1337 1135 1376 veritatem.

219 1399 254 1439 5.
310 1389 465 1440 Tertio,
495 1390 586 1440 quia
614 1391 799 1442 accessit,
828 1392 934 1429 velut
961 1393 985 1428 a
1013 1397 1123 1440 parte
1150 1390 1272 1428 altera
1299 1391 1578 1441 contrahente,
1608 1389 1878 1428 testimonium
1911 1389 2112 1428 Ecclesiae

163 1442 435 1493 agnoscentiS,
464 1445 500 1482 &
530 1445 776 1484 assentientis
805 1445 840 1483 &
869 1443 1144 1494 percipientis,
1173 1444 1208 1481 &
1237 1442 1428 1482 seruantis
1456 1443 1565 1482 illud.

216 1497 252 1533 6.
308 1496 380 1533 Illa
416 1499 510 1535 vero
548 1505 656 1536 tanta
693 1497 905 1536 auctoritas
933 1498 1054 1537 duob.
1085 1495 1214 1535 modis
1245 1503 1509 1547 oppugnatur,
1557 1497 1659 1535 Nam
1687 1497 1738 1535 ab
1767 1497 1851 1535 aliis
1879 1503 2045 1547 negatur
2077 1498 2113 1535 δι

160 1547 308 1587 tollitur
332 1550 469 1601 plane,
498 1552 548 1589 ab
578 1551 661 1590 aliis
690 1550 890 1590 minuitur.

215 1613 249 1650 7.
308 1601 388 1651 Qui
416 1611 583 1654 negant,
625 1612 691 1643 aut
721 1605 899 1643 vniuerse
928 1610 1074 1654 negant
1103 1603 1277 1642 diuinam
1307 1603 1580 1642 auctoritatem
1608 1605 1643 1642 &
1672 1602 1897 1642 testimonia
1925 1602 2032 1653 eius,
2074 1610 2114 1642 vt

161 1656 304 1694 Athe‘i:
334 1663 400 1694 aut
430 1669 477 1694 ex
506 1665 634 1708 parte,
664 1666 705 1697 vt
728 1658 792 1709 alij
818 1657 953 1708 multi,
988 1657 1070 1696 siue
1105 1656 1328 1705 inscientia,
1358 1656 1439 1695 siue
1466 1656 1607 1695 canina
1635 1657 1886 1707 improbitate
1912 1656 2033 1695 ducti.

213 1711 249 1747 8.
306 1708 385 1757 Qui
412 1710 590 1750 vniuerse
619 1719 785 1762 negant,
815 1711 838 1761 ij
869 1718 1190 1761 argumentantur
1218 1717 1284 1748 aut
1311 1712 1334 1748 a
1362 1710 1508 1749 caussis
1535 1710 1763 1760 effectisque
1793 1723 1950 1762 earum,
1978 1718 2045 1749 aut
2061 1711 2112 1748 ab

162 1761 433 1801 accidentibus
462 1764 717 1813 quibusdam,
748 1772 788 1804 vt
816 1765 956 1803 ordine
982 1764 1124 1802 dicturi
1152 1776 1298 1803 sumus.
1387 1797 1391 1800 .

215 1829 252 1865 9.
308 1816 477 1855 PRIMUM
519 1818 622 1856 enim
661 1820 792 1857 Deum
834 1831 991 1856 causam
1028 1817 1252 1868 Scripturae
1279 1829 1412 1856 sacrae
1442 1816 1679 1856 efficientem
1707 1824 1853 1868 negant
1884 1830 1990 1865 esse,
2033 1818 2110 1855 hoc

161 1868 311 1907 modo:
342 1871 450 1918 quod
478 1883 560 1909 non
590 1872 637 1910 sit
662 1874 783 1910 vllum
805 1872 881 1910 Dei
905 1872 1089 1909 verbum:
1120 1871 1227 1921 quod
1252 1870 1282 1909 si
1303 1871 1424 1909 vllum
1449 1877 1528 1919 est,
1558 1871 1756 1922 Scriptura
1771 1878 1903 1909 tamen
1918 1872 2015 1909 haec
2031 1883 2111 1908 non

159 1922 205 1960 sit
235 1920 308 1959 Dei
337 1924 524 1974 verbum,
553 1938 682 1975 neque
711 1925 982 1964 auctoritatem
1010 1924 1118 1962 illam
1145 1926 1181 1962 &
1205 1923 1473 1963 testimonium
1502 1927 1525 1962 a
1554 1926 1641 1963 Deo
1671 1924 1860 1963 obtineat.

218 1988 276 2012 10.
333 1977 430 2014 Esse
458 1978 620 2027 aliquod
647 1979 722 2018 Dei
750 1980 915 2018 verbum
940 1979 1212 2016 demonstrant
1241 1986 1379 2016 natura
1406 1977 1508 2028 Dei,
1536 1978 1602 2016 lux
1631 1977 1818 2016 naturalis
1847 1977 2113 2016 conscientiae

159 2036 338 2074 nostrae,
366 2031 401 2067 δι
429 2032 651 2071 communis
679 2032 856 2084 gentium
886 2033 1190 2082 seculorumque
1220 2031 1400 2070 omniurn
1429 2030 1686 2081 experientia.

218 2095 276 2120 11.
332 2083 481 2122 Natura
512 2097 580 2123 sua
609 2087 739 2125 Deum
769 2098 852 2124 esse
880 2084 1030 2124 infinite
1059 2086 1232 2135 bonum,
1270 2087 1305 2123 δι
1334 2084 1463 2123 modis
1493 2085 1700 2135 omnibus,
1729 2084 1816 2134 quis
1845 2080 2026 2122 dubitet?
2054 2090 2113 2122 est

159 2142 290 2173 autem
319 2148 449 2175 sermo
479 2150 540 2176 res
568 2140 699 2190 bona,
742 2140 778 2178 δι
806 2140 935 2178 bonus
962 2139 1104 2177 modus
1133 2137 1455 2177 communicandi
1482 2138 1598 2189 boni,
1641 2137 1708 2188 qui
1740 2145 1870 2177 careat
1899 2144 1965 2176 aut
1994 2136 2111 2176 absti-

162 2195 253 2226 neat
281 2188 418 2228 Deus?

218 2255 276 2279 12.
333 2243 440 2281 Luce
471 2246 635 2284 naturali
664 2245 890 2284 hominibus
918 2246 1192 2295 praelucente,
1223 2246 1262 2283 id
1291 2256 1428 2283 omnes
1453 2244 1630 2282 homines
1662 2246 1809 2283 habent
1833 2243 2110 2293 constitutum,

160 2307 243 2334 esse
273 2294 554 2336 diuinationem
592 2299 745 2349 aliaque
780 2298 1002 2338 diuinarum
1030 2297 1437 2337 communicationum
1466 2310 1631 2349 genera,
1662 2299 1698 2336 δε
1730 2301 1753 2336 a
1783 2299 1870 2337 Deo
1900 2310 2010 2338 esse:
2055 2304 2112 2335 est

161 2348 277 2399 igitur
305 2348 381 2386 Dei
408 2351 587 2391 verbum.

215 2414 272 2450 13.
329 2402 561 2443 Communis
593 2404 831 2455 experientia
867 2406 996 2443 Deum
1032 2405 1155 2443 verbo
1193 2416 1288 2442 cum
1323 2403 1549 2442 hominibus
1586 2411 1749 2443 testatur
1776 2416 1903 2454 agere.
1946 2406 2047 2442 Nam
2077 2406 2112 2442 &

156 2455 264 2505 ipsae
295 2462 432 2504 gentes
460 2459 483 2495 a
510 2459 598 2496 Deo
635 2458 784 2497 alienae
816 2460 975 2497 oracula
1006 2458 1154 2497 diaboli
1191 2471 1264 2508 pro
1302 2457 1443 2496 diuinis
1474 2456 1604 2507 potius
1639 2458 1881 2506 habuerunt,
1923 2460 2040 2507 quarn
2071 2464 2113 2495 vt

157 2509 232 2547 Dei
261 2509 424 2548 verbum
452 2523 618 2561 negare,
662 2517 789 2561 quue
818 2524 952 2551 carere
981 2511 1230 2550 dicerentur:
1275 2513 1309 2550 δι
1339 2511 1500 2550 infuisse
1528 2511 1680 2549 diuinas
1709 2510 2114 2561 communicationes,

159 2561 276 2601 etiam
308 2574 378 2611 per
406 2563 526 2614 impia
555 2572 672 2614 atque
701 2565 849 2603 nefaria
876 2565 1132 2603 instrumenta
1160 2565 1316 2613 allatas,
1347 2573 1605 2614 agnouerunt.

218 2628 279 2663 14.
335 2616 413 2653 Sed
443 2618 844 2657 communicationem
872 2618 978 2656 illam
1008 2618 1205 2669 diuinam,
1234 2629 1335 2667 quae
1351 2617 1594 2668 particularis
1610 2616 2062 2657 fuit&extraordinaria
2076 2617 2115 2656 in

160 2668 310 2719 populo
343 2669 417 2707 Dei
445 2671 676 2710 ostenditur.

222 2732 282 2771 15.
340 2722 581 2773 Scripturam
609 2725 712 2763 hanc
741 2737 824 2763 esse
853 2724 927 2763 Dei
954 2725 1120 2763 verbum
1148 2735 1360 2762 commune
1389 2726 1425 2763 δι
1454 2723 1697 2763 ordinarium
1725 2723 1765 2762 in
1793 2724 1942 2774 populo
1968 2731 2044 2774 est,
2074 2724 2110 2761 δε

164 2776 281 2815 rebus
311 2776 583 2816 essentialibus
609 2784 725 2828 atque
753 2777 875 2817 insitis
902 2777 1025 2829 illius,
1053 2779 1089 2817 δι
1116 2777 1325 2829 assumptis
1354 2777 1473 2816 Athei
1496 2777 1668 2817 conuicti
1697 2785 1798 2816 sunt.

1888 2831 1949 2870 16.
2004 2831 2111 2870 Nam
