<?xml version="1.0" encoding="UTF-8"?>
<!DOCTYPE html PUBLIC "-//W3C//DTD XHTML 1.0 Transitional//EN"
    "http://www.w3.org/TR/xhtml1/DTD/xhtml1-transitional.dtd">
<html xmlns="http://www.w3.org/1999/xhtml" xml:lang="en" lang="en">
 <head>
  <title>
</title>
<meta http-equiv="Content-Type" content="text/html;charset=utf-8" />
  <meta name='ocr-system' content='tesseract 3.04.00' />
  <meta name='ocr-capabilities' content='ocr_page ocr_carea ocr_par ocr_line ocrx_word'/>
</head>
<body>
  <div class='ocr_page' id='page_1' title='image "./opusculatheologi00juni/opusculatheologi00juni_0345.png"; bbox 0 0 2334 3020; ppageno 0'>
   <div class='ocr_carea' id='block_1_1' title="bbox 792 113 2093 150">
    <p class='ocr_par' dir='ltr' id='par_1_1' title="bbox 792 113 2093 150">
     <span class='ocr_line' id='line_1_1' title="bbox 792 113 2093 150; baseline -0.002 -8"><span class='ocrx_word' id='word_1_1' title='bbox 792 115 1004 143; x_wconf 50' lang='lat' dir='ltr'>ramses</span> <span class='ocrx_word' id='word_1_2' title='bbox 1046 113 1475 141; x_wconf 34' lang='lat' dir='ltr'>TnssoilocicAE.</span> <span class='ocrx_word' id='word_1_3' title='bbox 2020 114 2093 150; x_wconf 84' lang='lat'>313</span> 
     </span>
    </p>
   </div>
   <div class='ocr_carea' id='block_1_2' title="bbox 160 218 2116 2773">
    <p class='ocr_par' dir='ltr' id='par_1_2' title="bbox 162 218 2095 325">
     <span class='ocr_line' id='line_1_2' title="bbox 219 218 2092 270; baseline -0.003 -10"><span class='ocrx_word' id='word_1_4' title='bbox 219 237 278 262; x_wconf 90' lang='lat'>22.</span> <span class='ocrx_word' id='word_1_5' title='bbox 334 223 462 261; x_wconf 90' lang='lat' dir='ltr'>Huius</span> <span class='ocrx_word' id='word_1_6' title='bbox 490 222 658 261; x_wconf 83' lang='lat' dir='ltr'>maxima</span> <span class='ocrx_word' id='word_1_7' title='bbox 685 222 779 260; x_wconf 90' lang='lat' dir='ltr'>olim</span> <span class='ocrx_word' id='word_1_8' title='bbox 807 222 941 260; x_wconf 85' lang='lat' dir='ltr'>habita</span> <span class='ocrx_word' id='word_1_9' title='bbox 968 221 1038 259; x_wconf 87' lang='lat' dir='ltr'>fuit</span> <span class='ocrx_word' id='word_1_10' title='bbox 1067 221 1293 267; x_wconf 82' lang='lat' dir='ltr'>auctoritas,</span> <span class='ocrx_word' id='word_1_11' title='bbox 1324 228 1406 258; x_wconf 89' lang='lat' dir='ltr'>tum</span> <span class='ocrx_word' id='word_1_12' title='bbox 1436 226 1597 270; x_wconf 90' lang='lat' dir='ltr'>propter</span> <span class='ocrx_word' id='word_1_13' title='bbox 1627 219 1780 256; x_wconf 87' lang='lat' dir='ltr'><strong>celebre</strong></span> <span class='ocrx_word' id='word_1_14' title='bbox 1810 218 1905 255; x_wconf 93' lang='lat' dir='ltr'>illud</span> <span class='ocrx_word' id='word_1_15' title='bbox 1933 230 2092 256; x_wconf 85' lang='lat' dir='ltr'>consen-</span> 
     </span>
     <span class='ocr_line' id='line_1_3' title="bbox 162 271 2095 325; baseline -0.004 -10"><span class='ocrx_word' id='word_1_16' title='bbox 162 276 280 315; x_wconf 85' lang='lat' dir='ltr'>sionis</span> <span class='ocrx_word' id='word_1_17' title='bbox 310 277 539 314; x_wconf 83' lang='lat' dir='ltr'>miraculum</span> <span class='ocrx_word' id='word_1_18' title='bbox 569 276 667 313; x_wconf 90' lang='lat' dir='ltr'>inter</span> <span class='ocrx_word' id='word_1_19' title='bbox 693 282 752 313; x_wconf 93' lang='lat' dir='ltr'>tot</span> <span class='ocrx_word' id='word_1_20' title='bbox 779 275 925 325; x_wconf 65' lang='lat' dir='ltr'>capita,</span> <span class='ocrx_word' id='word_1_21' title='bbox 956 282 1036 312; x_wconf 85' lang='lat' dir='ltr'>turn</span> <span class='ocrx_word' id='word_1_22' title='bbox 1066 281 1227 324; x_wconf 88' lang='lat' dir='ltr'>propter</span> <span class='ocrx_word' id='word_1_23' title='bbox 1242 276 1527 323; x_wconf 86' lang='lat' dir='ltr'>Apostolorum</span> <span class='ocrx_word' id='word_1_24' title='bbox 1542 271 1958 321; x_wconf 78' lang='lat' dir='ltr'>Euangelistarumque</span> <span class='ocrx_word' id='word_1_25' title='bbox 1972 283 2095 309; x_wconf 88' lang='lat' dir='ltr'>vsum.</span> 
     </span>
    </p>

    <p class='ocr_par' dir='ltr' id='par_1_3' title="bbox 162 323 2098 485">
     <span class='ocr_line' id='line_1_4' title="bbox 217 323 2097 379; baseline -0.003 -13"><span class='ocrx_word' id='word_1_26' title='bbox 217 343 276 379; x_wconf 84' lang='lat'>23.</span> <span class='ocrx_word' id='word_1_27' title='bbox 332 330 394 368; x_wconf 92' lang='lat' dir='ltr'>De</span> <span class='ocrx_word' id='word_1_28' title='bbox 422 329 611 367; x_wconf 89' lang='lat' dir='ltr'>miraculo</span> <span class='ocrx_word' id='word_1_29' title='bbox 640 327 744 366; x_wconf 92' lang='lat' dir='ltr'>enim</span> <span class='ocrx_word' id='word_1_30' title='bbox 772 327 1069 378; x_wconf 70' lang='lat' dir='ltr'>consensionis,</span> <span class='ocrx_word' id='word_1_31' title='bbox 1096 333 1180 365; x_wconf 90' lang='lat' dir='ltr'>vtut</span> <span class='ocrx_word' id='word_1_32' title='bbox 1209 327 1313 365; x_wconf 84' lang='lat' dir='ltr'>varie</span> <span class='ocrx_word' id='word_1_33' title='bbox 1342 327 1484 365; x_wconf 86' lang='lat' dir='ltr'>modus</span> <span class='ocrx_word' id='word_1_34' title='bbox 1514 331 1690 363; x_wconf 83' lang='lat' dir='ltr'>narretur</span> <span class='ocrx_word' id='word_1_35' title='bbox 1711 323 1946 374; x_wconf 81' lang='lat' dir='ltr'>illius.,inter</span> <span class='ocrx_word' id='word_1_36' title='bbox 1961 337 2097 362; x_wconf 89' lang='lat' dir='ltr'>omnes</span> 
     </span>
     <span class='ocr_line' id='line_1_5' title="bbox 162 377 2098 430; baseline -0.003 -11"><span class='ocrx_word' id='word_1_37' title='bbox 162 389 292 420; x_wconf 91' lang='lat' dir='ltr'>tamen</span> <span class='ocrx_word' id='word_1_38' title='bbox 320 390 500 421; x_wconf 86' lang='lat' dir='ltr'>auctores</span> <span class='ocrx_word' id='word_1_39' title='bbox 530 380 736 430; x_wconf 70' lang='lat' dir='ltr'>conuenit7</span> <span class='ocrx_word' id='word_1_40' title='bbox 766 393 958 419; x_wconf 83' lang='lat' dir='ltr'>summam</span> <span class='ocrx_word' id='word_1_41' title='bbox 987 380 1146 419; x_wconf 85' lang='lat' dir='ltr'>illorum</span> <span class='ocrx_word' id='word_1_42' title='bbox 1168 391 1250 418; x_wconf 86' lang='lat' dir='ltr'>Lxx</span> <span class='ocrx_word' id='word_1_43' title='bbox 1273 381 1332 430; x_wconf 89' lang='lat' dir='ltr'>(vt</span> <span class='ocrx_word' id='word_1_44' title='bbox 1346 380 1557 418; x_wconf 83' lang='lat' dir='ltr'>rotundato</span> <span class='ocrx_word' id='word_1_45' title='bbox 1573 389 1737 416; x_wconf 89' lang='lat' dir='ltr'>numero</span> <span class='ocrx_word' id='word_1_46' title='bbox 1752 377 1939 427; x_wconf 89' lang='lat' dir='ltr'>appellari</span> <span class='ocrx_word' id='word_1_47' title='bbox 1955 379 2098 425; x_wconf 86' lang='lat' dir='ltr'>solent)</span> 
     </span>
     <span class='ocr_line' id='line_1_6' title="bbox 162 433 1467 485; baseline -0.002 -13"><span class='ocrx_word' id='word_1_48' title='bbox 162 435 464 474; x_wconf 83' lang='lat' dir='ltr'>consensionem</span> <span class='ocrx_word' id='word_1_49' title='bbox 492 434 744 485; x_wconf 88' lang='lat' dir='ltr'>intelligendo</span> <span class='ocrx_word' id='word_1_50' title='bbox 773 435 809 472; x_wconf 90' lang='lat'>&amp;</span> <span class='ocrx_word' id='word_1_51' title='bbox 838 434 1074 484; x_wconf 85' lang='lat' dir='ltr'>exponendo</span> <span class='ocrx_word' id='word_1_52' title='bbox 1103 446 1254 471; x_wconf 90' lang='lat' dir='ltr'>canone</span> <span class='ocrx_word' id='word_1_53' title='bbox 1283 433 1467 472; x_wconf 82' lang='lat' dir='ltr'>extitisse.</span> 
     </span>
    </p>

    <p class='ocr_par' dir='ltr' id='par_1_4' title="bbox 162 482 2098 591">
     <span class='ocr_line' id='line_1_7' title="bbox 218 482 2098 538; baseline -0.002 -14"><span class='ocrx_word' id='word_1_54' title='bbox 218 501 277 534; x_wconf 84' lang='lat'>24.</span> <span class='ocrx_word' id='word_1_55' title='bbox 335 488 517 538; x_wconf 90' lang='lat' dir='ltr'>Apostoli</span> <span class='ocrx_word' id='word_1_56' title='bbox 553 491 646 526; x_wconf 77' lang='lat' dir='ltr'>vero</span> <span class='ocrx_word' id='word_1_57' title='bbox 683 489 718 526; x_wconf 70' lang='grc' dir='ltr'>δι</span> <span class='ocrx_word' id='word_1_58' title='bbox 757 487 1029 537; x_wconf 87' lang='lat' dir='ltr'>Euangelistae</span> <span class='ocrx_word' id='word_1_59' title='bbox 1058 486 1238 525; x_wconf 89' lang='lat' dir='ltr'>homines</span> <span class='ocrx_word' id='word_1_60' title='bbox 1267 490 1528 535; x_wconf 63' lang='grc' dir='ltr'>θεόπνευςοι,</span> <span class='ocrx_word' id='word_1_61' title='bbox 1564 486 1637 522; x_wconf 90' lang='lat' dir='ltr'>hac</span> <span class='ocrx_word' id='word_1_62' title='bbox 1674 490 1880 534; x_wconf 87' lang='lat' dir='ltr'>propterea</span> <span class='ocrx_word' id='word_1_63' title='bbox 1908 482 1963 521; x_wconf 88' lang='lat' dir='ltr'>vsi</span> <span class='ocrx_word' id='word_1_64' title='bbox 1992 490 2098 531; x_wconf 63' lang='lat' dir='ltr'>sunt,</span> 
     </span>
     <span class='ocr_line' id='line_1_8' title="bbox 162 536 1990 591; baseline -0.003 -12"><span class='ocrx_word' id='word_1_65' title='bbox 162 541 268 590; x_wconf 77' lang='lat' dir='ltr'>quod</span> <span class='ocrx_word' id='word_1_66' title='bbox 298 542 333 579; x_wconf 84' lang='lat'>&amp;</span> <span class='ocrx_word' id='word_1_67' title='bbox 362 541 400 579; x_wconf 92' lang='lat' dir='ltr'>in</span> <span class='ocrx_word' id='word_1_68' title='bbox 428 542 603 579; x_wconf 87' lang='lat' dir='ltr'>Ecclesia</span> <span class='ocrx_word' id='word_1_69' title='bbox 632 541 706 579; x_wconf 85' lang='lat' dir='ltr'>iam</span> <span class='ocrx_word' id='word_1_70' title='bbox 737 547 1007 591; x_wconf 64' lang='lat' dir='ltr'>vsurparetur7</span> <span class='ocrx_word' id='word_1_71' title='bbox 1034 541 1069 578; x_wconf 70' lang='grc' dir='ltr'>δι</span> <span class='ocrx_word' id='word_1_72' title='bbox 1098 540 1204 589; x_wconf 91' lang='lat' dir='ltr'>apud</span> <span class='ocrx_word' id='word_1_73' title='bbox 1232 546 1365 590; x_wconf 87' lang='lat' dir='ltr'>gentes</span> <span class='ocrx_word' id='word_1_74' title='bbox 1394 537 1616 576; x_wconf 86' lang='lat' dir='ltr'>inualuisset</span> <span class='ocrx_word' id='word_1_75' title='bbox 1643 537 1742 575; x_wconf 91' lang='lat' dir='ltr'>illius</span> <span class='ocrx_word' id='word_1_76' title='bbox 1770 536 1990 575; x_wconf 82' lang='lat' dir='ltr'>auctoritas.</span> 
     </span>
    </p>

    <p class='ocr_par' dir='ltr' id='par_1_5' title="bbox 162 588 2099 738">
     <span class='ocr_line' id='line_1_9' title="bbox 217 588 2094 644; baseline -0.003 -13"><span class='ocrx_word' id='word_1_77' title='bbox 217 605 278 643; x_wconf 86' lang='lat'>25.</span> <span class='ocrx_word' id='word_1_78' title='bbox 334 595 424 632; x_wconf 92' lang='lat' dir='ltr'>Non</span> <span class='ocrx_word' id='word_1_79' title='bbox 462 601 590 632; x_wconf 90' lang='lat' dir='ltr'>tamen</span> <span class='ocrx_word' id='word_1_80' title='bbox 621 601 828 644; x_wconf 86' lang='lat' dir='ltr'>propterea</span> <span class='ocrx_word' id='word_1_81' title='bbox 855 593 1044 643; x_wconf 91' lang='lat' dir='ltr'>quicquid</span> <span class='ocrx_word' id='word_1_82' title='bbox 1072 600 1129 631; x_wconf 87' lang='lat' dir='ltr'>est</span> <span class='ocrx_word' id='word_1_83' title='bbox 1156 592 1255 630; x_wconf 91' lang='lat' dir='ltr'>illius</span> <span class='ocrx_word' id='word_1_84' title='bbox 1283 599 1349 630; x_wconf 90' lang='lat' dir='ltr'>aut</span> <span class='ocrx_word' id='word_1_85' title='bbox 1375 592 1642 641; x_wconf 87' lang='lat' dir='ltr'>probauerunt</span> <span class='ocrx_word' id='word_1_86' title='bbox 1671 589 1875 640; x_wconf 70' lang='lat' dir='ltr'>Apostoli,</span> <span class='ocrx_word' id='word_1_87' title='bbox 1904 596 1970 627; x_wconf 87' lang='lat' dir='ltr'>aut</span> <span class='ocrx_word' id='word_1_88' title='bbox 1999 588 2094 627; x_wconf 92' lang='lat' dir='ltr'>diui-</span> 
     </span>
     <span class='ocr_line' id='line_1_10' title="bbox 162 643 2099 696; baseline -0.003 -12"><span class='ocrx_word' id='word_1_89' title='bbox 162 659 253 684; x_wconf 86' lang='lat' dir='ltr'>nam</span> <span class='ocrx_word' id='word_1_90' title='bbox 289 646 561 685; x_wconf 88' lang='lat' dir='ltr'>auctoritatem</span> <span class='ocrx_word' id='word_1_91' title='bbox 597 647 632 685; x_wconf 92' lang='lat' dir='ltr'>ei</span> <span class='ocrx_word' id='word_1_92' title='bbox 659 647 896 686; x_wconf 91' lang='lat' dir='ltr'>tribuerunt:</span> <span class='ocrx_word' id='word_1_93' title='bbox 926 646 994 685; x_wconf 91' lang='lat' dir='ltr'>sed</span> <span class='ocrx_word' id='word_1_94' title='bbox 1023 653 1208 696; x_wconf 84' lang='lat' dir='ltr'>tanquam</span> <span class='ocrx_word' id='word_1_95' title='bbox 1236 647 1410 683; x_wconf 91' lang='lat' dir='ltr'>humano</span> <span class='ocrx_word' id='word_1_96' title='bbox 1438 644 1696 683; x_wconf 90' lang='lat' dir='ltr'>instrumento</span> <span class='ocrx_word' id='word_1_97' title='bbox 1726 644 1941 682; x_wconf 89' lang='lat' dir='ltr'>secundum</span> <span class='ocrx_word' id='word_1_98' title='bbox 1970 643 2099 680; x_wconf 88' lang='lat' dir='ltr'>Deum</span> 
     </span>
     <span class='ocr_line' id='line_1_11' title="bbox 163 699 620 738; baseline 0.002 -1"><span class='ocrx_word' id='word_1_99' title='bbox 163 699 202 737; x_wconf 91' lang='lat' dir='ltr'>in</span> <span class='ocrx_word' id='word_1_100' title='bbox 230 699 409 738; x_wconf 85' lang='lat' dir='ltr'>Ecclesia</span> <span class='ocrx_word' id='word_1_101' title='bbox 437 699 493 738; x_wconf 89' lang='lat' dir='ltr'>vsi</span> <span class='ocrx_word' id='word_1_102' title='bbox 521 707 620 738; x_wconf 88' lang='lat' dir='ltr'>sunt.</span> 
     </span>
    </p>

    <p class='ocr_par' dir='ltr' id='par_1_6' title="bbox 163 748 2097 856">
     <span class='ocr_line' id='line_1_12' title="bbox 218 748 2097 802; baseline -0.002 -13"><span class='ocrx_word' id='word_1_103' title='bbox 218 755 277 791; x_wconf 87' lang='lat'>26.</span> <span class='ocrx_word' id='word_1_104' title='bbox 333 754 387 790; x_wconf 91' lang='lat' dir='ltr'>Vt</span> <span class='ocrx_word' id='word_1_105' title='bbox 413 755 507 790; x_wconf 84' lang='lat' dir='ltr'>vero</span> <span class='ocrx_word' id='word_1_106' title='bbox 533 765 578 791; x_wconf 89' lang='lat' dir='ltr'>ea</span> <span class='ocrx_word' id='word_1_107' title='bbox 606 752 811 791; x_wconf 87' lang='lat' dir='ltr'>tralatione</span> <span class='ocrx_word' id='word_1_108' title='bbox 838 761 922 791; x_wconf 91' lang='lat' dir='ltr'>tum</span> <span class='ocrx_word' id='word_1_109' title='bbox 950 752 1023 802; x_wconf 90' lang='lat' dir='ltr'>ipsi</span> <span class='ocrx_word' id='word_1_110' title='bbox 1052 754 1155 790; x_wconf 84' lang='lat' dir='ltr'>recte</span> <span class='ocrx_word' id='word_1_111' title='bbox 1183 758 1400 801; x_wconf 76' lang='lat' dir='ltr'>vterentur,</span> <span class='ocrx_word' id='word_1_112' title='bbox 1429 757 1512 788; x_wconf 91' lang='lat' dir='ltr'>tum</span> <span class='ocrx_word' id='word_1_113' title='bbox 1540 750 1638 788; x_wconf 87' lang='lat' dir='ltr'>alios</span> <span class='ocrx_word' id='word_1_114' title='bbox 1671 748 1726 787; x_wconf 80' lang='lat' dir='ltr'>vti</span> <span class='ocrx_word' id='word_1_115' title='bbox 1754 751 1860 787; x_wconf 90' lang='lat' dir='ltr'>recte</span> <span class='ocrx_word' id='word_1_116' title='bbox 1889 749 2097 787; x_wconf 89' lang='lat' dir='ltr'>docerent:</span> 
     </span>
     <span class='ocr_line' id='line_1_13' title="bbox 163 803 1614 856; baseline -0.003 -10"><span class='ocrx_word' id='word_1_117' title='bbox 163 805 361 856; x_wconf 88' lang='lat' dir='ltr'>duplicem</span> <span class='ocrx_word' id='word_1_118' title='bbox 391 805 612 844; x_wconf 85' lang='lat' dir='ltr'>cautionem</span> <span class='ocrx_word' id='word_1_119' title='bbox 641 805 905 844; x_wconf 87' lang='lat' dir='ltr'>adhibuerunt</span> <span class='ocrx_word' id='word_1_120' title='bbox 932 804 970 843; x_wconf 92' lang='lat' dir='ltr'>in</span> <span class='ocrx_word' id='word_1_121' title='bbox 999 805 1109 843; x_wconf 89' lang='lat' dir='ltr'>omni</span> <span class='ocrx_word' id='word_1_122' title='bbox 1136 811 1314 854; x_wconf 89' lang='lat' dir='ltr'>tempore</span> <span class='ocrx_word' id='word_1_123' title='bbox 1343 803 1614 842; x_wconf 87' lang='lat' dir='ltr'>necessariam.</span> 
     </span>
    </p>

    <p class='ocr_par' dir='ltr' id='par_1_7' title="bbox 161 854 2102 951">
     <span class='ocr_line' id='line_1_14' title="bbox 214 854 2102 908; baseline -0.002 -13"><span class='ocrx_word' id='word_1_124' title='bbox 214 870 274 906; x_wconf 88' lang='lat'>27.</span> <span class='ocrx_word' id='word_1_125' title='bbox 330 859 419 896; x_wconf 89' lang='lat' dir='ltr'>Vna</span> <span class='ocrx_word' id='word_1_126' title='bbox 447 866 522 904; x_wconf 87' lang='lat' dir='ltr'>est,</span> <span class='ocrx_word' id='word_1_127' title='bbox 552 859 662 907; x_wconf 83' lang='lat' dir='ltr'>quod</span> <span class='ocrx_word' id='word_1_128' title='bbox 689 861 793 897; x_wconf 87' lang='lat' dir='ltr'>recte</span> <span class='ocrx_word' id='word_1_129' title='bbox 822 859 967 908; x_wconf 89' lang='lat' dir='ltr'>scripta</span> <span class='ocrx_word' id='word_1_130' title='bbox 995 859 1333 908; x_wconf 77' lang='lat' dir='ltr'>approbauerunt7</span> <span class='ocrx_word' id='word_1_131' title='bbox 1355 859 1390 895; x_wconf 69' lang='grc' dir='ltr'>δι</span> <span class='ocrx_word' id='word_1_132' title='bbox 1411 856 1659 894; x_wconf 89' lang='lat' dir='ltr'>sanciuerunt</span> <span class='ocrx_word' id='word_1_133' title='bbox 1683 854 1866 893; x_wconf 88' lang='lat' dir='ltr'>diuinitus</span> <span class='ocrx_word' id='word_1_134' title='bbox 1883 856 2102 905; x_wconf 88' lang='lat' dir='ltr'>approbata</span> 
     </span>
     <span class='ocr_line' id='line_1_15' title="bbox 161 911 524 951; baseline 0 -2"><span class='ocrx_word' id='word_1_135' title='bbox 161 911 199 949; x_wconf 91' lang='lat' dir='ltr'>in</span> <span class='ocrx_word' id='word_1_136' title='bbox 230 911 409 951; x_wconf 88' lang='lat' dir='ltr'>Ecclesia</span> <span class='ocrx_word' id='word_1_137' title='bbox 437 911 524 949; x_wconf 91' lang='lat' dir='ltr'>Dei.</span> 
     </span>
    </p>

    <p class='ocr_par' dir='ltr' id='par_1_8' title="bbox 160 960 2103 1162">
     <span class='ocr_line' id='line_1_16' title="bbox 217 960 2103 1014; baseline -0.003 -11"><span class='ocrx_word' id='word_1_138' title='bbox 217 967 277 1003; x_wconf 86' lang='lat'>28.</span> <span class='ocrx_word' id='word_1_139' title='bbox 330 966 487 1014; x_wconf 75' lang='lat' dir='ltr'>Altera7</span> <span class='ocrx_word' id='word_1_140' title='bbox 525 965 633 1014; x_wconf 83' lang='lat' dir='ltr'>quod</span> <span class='ocrx_word' id='word_1_141' title='bbox 669 975 780 1002; x_wconf 89' lang='lat' dir='ltr'>secus</span> <span class='ocrx_word' id='word_1_142' title='bbox 809 964 969 1014; x_wconf 66' lang='lat' dir='ltr'>scripta,</span> <span class='ocrx_word' id='word_1_143' title='bbox 1007 976 1107 1014; x_wconf 91' lang='lat' dir='ltr'>quae</span> <span class='ocrx_word' id='word_1_144' title='bbox 1135 963 1231 1001; x_wconf 90' lang='lat' dir='ltr'>citra</span> <span class='ocrx_word' id='word_1_145' title='bbox 1259 962 1351 1001; x_wconf 86' lang='lat' dir='ltr'>fidei</span> <span class='ocrx_word' id='word_1_146' title='bbox 1377 962 1593 1012; x_wconf 89' lang='lat' dir='ltr'>periculum</span> <span class='ocrx_word' id='word_1_147' title='bbox 1623 960 1779 1000; x_wconf 91' lang='lat' dir='ltr'>tolerari</span> <span class='ocrx_word' id='word_1_148' title='bbox 1807 961 1842 998; x_wconf 73' lang='grc' dir='ltr'>δι</span> <span class='ocrx_word' id='word_1_149' title='bbox 1870 960 2103 999; x_wconf 89' lang='lat' dir='ltr'>dissimulari</span> 
     </span>
     <span class='ocr_line' id='line_1_17' title="bbox 160 1013 2098 1068; baseline -0.002 -13"><span class='ocrx_word' id='word_1_150' title='bbox 160 1024 394 1068; x_wconf 82' lang='lat' dir='ltr'>potuerunt,</span> <span class='ocrx_word' id='word_1_151' title='bbox 421 1031 468 1056; x_wconf 87' lang='lat' dir='ltr'>ea</span> <span class='ocrx_word' id='word_1_152' title='bbox 495 1020 778 1056; x_wconf 86' lang='lat' dir='ltr'>tolerauerunt:</span> <span class='ocrx_word' id='word_1_153' title='bbox 809 1020 844 1056; x_wconf 84' lang='lat'>&amp;</span> <span class='ocrx_word' id='word_1_154' title='bbox 871 1030 941 1067; x_wconf 91' lang='lat' dir='ltr'>per</span> <span class='ocrx_word' id='word_1_155' title='bbox 969 1018 1169 1066; x_wconf 88' lang='lat' dir='ltr'>quandam</span> <span class='ocrx_word' id='word_1_156' title='bbox 1197 1015 1394 1054; x_wconf 87' lang='lat' dir='ltr'>charitatis</span> <span class='ocrx_word' id='word_1_157' title='bbox 1417 1015 1661 1066; x_wconf 78' lang='grc' dir='ltr'><em>συγχώρησιν</em></span> <span class='ocrx_word' id='word_1_158' title='bbox 1685 1014 1947 1053; x_wconf 89' lang='lat' dir='ltr'>adhibuerunt</span> <span class='ocrx_word' id='word_1_159' title='bbox 1963 1013 2098 1063; x_wconf 89' lang='lat' dir='ltr'>primis</span> 
     </span>
     <span class='ocr_line' id='line_1_18' title="bbox 162 1067 2100 1121; baseline -0.003 -12"><span class='ocrx_word' id='word_1_160' title='bbox 162 1070 235 1109; x_wconf 90' lang='lat' dir='ltr'>illis</span> <span class='ocrx_word' id='word_1_161' title='bbox 263 1070 461 1109; x_wconf 88' lang='lat' dir='ltr'>Ecclesiae</span> <span class='ocrx_word' id='word_1_162' title='bbox 490 1070 683 1109; x_wconf 89' lang='lat' dir='ltr'>nascentis</span> <span class='ocrx_word' id='word_1_163' title='bbox 712 1071 972 1121; x_wconf 79' lang='lat' dir='ltr'>temporibus,</span> <span class='ocrx_word' id='word_1_164' title='bbox 1001 1083 1050 1108; x_wconf 91' lang='lat' dir='ltr'>ne</span> <span class='ocrx_word' id='word_1_165' title='bbox 1066 1069 1364 1120; x_wconf 88' lang='lat' dir='ltr'>cuiScripturae</span> <span class='ocrx_word' id='word_1_166' title='bbox 1379 1068 1651 1107; x_wconf 86' lang='lat' dir='ltr'>auctoritatem</span> <span class='ocrx_word' id='word_1_167' title='bbox 1667 1067 1842 1105; x_wconf 91' lang='lat' dir='ltr'>minuere</span> <span class='ocrx_word' id='word_1_168' title='bbox 1857 1067 2100 1116; x_wconf 69' lang='lat' dir='ltr'>viderentur,</span> 
     </span>
     <span class='ocr_line' id='line_1_19' title="bbox 163 1125 946 1162; baseline -0.001 0"><span class='ocrx_word' id='word_1_169' title='bbox 163 1131 228 1162; x_wconf 90' lang='lat' dir='ltr'>aut</span> <span class='ocrx_word' id='word_1_170' title='bbox 255 1125 500 1162; x_wconf 88' lang='lat' dir='ltr'>infirmorum</span> <span class='ocrx_word' id='word_1_171' title='bbox 529 1125 647 1162; x_wconf 89' lang='lat' dir='ltr'>fidem</span> <span class='ocrx_word' id='word_1_172' title='bbox 677 1130 946 1162; x_wconf 89' lang='lat' dir='ltr'>concuterent.</span> 
     </span>
    </p>

    <p class='ocr_par' dir='ltr' id='par_1_9' title="bbox 164 1173 2101 1281">
     <span class='ocr_line' id='line_1_20' title="bbox 217 1173 2101 1228; baseline -0.002 -14"><span class='ocrx_word' id='word_1_173' title='bbox 217 1191 278 1227; x_wconf 89' lang='lat'>29.</span> <span class='ocrx_word' id='word_1_174' title='bbox 332 1177 645 1228; x_wconf 89' lang='lat' dir='ltr'>Imperfectionis</span> <span class='ocrx_word' id='word_1_175' title='bbox 674 1177 774 1215; x_wconf 87' lang='lat' dir='ltr'>illius</span> <span class='ocrx_word' id='word_1_176' title='bbox 801 1177 840 1215; x_wconf 90' lang='lat' dir='ltr'>in</span> <span class='ocrx_word' id='word_1_177' title='bbox 870 1177 1042 1215; x_wconf 88' lang='lat' dir='ltr'>editione</span> <span class='ocrx_word' id='word_1_178' title='bbox 1071 1188 1167 1214; x_wconf 87' lang='lat' dir='ltr'>LXX.</span> <span class='ocrx_word' id='word_1_179' title='bbox 1196 1187 1334 1214; x_wconf 85' lang='lat' dir='ltr'>causas</span> <span class='ocrx_word' id='word_1_180' title='bbox 1362 1174 1478 1212; x_wconf 88' lang='lat' dir='ltr'>fuisse</span> <span class='ocrx_word' id='word_1_181' title='bbox 1505 1173 1785 1223; x_wconf 64' lang='lat' dir='ltr'>ignorantiam,</span> <span class='ocrx_word' id='word_1_182' title='bbox 1814 1173 2101 1224; x_wconf 78' lang='lat' dir='ltr'>infirmitatem,</span> 
     </span>
     <span class='ocr_line' id='line_1_21' title="bbox 164 1227 1507 1281; baseline -0.002 -13"><span class='ocrx_word' id='word_1_183' title='bbox 164 1230 393 1281; x_wconf 70' lang='lat' dir='ltr'>consilium7</span> <span class='ocrx_word' id='word_1_184' title='bbox 423 1243 471 1269; x_wconf 83' lang='lat' dir='ltr'>ex</span> <span class='ocrx_word' id='word_1_185' title='bbox 499 1231 813 1270; x_wconf 85' lang='lat' dir='ltr'>orthodoxorum</span> <span class='ocrx_word' id='word_1_186' title='bbox 842 1232 1000 1269; x_wconf 88' lang='lat' dir='ltr'>Patrum</span> <span class='ocrx_word' id='word_1_187' title='bbox 1029 1229 1259 1268; x_wconf 85' lang='lat' dir='ltr'>testimoniis</span> <span class='ocrx_word' id='word_1_188' title='bbox 1287 1227 1507 1266; x_wconf 89' lang='lat' dir='ltr'>asserimus.</span> 
     </span>
    </p>

    <p class='ocr_par' dir='ltr' id='par_1_10' title="bbox 162 1280 2102 1387">
     <span class='ocr_line' id='line_1_22' title="bbox 214 1280 2102 1335; baseline -0.003 -12"><span class='ocrx_word' id='word_1_189' title='bbox 214 1297 278 1333; x_wconf 85' lang='lat'>30.</span> <span class='ocrx_word' id='word_1_190' title='bbox 332 1284 621 1335; x_wconf 86' lang='lat' dir='ltr'>Ignorantiam,</span> <span class='ocrx_word' id='word_1_191' title='bbox 667 1284 758 1334; x_wconf 89' lang='lat' dir='ltr'>quia</span> <span class='ocrx_word' id='word_1_192' title='bbox 798 1296 926 1333; x_wconf 89' lang='lat' dir='ltr'>neque</span> <span class='ocrx_word' id='word_1_193' title='bbox 967 1297 1028 1321; x_wconf 89' lang='lat' dir='ltr'>res</span> <span class='ocrx_word' id='word_1_194' title='bbox 1069 1282 1220 1321; x_wconf 90' lang='lat' dir='ltr'>diuinas</span> <span class='ocrx_word' id='word_1_195' title='bbox 1247 1294 1386 1331; x_wconf 87' lang='lat' dir='ltr'>capere</span> <span class='ocrx_word' id='word_1_196' title='bbox 1414 1281 1586 1330; x_wconf 79' lang='lat' dir='ltr'>perfecte</span> <span class='ocrx_word' id='word_1_197' title='bbox 1614 1293 1723 1318; x_wconf 89' lang='lat' dir='ltr'>mens</span> <span class='ocrx_word' id='word_1_198' title='bbox 1752 1280 1925 1318; x_wconf 89' lang='lat' dir='ltr'>humana</span> <span class='ocrx_word' id='word_1_199' title='bbox 1953 1286 2102 1329; x_wconf 89' lang='lat' dir='ltr'>potest,</span> 
     </span>
     <span class='ocr_line' id='line_1_23' title="bbox 162 1333 1514 1387; baseline -0.002 -12"><span class='ocrx_word' id='word_1_200' title='bbox 162 1337 340 1386; x_wconf 86' lang='lat' dir='ltr'>quamuis</span> <span class='ocrx_word' id='word_1_201' title='bbox 371 1338 543 1387; x_wconf 81' lang='lat' dir='ltr'>perfecte</span> <span class='ocrx_word' id='word_1_202' title='bbox 570 1338 744 1384; x_wconf 85' lang='lat' dir='ltr'>oblatas,</span> <span class='ocrx_word' id='word_1_203' title='bbox 773 1349 900 1386; x_wconf 90' lang='lat' dir='ltr'>neque</span> <span class='ocrx_word' id='word_1_204' title='bbox 925 1338 1069 1375; x_wconf 84' lang='lat' dir='ltr'>futuras</span> <span class='ocrx_word' id='word_1_205' title='bbox 1098 1335 1323 1385; x_wconf 87' lang='lat' dir='ltr'>simpliciter</span> <span class='ocrx_word' id='word_1_206' title='bbox 1350 1333 1514 1382; x_wconf 87' lang='lat' dir='ltr'>assequi.</span> 
     </span>
    </p>

    <p class='ocr_par' dir='ltr' id='par_1_11' title="bbox 161 1387 2106 1493">
     <span class='ocr_line' id='line_1_24' title="bbox 214 1387 2106 1441; baseline -0.003 -13"><span class='ocrx_word' id='word_1_207' title='bbox 214 1403 278 1440; x_wconf 85' lang='lat'>31.</span> <span class='ocrx_word' id='word_1_208' title='bbox 331 1390 621 1441; x_wconf 73' lang='lat' dir='ltr'>Infirmitatem,</span> <span class='ocrx_word' id='word_1_209' title='bbox 657 1390 747 1440; x_wconf 91' lang='lat' dir='ltr'>quia</span> <span class='ocrx_word' id='word_1_210' title='bbox 783 1403 843 1429; x_wconf 92' lang='lat' dir='ltr'>res</span> <span class='ocrx_word' id='word_1_211' title='bbox 877 1390 960 1441; x_wconf 89' lang='lat' dir='ltr'>ipsa</span> <span class='ocrx_word' id='word_1_212' title='bbox 996 1403 1068 1440; x_wconf 91' lang='lat' dir='ltr'>pro</span> <span class='ocrx_word' id='word_1_213' title='bbox 1104 1389 1289 1428; x_wconf 87' lang='lat' dir='ltr'>tenuitate</span> <span class='ocrx_word' id='word_1_214' title='bbox 1316 1388 1491 1438; x_wconf 89' lang='lat' dir='ltr'>ipsorum</span> <span class='ocrx_word' id='word_1_215' title='bbox 1521 1387 1758 1437; x_wconf 73' lang='lat' dir='ltr'>intellectas,</span> <span class='ocrx_word' id='word_1_216' title='bbox 1785 1399 1866 1424; x_wconf 90' lang='lat' dir='ltr'>non</span> <span class='ocrx_word' id='word_1_217' title='bbox 1894 1391 2106 1436; x_wconf 90' lang='lat' dir='ltr'>potuerunt</span> 
     </span>
     <span class='ocr_line' id='line_1_25' title="bbox 161 1441 1431 1493; baseline -0.003 -11"><span class='ocrx_word' id='word_1_218' title='bbox 161 1443 228 1493; x_wconf 92' lang='lat' dir='ltr'>qui</span> <span class='ocrx_word' id='word_1_219' title='bbox 256 1443 294 1481; x_wconf 92' lang='lat' dir='ltr'>in</span> <span class='ocrx_word' id='word_1_220' title='bbox 323 1444 463 1482; x_wconf 88' lang='lat' dir='ltr'>eadem</span> <span class='ocrx_word' id='word_1_221' title='bbox 490 1444 676 1482; x_wconf 84' lang='lat' dir='ltr'>tenuitate</span> <span class='ocrx_word' id='word_1_222' title='bbox 705 1444 946 1493; x_wconf 84' lang='lat' dir='ltr'>moduloque</span> <span class='ocrx_word' id='word_1_223' title='bbox 974 1443 1130 1481; x_wconf 87' lang='lat' dir='ltr'>infirmo</span> <span class='ocrx_word' id='word_1_224' title='bbox 1159 1441 1431 1491; x_wconf 85' lang='lat' dir='ltr'>exprimerent.</span> 
     </span>
    </p>

    <p class='ocr_par' dir='ltr' id='par_1_12' title="bbox 162 1491 2102 1600">
     <span class='ocr_line' id='line_1_26' title="bbox 214 1491 2102 1548; baseline -0.003 -13"><span class='ocrx_word' id='word_1_225' title='bbox 214 1510 278 1545; x_wconf 90' lang='lat'>32.</span> <span class='ocrx_word' id='word_1_226' title='bbox 333 1496 570 1548; x_wconf 65' lang='lat' dir='ltr'>Consilium,</span> <span class='ocrx_word' id='word_1_227' title='bbox 612 1496 703 1547; x_wconf 91' lang='lat' dir='ltr'>quia</span> <span class='ocrx_word' id='word_1_228' title='bbox 739 1496 854 1536; x_wconf 88' lang='lat' dir='ltr'>etiam</span> <span class='ocrx_word' id='word_1_229' title='bbox 891 1497 941 1535; x_wconf 91' lang='lat' dir='ltr'>de</span> <span class='ocrx_word' id='word_1_230' title='bbox 974 1496 1017 1534; x_wconf 90' lang='lat' dir='ltr'>iis</span> <span class='ocrx_word' id='word_1_231' title='bbox 1051 1496 1143 1546; x_wconf 88' lang='lat' dir='ltr'>ipsis</span> <span class='ocrx_word' id='word_1_232' title='bbox 1170 1508 1270 1545; x_wconf 90' lang='lat' dir='ltr'>quae</span> <span class='ocrx_word' id='word_1_233' title='bbox 1303 1494 1501 1533; x_wconf 82' lang='lat' dir='ltr'>sciuerunt</span> <span class='ocrx_word' id='word_1_234' title='bbox 1528 1493 1773 1532; x_wconf 88' lang='lat' dir='ltr'>dissimulare</span> <span class='ocrx_word' id='word_1_235' title='bbox 1802 1491 1950 1542; x_wconf 90' lang='lat' dir='ltr'>aliquid</span> <span class='ocrx_word' id='word_1_236' title='bbox 1978 1491 2102 1529; x_wconf 89' lang='lat' dir='ltr'>visum</span> 
     </span>
     <span class='ocr_line' id='line_1_27' title="bbox 162 1550 1276 1600; baseline -0.003 -12"><span class='ocrx_word' id='word_1_237' title='bbox 162 1558 219 1588; x_wconf 89' lang='lat' dir='ltr'>est</span> <span class='ocrx_word' id='word_1_238' title='bbox 246 1558 405 1600; x_wconf 91' lang='lat' dir='ltr'>propter</span> <span class='ocrx_word' id='word_1_239' title='bbox 432 1563 500 1589; x_wconf 89' lang='lat' dir='ltr'>eos</span> <span class='ocrx_word' id='word_1_240' title='bbox 527 1550 567 1588; x_wconf 90' lang='lat' dir='ltr'>in</span> <span class='ocrx_word' id='word_1_241' title='bbox 595 1562 763 1600; x_wconf 90' lang='lat' dir='ltr'>quorum</span> <span class='ocrx_word' id='word_1_242' title='bbox 791 1551 953 1600; x_wconf 85' lang='lat' dir='ltr'>gratiam</span> <span class='ocrx_word' id='word_1_243' title='bbox 982 1550 1276 1588; x_wconf 87' lang='lat' dir='ltr'>transferebant.</span> 
     </span>
    </p>

    <p class='ocr_par' dir='ltr' id='par_1_13' title="bbox 161 1597 2106 1856">
     <span class='ocr_line' id='line_1_28' title="bbox 213 1597 2103 1652; baseline -0.004 -10"><span class='ocrx_word' id='word_1_244' title='bbox 213 1616 276 1652; x_wconf 88' lang='lat'>33.</span> <span class='ocrx_word' id='word_1_245' title='bbox 330 1603 681 1642; x_wconf 86' lang='lat' dir='ltr'>Dissimulauerunt</span> <span class='ocrx_word' id='word_1_246' title='bbox 709 1611 838 1642; x_wconf 86' lang='lat' dir='ltr'>autem</span> <span class='ocrx_word' id='word_1_247' title='bbox 865 1603 939 1641; x_wconf 87' lang='lat' dir='ltr'>alia</span> <span class='ocrx_word' id='word_1_248' title='bbox 967 1603 1173 1652; x_wconf 70' lang='lat' dir='ltr'>addendo,</span> <span class='ocrx_word' id='word_1_249' title='bbox 1204 1608 1244 1640; x_wconf 93' lang='lat' dir='ltr'>vt</span> <span class='ocrx_word' id='word_1_250' title='bbox 1271 1613 1392 1651; x_wconf 88' lang='lat' dir='ltr'>quum</span> <span class='ocrx_word' id='word_1_251' title='bbox 1423 1601 1474 1638; x_wconf 91' lang='lat' dir='ltr'>ad</span> <span class='ocrx_word' id='word_1_252' title='bbox 1497 1600 1737 1638; x_wconf 87' lang='lat' dir='ltr'>maiestatem</span> <span class='ocrx_word' id='word_1_253' title='bbox 1761 1598 1858 1649; x_wconf 71' lang='lat' dir='ltr'>Dei,</span> <span class='ocrx_word' id='word_1_254' title='bbox 1887 1605 1953 1636; x_wconf 91' lang='lat' dir='ltr'>aut</span> <span class='ocrx_word' id='word_1_255' title='bbox 1978 1597 2103 1648; x_wconf 88' lang='lat' dir='ltr'>gentis</span> 
     </span>
     <span class='ocr_line' id='line_1_29' title="bbox 161 1651 2105 1706; baseline -0.003 -12"><span class='ocrx_word' id='word_1_256' title='bbox 161 1669 253 1695; x_wconf 88' lang='lat' dir='ltr'>suae</span> <span class='ocrx_word' id='word_1_257' title='bbox 293 1659 329 1695; x_wconf 65' lang='grc' dir='ltr'>δε</span> <span class='ocrx_word' id='word_1_258' title='bbox 368 1657 569 1696; x_wconf 90' lang='lat' dir='ltr'>Ecclesiae</span> <span class='ocrx_word' id='word_1_259' title='bbox 604 1656 806 1695; x_wconf 82' lang='lat' dir='ltr'>historiam</span> <span class='ocrx_word' id='word_1_260' title='bbox 842 1656 1016 1695; x_wconf 89' lang='lat' dir='ltr'>arbitrati</span> <span class='ocrx_word' id='word_1_261' title='bbox 1043 1664 1132 1694; x_wconf 87' lang='lat' dir='ltr'>sunt</span> <span class='ocrx_word' id='word_1_262' title='bbox 1159 1655 1374 1706; x_wconf 85' lang='lat' dir='ltr'>pertinere:</span> <span class='ocrx_word' id='word_1_263' title='bbox 1403 1653 1477 1692; x_wconf 89' lang='lat' dir='ltr'>alia</span> <span class='ocrx_word' id='word_1_264' title='bbox 1505 1653 1715 1702; x_wconf 72' lang='lat' dir='ltr'>mutando,</span> <span class='ocrx_word' id='word_1_265' title='bbox 1745 1660 1787 1690; x_wconf 93' lang='lat' dir='ltr'>vt</span> <span class='ocrx_word' id='word_1_266' title='bbox 1815 1663 1937 1701; x_wconf 91' lang='lat' dir='ltr'>quum</span> <span class='ocrx_word' id='word_1_267' title='bbox 1966 1664 2026 1689; x_wconf 90' lang='lat' dir='ltr'>res</span> <span class='ocrx_word' id='word_1_268' title='bbox 2055 1651 2105 1689; x_wconf 88' lang='lat' dir='ltr'>ad</span> 
     </span>
     <span class='ocr_line' id='line_1_30' title="bbox 162 1705 2105 1761; baseline -0.004 -13"><span class='ocrx_word' id='word_1_269' title='bbox 162 1709 451 1749; x_wconf 88' lang='lat' dir='ltr'>distinctionem</span> <span class='ocrx_word' id='word_1_270' title='bbox 479 1722 732 1760; x_wconf 89' lang='lat' dir='ltr'>personarum</span> <span class='ocrx_word' id='word_1_271' title='bbox 763 1710 902 1761; x_wconf 87' lang='lat' dir='ltr'>plurali</span> <span class='ocrx_word' id='word_1_272' title='bbox 930 1722 1094 1748; x_wconf 89' lang='lat' dir='ltr'>numero</span> <span class='ocrx_word' id='word_1_273' title='bbox 1124 1709 1246 1747; x_wconf 89' lang='lat' dir='ltr'>dictas</span> <span class='ocrx_word' id='word_1_274' title='bbox 1275 1707 1458 1758; x_wconf 87' lang='lat' dir='ltr'>singulari</span> <span class='ocrx_word' id='word_1_275' title='bbox 1487 1707 1750 1756; x_wconf 67' lang='lat' dir='ltr'>dixerunt,ne</span> <span class='ocrx_word' id='word_1_276' title='bbox 1765 1705 1804 1743; x_wconf 94' lang='lat' dir='ltr'>in</span> <span class='ocrx_word' id='word_1_277' title='bbox 1822 1705 2105 1753; x_wconf 70' lang='grc' dir='ltr'><em>πολυθεότητος</em></span> 
     </span>
     <span class='ocr_line' id='line_1_31' title="bbox 162 1756 2106 1813; baseline -0.004 -12"><span class='ocrx_word' id='word_1_278' title='bbox 162 1762 424 1813; x_wconf 89' lang='lat' dir='ltr'>suspicionem</span> <span class='ocrx_word' id='word_1_279' title='bbox 468 1771 718 1802; x_wconf 88' lang='lat' dir='ltr'>vocarentur:</span> <span class='ocrx_word' id='word_1_280' title='bbox 760 1763 834 1801; x_wconf 88' lang='lat' dir='ltr'>alia</span> <span class='ocrx_word' id='word_1_281' title='bbox 869 1763 1039 1813; x_wconf 84' lang='lat' dir='ltr'>denique</span> <span class='ocrx_word' id='word_1_282' title='bbox 1074 1761 1316 1811; x_wconf 79' lang='lat' dir='ltr'>omittendo,</span> <span class='ocrx_word' id='word_1_283' title='bbox 1357 1768 1398 1799; x_wconf 90' lang='lat' dir='ltr'>vt</span> <span class='ocrx_word' id='word_1_284' title='bbox 1426 1759 1657 1799; x_wconf 84' lang='lat' dir='ltr'>orthodoxis</span> <span class='ocrx_word' id='word_1_285' title='bbox 1693 1758 1870 1797; x_wconf 89' lang='lat' dir='ltr'>Patribus</span> <span class='ocrx_word' id='word_1_286' title='bbox 1906 1758 1982 1796; x_wconf 85' lang='lat' dir='ltr'>iam</span> <span class='ocrx_word' id='word_1_287' title='bbox 2012 1756 2106 1794; x_wconf 89' lang='lat' dir='ltr'>olim</span> 
     </span>
     <span class='ocr_line' id='line_1_32' title="bbox 167 1824 386 1856; baseline 0 -1"><span class='ocrx_word' id='word_1_288' title='bbox 167 1829 290 1856; x_wconf 84' lang='lat' dir='ltr'>vlsum</span> <span class='ocrx_word' id='word_1_289' title='bbox 319 1824 386 1855; x_wconf 82' lang='lat' dir='ltr'>est.</span> 
     </span>
    </p>

    <p class='ocr_par' dir='ltr' id='par_1_14' title="bbox 161 1865 2108 1973">
     <span class='ocr_line' id='line_1_33' title="bbox 214 1865 2108 1920; baseline -0.005 -11"><span class='ocrx_word' id='word_1_290' title='bbox 214 1882 278 1918; x_wconf 87' lang='lat'>34.</span> <span class='ocrx_word' id='word_1_291' title='bbox 334 1871 466 1919; x_wconf 88' lang='lat' dir='ltr'>Atque</span> <span class='ocrx_word' id='word_1_292' title='bbox 501 1871 551 1908; x_wconf 90' lang='lat' dir='ltr'>ab</span> <span class='ocrx_word' id='word_1_293' title='bbox 589 1869 649 1908; x_wconf 87' lang='lat' dir='ltr'>his</span> <span class='ocrx_word' id='word_1_294' title='bbox 687 1869 866 1920; x_wconf 71' lang='lat' dir='ltr'>quidem,</span> <span class='ocrx_word' id='word_1_295' title='bbox 894 1869 956 1919; x_wconf 90' lang='lat' dir='ltr'>alij</span> <span class='ocrx_word' id='word_1_296' title='bbox 987 1882 1124 1908; x_wconf 91' lang='lat' dir='ltr'>omnes</span> <span class='ocrx_word' id='word_1_297' title='bbox 1153 1868 1294 1907; x_wconf 91' lang='lat' dir='ltr'>veteris</span> <span class='ocrx_word' id='word_1_298' title='bbox 1322 1866 1565 1906; x_wconf 87' lang='lat' dir='ltr'>Testamenti</span> <span class='ocrx_word' id='word_1_299' title='bbox 1591 1865 1713 1904; x_wconf 89' lang='lat' dir='ltr'>libros</span> <span class='ocrx_word' id='word_1_300' title='bbox 1742 1866 1898 1904; x_wconf 91' lang='lat' dir='ltr'>Graeco</span> <span class='ocrx_word' id='word_1_301' title='bbox 1927 1874 2108 1902; x_wconf 91' lang='lat' dir='ltr'>sermone</span> 
     </span>
     <span class='ocr_line' id='line_1_34' title="bbox 161 1923 1112 1973; baseline 0 -13"><span class='ocrx_word' id='word_1_302' title='bbox 161 1923 335 1961; x_wconf 89' lang='lat' dir='ltr'>redditos</span> <span class='ocrx_word' id='word_1_303' title='bbox 363 1924 480 1962; x_wconf 89' lang='lat' dir='ltr'>fuisse</span> <span class='ocrx_word' id='word_1_304' title='bbox 505 1930 665 1973; x_wconf 87' lang='lat' dir='ltr'>putant:</span> <span class='ocrx_word' id='word_1_305' title='bbox 695 1923 763 1971; x_wconf 84' lang='lat' dir='ltr'>alij·</span> <span class='ocrx_word' id='word_1_306' title='bbox 788 1925 943 1961; x_wconf 89' lang='lat' dir='ltr'>Mosem</span> <span class='ocrx_word' id='word_1_307' title='bbox 972 1925 1112 1961; x_wconf 90' lang='lat' dir='ltr'>solum.</span> 
     </span>
    </p>

    <p class='ocr_par' dir='ltr' id='par_1_15' title="bbox 163 1968 2113 2281">
     <span class='ocr_line' id='line_1_35' title="bbox 216 1968 2110 2027; baseline -0.005 -12"><span class='ocrx_word' id='word_1_308' title='bbox 216 1986 280 2026; x_wconf 88' lang='lat'>35.</span> <span class='ocrx_word' id='word_1_309' title='bbox 336 1977 596 2015; x_wconf 90' lang='lat' dir='ltr'>Posteriorem</span> <span class='ocrx_word' id='word_1_310' title='bbox 638 1976 870 2014; x_wconf 88' lang='lat' dir='ltr'>sententiam</span> <span class='ocrx_word' id='word_1_311' title='bbox 912 1975 1221 2027; x_wconf 88' lang='lat' dir='ltr'>probabiliorem</span> <span class='ocrx_word' id='word_1_312' title='bbox 1264 1974 1501 2024; x_wconf 65' lang='lat' dir='ltr'>iudicamus,</span> <span class='ocrx_word' id='word_1_313' title='bbox 1543 1981 1626 2011; x_wconf 83' lang='lat' dir='ltr'>turn</span> <span class='ocrx_word' id='word_1_314' title='bbox 1663 1978 1823 2022; x_wconf 89' lang='lat' dir='ltr'>propter</span> <span class='ocrx_word' id='word_1_315' title='bbox 1861 1968 2110 2008; x_wconf 89' lang='lat' dir='ltr'>consentiens</span> 
     </span>
     <span class='ocr_line' id='line_1_36' title="bbox 168 2022 2108 2080; baseline -0.003 -14"><span class='ocrx_word' id='word_1_316' title='bbox 168 2029 340 2067; x_wconf 88' lang='lat' dir='ltr'>Aristeae</span> <span class='ocrx_word' id='word_1_317' title='bbox 381 2030 460 2068; x_wconf 90' lang='lat' dir='ltr'>siue</span> <span class='ocrx_word' id='word_1_318' title='bbox 505 2029 689 2079; x_wconf 71' lang='lat' dir='ltr'>Aristaei,</span> <span class='ocrx_word' id='word_1_319' title='bbox 725 2029 904 2080; x_wconf 73' lang='lat' dir='ltr'>Iosephi,</span> <span class='ocrx_word' id='word_1_320' title='bbox 944 2030 1260 2078; x_wconf 81' lang='lat' dir='ltr'>Iudaeorumque</span> <span class='ocrx_word' id='word_1_321' title='bbox 1288 2028 1463 2066; x_wconf 87' lang='lat' dir='ltr'>omnium</span> <span class='ocrx_word' id='word_1_322' title='bbox 1493 2024 1784 2074; x_wconf 65' lang='lat' dir='ltr'>testimonium,</span> <span class='ocrx_word' id='word_1_323' title='bbox 1812 2032 1894 2062; x_wconf 88' lang='lat' dir='ltr'>tum</span> <span class='ocrx_word' id='word_1_324' title='bbox 1923 2035 1970 2061; x_wconf 91' lang='lat' dir='ltr'>eo</span> <span class='ocrx_word' id='word_1_325' title='bbox 2000 2022 2108 2072; x_wconf 89' lang='lat' dir='ltr'>quod</span> 
     </span>
     <span class='ocr_line' id='line_1_37' title="bbox 163 2076 2110 2133; baseline -0.004 -13"><span class='ocrx_word' id='word_1_326' title='bbox 163 2081 272 2121; x_wconf 91' lang='lat' dir='ltr'>libris</span> <span class='ocrx_word' id='word_1_327' title='bbox 315 2083 439 2121; x_wconf 88' lang='lat' dir='ltr'>Mosis</span> <span class='ocrx_word' id='word_1_328' title='bbox 480 2095 595 2133; x_wconf 89' lang='lat' dir='ltr'>supra</span> <span class='ocrx_word' id='word_1_329' title='bbox 629 2083 780 2121; x_wconf 89' lang='lat' dir='ltr'>omneis</span> <span class='ocrx_word' id='word_1_330' title='bbox 809 2083 905 2121; x_wconf 90' lang='lat' dir='ltr'>alios</span> <span class='ocrx_word' id='word_1_331' title='bbox 934 2082 1133 2121; x_wconf 91' lang='lat' dir='ltr'>translatio</span> <span class='ocrx_word' id='word_1_332' title='bbox 1163 2083 1261 2120; x_wconf 91' lang='lat' dir='ltr'>haec</span> <span class='ocrx_word' id='word_1_333' title='bbox 1291 2090 1346 2120; x_wconf 91' lang='lat' dir='ltr'>est</span> <span class='ocrx_word' id='word_1_334' title='bbox 1377 2081 1581 2131; x_wconf 74' lang='grc' dir='ltr'><strong><em>ἀναλογοςε</em></strong></span> <span class='ocrx_word' id='word_1_335' title='bbox 1614 2086 1697 2116; x_wconf 91' lang='lat' dir='ltr'>tum</span> <span class='ocrx_word' id='word_1_336' title='bbox 1727 2077 1897 2127; x_wconf 91' lang='lat' dir='ltr'>denique</span> <span class='ocrx_word' id='word_1_337' title='bbox 1925 2089 1973 2114; x_wconf 93' lang='lat' dir='ltr'>eo</span> <span class='ocrx_word' id='word_1_338' title='bbox 2002 2076 2110 2125; x_wconf 85' lang='lat' dir='ltr'>quod</span> 
     </span>
     <span class='ocr_line' id='line_1_38' title="bbox 164 2128 2111 2186; baseline -0.004 -13"><span class='ocrx_word' id='word_1_339' title='bbox 164 2135 202 2173; x_wconf 93' lang='lat' dir='ltr'>in</span> <span class='ocrx_word' id='word_1_340' title='bbox 242 2143 371 2174; x_wconf 91' lang='lat' dir='ltr'>vetere</span> <span class='ocrx_word' id='word_1_341' title='bbox 400 2138 654 2175; x_wconf 87' lang='lat' dir='ltr'>Testamento</span> <span class='ocrx_word' id='word_1_342' title='bbox 683 2144 836 2175; x_wconf 88' lang='lat' dir='ltr'>exstant</span> <span class='ocrx_word' id='word_1_343' title='bbox 863 2148 962 2186; x_wconf 92' lang='lat' dir='ltr'>quae</span> <span class='ocrx_word' id='word_1_344' title='bbox 990 2136 1324 2174; x_wconf 87' lang='lat' dir='ltr'>Machabaeorum</span> <span class='ocrx_word' id='word_1_345' title='bbox 1351 2134 1594 2183; x_wconf 88' lang='lat' dir='ltr'>temporibus</span> <span class='ocrx_word' id='word_1_346' title='bbox 1622 2132 1661 2170; x_wconf 92' lang='lat' dir='ltr'>in</span> <span class='ocrx_word' id='word_1_347' title='bbox 1689 2143 1880 2169; x_wconf 90' lang='lat' dir='ltr'>canonem</span> <span class='ocrx_word' id='word_1_348' title='bbox 1911 2128 2111 2167; x_wconf 84' lang='lat' dir='ltr'>Ecclesiae</span> 
     </span>
     <span class='ocr_line' id='line_1_39' title="bbox 164 2183 2113 2240; baseline -0.004 -14"><span class='ocrx_word' id='word_1_349' title='bbox 164 2190 284 2226; x_wconf 85' lang='lat' dir='ltr'>relata</span> <span class='ocrx_word' id='word_1_350' title='bbox 312 2197 423 2240; x_wconf 75' lang='lat' dir='ltr'>sunt,</span> <span class='ocrx_word' id='word_1_351' title='bbox 453 2189 506 2228; x_wconf 92' lang='lat' dir='ltr'>illi</span> <span class='ocrx_word' id='word_1_352' title='bbox 535 2197 664 2228; x_wconf 89' lang='lat' dir='ltr'>autem</span> <span class='ocrx_word' id='word_1_353' title='bbox 695 2190 831 2228; x_wconf 87' lang='lat' dir='ltr'>diebus</span> <span class='ocrx_word' id='word_1_354' title='bbox 861 2189 1075 2228; x_wconf 88' lang='lat' dir='ltr'>Ptolemaei</span> <span class='ocrx_word' id='word_1_355' title='bbox 1101 2187 1346 2240; x_wconf 85' lang='lat' dir='ltr'>Philadelphi</span> <span class='ocrx_word' id='word_1_356' title='bbox 1378 2200 1539 2236; x_wconf 87' lang='lat' dir='ltr'>operam</span> <span class='ocrx_word' id='word_1_357' title='bbox 1571 2185 1609 2223; x_wconf 92' lang='lat' dir='ltr'>in</span> <span class='ocrx_word' id='word_1_358' title='bbox 1638 2186 1712 2223; x_wconf 87' lang='lat' dir='ltr'>hac</span> <span class='ocrx_word' id='word_1_359' title='bbox 1742 2183 1992 2222; x_wconf 88' lang='lat' dir='ltr'>translatione</span> <span class='ocrx_word' id='word_1_360' title='bbox 2021 2194 2113 2228; x_wconf 59' lang='lat' dir='ltr'>sua„</span> 
     </span>
     <span class='ocr_line' id='line_1_40' title="bbox 164 2242 1104 2281; baseline 0.002 -2"><span class='ocrx_word' id='word_1_361' title='bbox 164 2250 255 2280; x_wconf 89' lang='lat' dir='ltr'>ante</span> <span class='ocrx_word' id='word_1_362' title='bbox 285 2255 408 2281; x_wconf 84' lang='lat' dir='ltr'>annos</span> <span class='ocrx_word' id='word_1_363' title='bbox 438 2242 643 2281; x_wconf 88' lang='lat' dir='ltr'>minimum</span> <span class='ocrx_word' id='word_1_364' title='bbox 678 2257 763 2281; x_wconf 93' lang='lat'>100.</span> <span class='ocrx_word' id='word_1_365' title='bbox 792 2249 1104 2281; x_wconf 89' lang='lat' dir='ltr'>consumserunt.</span> 
     </span>
    </p>

    <p class='ocr_par' dir='ltr' id='par_1_16' title="bbox 162 2287 2110 2400">
     <span class='ocr_line' id='line_1_41' title="bbox 218 2287 2110 2346; baseline -0.004 -13"><span class='ocrx_word' id='word_1_366' title='bbox 218 2297 281 2344; x_wconf 88' lang='lat'>36.</span> <span class='ocrx_word' id='word_1_367' title='bbox 339 2296 519 2335; x_wconf 90' lang='lat' dir='ltr'>Secunda</span> <span class='ocrx_word' id='word_1_368' title='bbox 547 2299 640 2335; x_wconf 85' lang='lat' dir='ltr'>vero</span> <span class='ocrx_word' id='word_1_369' title='bbox 670 2297 740 2334; x_wconf 87' lang='lat' dir='ltr'>fuit</span> <span class='ocrx_word' id='word_1_370' title='bbox 769 2304 967 2346; x_wconf 69' lang='lat' dir='ltr'>tempore,</span> <span class='ocrx_word' id='word_1_371' title='bbox 995 2309 1069 2334; x_wconf 92' lang='lat' dir='ltr'>nec</span> <span class='ocrx_word' id='word_1_372' title='bbox 1097 2294 1330 2334; x_wconf 87' lang='lat' dir='ltr'>auctoritate</span> <span class='ocrx_word' id='word_1_373' title='bbox 1358 2293 1489 2343; x_wconf 89' lang='lat' dir='ltr'>dispar</span> <span class='ocrx_word' id='word_1_374' title='bbox 1517 2291 1734 2330; x_wconf 89' lang='lat' dir='ltr'>Chaldaica</span> <span class='ocrx_word' id='word_1_375' title='bbox 1748 2289 1949 2329; x_wconf 86' lang='lat' dir='ltr'>translatio</span> <span class='ocrx_word' id='word_1_376' title='bbox 1964 2287 2110 2338; x_wconf 64' lang='lat' dir='ltr'>Mosis,</span> 
     </span>
     <span class='ocr_line' id='line_1_42' title="bbox 162 2348 1235 2400; baseline 0 -15"><span class='ocrx_word' id='word_1_377' title='bbox 162 2348 213 2386; x_wconf 88' lang='lat' dir='ltr'>ab</span> <span class='ocrx_word' id='word_1_378' title='bbox 242 2361 290 2387; x_wconf 91' lang='lat' dir='ltr'>eo</span> <span class='ocrx_word' id='word_1_379' title='bbox 319 2349 529 2400; x_wconf 89' lang='lat' dir='ltr'>interprete</span> <span class='ocrx_word' id='word_1_380' title='bbox 557 2350 624 2400; x_wconf 91' lang='lat' dir='ltr'>qui</span> <span class='ocrx_word' id='word_1_381' title='bbox 654 2351 768 2399; x_wconf 86' lang='lat' dir='ltr'>vulgo</span> <span class='ocrx_word' id='word_1_382' title='bbox 799 2351 975 2389; x_wconf 91' lang='lat' dir='ltr'>Onkelos</span> <span class='ocrx_word' id='word_1_383' title='bbox 1007 2350 1235 2399; x_wconf 88' lang='lat' dir='ltr'>appellatur.</span> 
     </span>
    </p>

    <p class='ocr_par' dir='ltr' id='par_1_17' title="bbox 166 2395 2114 2506">
     <span class='ocr_line' id='line_1_43' title="bbox 219 2395 2114 2453; baseline -0.005 -11"><span class='ocrx_word' id='word_1_384' title='bbox 219 2413 282 2450; x_wconf 86' lang='lat'>37.</span> <span class='ocrx_word' id='word_1_385' title='bbox 335 2404 487 2441; x_wconf 90' lang='lat' dir='ltr'>Harum</span> <span class='ocrx_word' id='word_1_386' title='bbox 533 2415 620 2441; x_wconf 90' lang='lat' dir='ltr'>vsus</span> <span class='ocrx_word' id='word_1_387' title='bbox 661 2402 797 2452; x_wconf 89' lang='lat' dir='ltr'>priscis</span> <span class='ocrx_word' id='word_1_388' title='bbox 838 2403 1081 2453; x_wconf 88' lang='lat' dir='ltr'>temporibus</span> <span class='ocrx_word' id='word_1_389' title='bbox 1120 2401 1191 2440; x_wconf 90' lang='lat' dir='ltr'>fuit</span> <span class='ocrx_word' id='word_1_390' title='bbox 1228 2399 1426 2451; x_wconf 88' lang='lat' dir='ltr'>perutilis:</span> <span class='ocrx_word' id='word_1_391' title='bbox 1457 2398 1716 2448; x_wconf 89' lang='lat' dir='ltr'>quamobrem</span> <span class='ocrx_word' id='word_1_392' title='bbox 1756 2396 1907 2446; x_wconf 90' lang='lat' dir='ltr'>sequuti</span> <span class='ocrx_word' id='word_1_393' title='bbox 1936 2395 2114 2445; x_wconf 82' lang='lat' dir='ltr'>exempla</span> 
     </span>
     <span class='ocr_line' id='line_1_44' title="bbox 166 2453 1557 2506; baseline -0.001 -15"><span class='ocrx_word' id='word_1_394' title='bbox 166 2453 320 2493; x_wconf 91' lang='lat' dir='ltr'>illorum</span> <span class='ocrx_word' id='word_1_395' title='bbox 350 2456 496 2506; x_wconf 89' lang='lat' dir='ltr'>posteri</span> <span class='ocrx_word' id='word_1_396' title='bbox 525 2469 565 2494; x_wconf 89' lang='lat' dir='ltr'>se</span> <span class='ocrx_word' id='word_1_397' title='bbox 593 2457 630 2494; x_wconf 91' lang='lat' dir='ltr'>in</span> <span class='ocrx_word' id='word_1_398' title='bbox 659 2456 798 2495; x_wconf 88' lang='lat' dir='ltr'>iisdem</span> <span class='ocrx_word' id='word_1_399' title='bbox 827 2459 862 2495; x_wconf 69' lang='grc' dir='ltr'>ἃ</span> <span class='ocrx_word' id='word_1_400' title='bbox 891 2455 1048 2506; x_wconf 88' lang='lat' dir='ltr'>reliquis</span> <span class='ocrx_word' id='word_1_401' title='bbox 1078 2454 1276 2494; x_wconf 87' lang='lat' dir='ltr'>vertendis</span> <span class='ocrx_word' id='word_1_402' title='bbox 1303 2459 1557 2503; x_wconf 89' lang='lat' dir='ltr'>occuparunt.</span> 
     </span>
    </p>

    <p class='ocr_par' dir='ltr' id='par_1_18' title="bbox 167 2503 2114 2612">
     <span class='ocr_line' id='line_1_45' title="bbox 220 2503 2114 2559; baseline -0.004 -13"><span class='ocrx_word' id='word_1_403' title='bbox 220 2511 283 2557; x_wconf 88' lang='lat'>38.</span> <span class='ocrx_word' id='word_1_404' title='bbox 340 2510 571 2559; x_wconf 79' lang='lat' dir='ltr'>Eademque</span> <span class='ocrx_word' id='word_1_405' title='bbox 606 2508 755 2548; x_wconf 86' lang='lat' dir='ltr'>ratione</span> <span class='ocrx_word' id='word_1_406' title='bbox 793 2510 905 2548; x_wconf 88' lang='lat' dir='ltr'>vtiles</span> <span class='ocrx_word' id='word_1_407' title='bbox 941 2523 987 2548; x_wconf 90' lang='lat' dir='ltr'>ac</span> <span class='ocrx_word' id='word_1_408' title='bbox 1021 2508 1261 2547; x_wconf 88' lang='lat' dir='ltr'>necessariae</span> <span class='ocrx_word' id='word_1_409' title='bbox 1289 2507 1513 2545; x_wconf 84' lang='lat' dir='ltr'>tralationes</span> <span class='ocrx_word' id='word_1_410' title='bbox 1540 2504 1746 2543; x_wconf 89' lang='lat' dir='ltr'>habendae</span> <span class='ocrx_word' id='word_1_411' title='bbox 1773 2509 1883 2553; x_wconf 66' lang='lat' dir='ltr'>sunt,</span> <span class='ocrx_word' id='word_1_412' title='bbox 1911 2503 2001 2540; x_wconf 78' lang='lat' dir='ltr'>cum</span> <span class='ocrx_word' id='word_1_413' title='bbox 2030 2513 2114 2538; x_wconf 88' lang='lat' dir='ltr'>ver-</span> 
     </span>
     <span class='ocr_line' id='line_1_46' title="bbox 167 2558 1633 2612; baseline -0.002 -14"><span class='ocrx_word' id='word_1_414' title='bbox 167 2562 330 2600; x_wconf 82' lang='lat' dir='ltr'>naculae</span> <span class='ocrx_word' id='word_1_415' title='bbox 358 2563 410 2600; x_wconf 90' lang='lat' dir='ltr'>ad</span> <span class='ocrx_word' id='word_1_416' title='bbox 440 2562 681 2612; x_wconf 85' lang='lat' dir='ltr'>singulorum</span> <span class='ocrx_word' id='word_1_417' title='bbox 710 2562 1042 2611; x_wconf 68' lang='lat' dir='ltr'>aedificationem,</span> <span class='ocrx_word' id='word_1_418' title='bbox 1071 2570 1154 2600; x_wconf 89' lang='lat' dir='ltr'>tum</span> <span class='ocrx_word' id='word_1_419' title='bbox 1183 2571 1414 2599; x_wconf 89' lang='lat' dir='ltr'>communes</span> <span class='ocrx_word' id='word_1_420' title='bbox 1444 2558 1633 2597; x_wconf 90' lang='lat' dir='ltr'>omnium.</span> 
     </span>
    </p>

    <p class='ocr_par' dir='ltr' id='par_1_19' title="bbox 166 2606 2116 2773">
     <span class='ocr_line' id='line_1_47' title="bbox 221 2606 2116 2663; baseline -0.005 -10"><span class='ocrx_word' id='word_1_421' title='bbox 221 2626 284 2663; x_wconf 87' lang='lat'>39.</span> <span class='ocrx_word' id='word_1_422' title='bbox 340 2617 649 2654; x_wconf 85' lang='lat' dir='ltr'>Vernacularum</span> <span class='ocrx_word' id='word_1_423' title='bbox 693 2627 878 2654; x_wconf 90' lang='lat' dir='ltr'>numerus</span> <span class='ocrx_word' id='word_1_424' title='bbox 922 2615 1093 2654; x_wconf 90' lang='lat' dir='ltr'>incertus</span> <span class='ocrx_word' id='word_1_425' title='bbox 1133 2621 1211 2652; x_wconf 87' lang='lat' dir='ltr'>est:</span> <span class='ocrx_word' id='word_1_426' title='bbox 1254 2627 1301 2652; x_wconf 89' lang='lat' dir='ltr'>ex</span> <span class='ocrx_word' id='word_1_427' title='bbox 1342 2612 1620 2652; x_wconf 90' lang='lat' dir='ltr'>communibus</span> <span class='ocrx_word' id='word_1_428' title='bbox 1655 2610 1749 2649; x_wconf 92' lang='lat' dir='ltr'>olim</span> <span class='ocrx_word' id='word_1_429' title='bbox 1789 2609 1861 2647; x_wconf 87' lang='lat' dir='ltr'>fuit</span> <span class='ocrx_word' id='word_1_430' title='bbox 1894 2609 2048 2647; x_wconf 89' lang='lat' dir='ltr'>Graeca</span> <span class='ocrx_word' id='word_1_431' title='bbox 2077 2606 2116 2644; x_wconf 93' lang='lat' dir='ltr'>in</span> 
     </span>
     <span class='ocr_line' id='line_1_48' title="bbox 167 2661 2113 2719; baseline -0.004 -15"><span class='ocrx_word' id='word_1_432' title='bbox 167 2667 352 2706; x_wconf 87' lang='lat' dir='ltr'>omnibus</span> <span class='ocrx_word' id='word_1_433' title='bbox 381 2670 503 2707; x_wconf 89' lang='lat' dir='ltr'>ferme</span> <span class='ocrx_word' id='word_1_434' title='bbox 530 2669 710 2719; x_wconf 90' lang='lat' dir='ltr'>gentibus</span> <span class='ocrx_word' id='word_1_435' title='bbox 740 2677 940 2719; x_wconf 85' lang='lat' dir='ltr'>vsurpata:</span> <span class='ocrx_word' id='word_1_436' title='bbox 971 2669 1090 2707; x_wconf 87' lang='lat' dir='ltr'>hodie</span> <span class='ocrx_word' id='word_1_437' title='bbox 1118 2667 1258 2705; x_wconf 79' lang='lat' dir='ltr'>Latina</span> <span class='ocrx_word' id='word_1_438' title='bbox 1288 2666 1472 2705; x_wconf 87' lang='lat' dir='ltr'>successit</span> <span class='ocrx_word' id='word_1_439' title='bbox 1499 2664 1538 2703; x_wconf 92' lang='lat' dir='ltr'>in</span> <span class='ocrx_word' id='word_1_440' title='bbox 1554 2676 1624 2703; x_wconf 88' lang='lat' dir='ltr'>vsu</span> <span class='ocrx_word' id='word_1_441' title='bbox 1639 2663 1840 2702; x_wconf 88' lang='lat' dir='ltr'>communi</span> <span class='ocrx_word' id='word_1_442' title='bbox 1855 2661 1960 2712; x_wconf 90' lang='lat' dir='ltr'>apud</span> <span class='ocrx_word' id='word_1_443' title='bbox 1975 2672 2113 2699; x_wconf 90' lang='lat' dir='ltr'>omnes</span> 
     </span>
     <span class='ocr_line' id='line_1_49' title="bbox 166 2721 734 2773; baseline 0.007 -17"><span class='ocrx_word' id='word_1_444' title='bbox 166 2721 288 2758; x_wconf 85' lang='lat' dir='ltr'>ferme</span> <span class='ocrx_word' id='word_1_445' title='bbox 319 2721 560 2760; x_wconf 89' lang='lat' dir='ltr'>Christianas</span> <span class='ocrx_word' id='word_1_446' title='bbox 588 2729 734 2773; x_wconf 88' lang='lat' dir='ltr'>gentes.</span> 
     </span>
    </p>
   </div>
   <div class='ocr_carea' id='block_1_3' title="bbox 219 2766 2117 2873">
    <p class='ocr_par' dir='ltr' id='par_1_20' title="bbox 219 2766 2117 2873">
     <span class='ocr_line' id='line_1_50' title="bbox 219 2766 2117 2857; baseline -0.003 -47"><span class='ocrx_word' id='word_1_447' title='bbox 219 2787 280 2819; x_wconf 88' lang='lat'>40.</span> <span class='ocrx_word' id='word_1_448' title='bbox 343 2776 562 2824; x_wconf 87' lang='lat' dir='ltr'>Vtrumque</span> <span class='ocrx_word' id='word_1_449' title='bbox 603 2788 724 2825; x_wconf 84' lang='lat' dir='ltr'>genus</span> <span class='ocrx_word' id='word_1_450' title='bbox 769 2776 958 2814; x_wconf 86' lang='lat' dir='ltr'>memoria</span> <span class='ocrx_word' id='word_1_451' title='bbox 999 2783 1133 2813; x_wconf 88' lang='lat' dir='ltr'>nostra</span> <span class='ocrx_word' id='word_1_452' title='bbox 1174 2772 1329 2824; x_wconf 87' lang='lat' dir='ltr'>publice</span> <span class='ocrx_word' id='word_1_453' title='bbox 1366 2773 1588 2824; x_wconf 83' lang='lat' dir='ltr'>priuatimq.</span> <span class='ocrx_word' id='word_1_454' title='bbox 1625 2769 1663 2807; x_wconf 90' lang='lat' dir='ltr'>in</span> <span class='ocrx_word' id='word_1_455' title='bbox 1693 2769 1870 2808; x_wconf 79' lang='lat' dir='ltr'>Ecclesia</span> <span class='ocrx_word' id='word_1_456' title='bbox 1897 2766 2117 2857; x_wconf 51' lang='lat' dir='ltr'>Deilvald}</span> 
     </span>
     <span class='ocr_line' id='line_1_51' title="bbox 1100 2827 2097 2873; baseline -0.007 -10"><span class='ocrx_word' id='word_1_457' title='bbox 1100 2841 1150 2873; x_wconf 87' lang='lat'>40</span> <span class='ocrx_word' id='word_1_458' title='bbox 1936 2827 1989 2857; x_wconf 83' lang='lat' dir='ltr'>vti</span> <span class='ocrx_word' id='word_1_459' title='bbox 2006 2832 2027 2857; x_wconf 91' lang='lat' dir='ltr'>e</span> <span class='ocrx_word' id='word_1_460' title='bbox 2057 2831 2097 2856; x_wconf 86' lang='lat' dir='ltr'>es</span> 
     </span>
    </p>
   </div>
  </div>
 </body>
</html>
