2334 3020
271 144 342 191 196
881 149 1094 176 THEsEs
1138 149 1575 178 THEOLOGICAE.

263 260 332 297 sed
372 258 460 307 quia
501 258 697 295 voluntate
734 257 858 294 factus
892 268 983 294 caro
1014 269 1061 294 ex
1090 256 1249 295 muliere
1276 258 1347 295 sub
1375 258 1482 306 lege,
1512 270 1579 306 per
1607 258 1772 295 eandem
1803 258 2044 295 voluntatem
2072 257 2198 296 exina-

262 311 356 349 niuit
397 324 458 358 se,
496 312 531 348 δε
572 308 686 347 cessit
727 309 829 347 Patri
866 320 977 347 Vsum
1014 308 1316 358 exercitiumque
1345 310 1444 347 illius
1473 310 1782 358 omnipotentiae
1810 309 1965 347 diuinae
1995 309 2033 347 in
2062 323 2198 349 caussa

263 362 505 402 mediationis
533 363 680 400 solum:
710 375 778 412 per
806 362 1135 411 dispensationem
1161 362 1417 400 voluntariam
1438 362 1553 401 etiam
1578 363 1615 400 in
1638 374 1773 401 caussa
1789 362 2035 401 mediationis
2052 363 2197 413 recepit

262 420 284 454 a
327 418 437 454 Patre
479 416 583 453 dona
627 427 715 453 vsus
757 418 792 453 &
820 413 989 463 exercitij
1021 414 1197 453 salutatis
1226 415 1326 452 illius
1354 416 1403 453 de
1432 416 1632 454 voluntate
1660 415 1803 463 Patris,
1832 428 1950 464 quem
1980 427 2092 454 vsum
2121 429 2201 454 ces-

265 475 364 507 serat
390 470 590 506 voluntate
617 479 707 518 sua,
737 478 858 516 quum
887 480 927 505 se
955 466 1037 517 ipse
1065 469 1191 506 forma
1221 468 1321 506 serui
1349 475 1513 518 accepta
1528 468 1973 519 exinaniuisset.Pl1ilzp.
1995 482 2029 507 2.
2058 470 2199 507 Secun-

265 524 359 559 ‹lum
400 521 680 559 humanitatem
720 523 834 570 vero,
874 532 974 570 quae
1010 534 1056 559 ex
1084 527 1222 558 natura
1251 532 1319 559 sua
1347 534 1420 559 nec
1448 522 1733 571 possessionem
1761 535 1834 559 nec
1863 533 1974 559 vsum
2002 521 2198 560 donorum

263 576 416 613 illorum
461 576 603 613 habere
644 574 853 624 potuisset,
895 573 1001 612 dona
1042 573 1196 623 spiritus
1237 573 1407 624 accepit,
1450 583 1533 612 tum
1566 574 1605 612 in
1642 587 1682 612 se
1712 586 1984 624 quaecumque
2010 576 2034 612 a
2061 581 2198 613 natura

264 634 392 666 creata
420 626 507 676 capi
534 634 761 677 potuerunt,
798 634 880 665 tum
906 628 945 665 in
973 639 1141 677 persona
1169 639 1238 676 per
1265 627 1427 676 gratiam
1456 627 1631 677 vnionis,
1660 638 1931 677 quaecumque
1959 627 2009 665 ad
2026 627 2201 666 diuinum

264 680 359 718 illud
394 679 637 718 mediationis
664 679 889 729 mysterium
918 682 1071 718 fuerunt
1098 691 1209 730 opus.
1254 680 1506 730 Quapropter
1534 679 1640 718 idem
1667 683 1690 718 a
1715 680 1891 719 Patribus
1922 688 2028 719 recte
2052 693 2200 731 vngens

265 736 299 771 δι
329 740 467 771 vnctus
496 733 724 783 appellatur.

319 798 352 834 7.
409 785 472 824 Sic
501 787 697 824 donorum
726 785 966 836 plenitudine
993 785 1200 824 instructus
1228 785 1404 824 Christus
1433 785 1505 824 sibi
1532 785 1604 835 ipsi
1633 786 1738 823 hunc
1766 787 1959 824 honorem
1976 785 2200 824 mediatoris

264 852 344 877 non
373 839 552 889 sumpsit,
583 839 651 877 sed
677 842 700 877 a
728 840 815 878 Deo
843 846 950 888 patre
981 846 1144 877 vocatus
1171 846 1228 877 est
1260 838 1611 888 auctoritatemque
1640 839 1791 888 accepit
1818 839 2046 889 perficiendi
2061 846 2201 888 myste-

264 892 363 930 rium
400 891 645 930 mediationis
672 892 771 930 inter
798 894 929 930 Deum
958 895 992 931 δι
1021 905 1111 941 nos,
1140 905 1188 930 ex
1216 892 1374 930 decreto
1403 892 1504 930 eius:
1534 903 1635 941 quo,
1664 903 1763 940 quae
1792 892 1939 942 officia,
1967 893 2072 942 apud
2101 903 2200 942 quos

265 947 427 995 faceret,
456 945 525 983 fuit
552 945 840 995 praestitutum,
875 946 964 983 Gal.
994 959 1031 994 3.
1059 946 1160 983 Nam
1189 946 1279 983 cum
1308 944 1499 983 mediator
1527 958 1607 983 non
1636 945 1683 983 sit
1711 944 1842 994 vnius,
1872 947 1979 984 Deus
2007 952 2138 984 autem
2153 945 2201 983 sit

267 1010 364 1036 vnus
395 1000 430 1037 &
457 998 728 1047 immutabilis,
758 998 919 1036 omnino
948 999 1204 1037 mediatorem
1230 1004 1409 1036 nostrum
1437 999 1545 1036 illum
1575 997 1766 1047 Vtrimque
1796 1010 1930 1037 curare
1958 998 2149 1048 oportuit,
2166 1001 2202 1037 &

267 1057 461 1100 praestare
500 1051 689 1101 quicquid
729 1063 828 1101 opus
864 1052 935 1089 fuit
971 1051 1010 1089 in
1047 1058 1250 1100 vtramque
1276 1057 1445 1101 partem,
1474 1052 1610 1100 (quam
1638 1064 1721 1089 rem
1749 1063 1866 1089 nemo
1895 1051 1962 1101 qui
1990 1064 2070 1089 non
2099 1058 2199 1089 esset

269 1107 375 1142 Deus
402 1112 595 1154 praestare
622 1104 748 1153 potuit
775 1104 880 1154 apud
907 1106 1055 1155 Deum,
1086 1106 1121 1142 &
1149 1104 1215 1153 qui
1243 1117 1324 1142 non
1352 1111 1451 1143 esset
1480 1105 1620 1153 homo,
1649 1117 1721 1153 pro
1749 1104 1863 1142 nobis
1891 1111 2008 1154 atque
2029 1103 2067 1141 in
2089 1103 2202 1143 nobis

269 1159 470 1207 perficere)
512 1160 548 1196 δε
588 1158 716 1196 officia
755 1157 953 1208 perfungi,
995 1171 1095 1207 quae
1131 1157 1181 1196 ad
1222 1156 1357 1196 vitium
1395 1157 1664 1207 eximendum,
1702 1158 1738 1195 &
1767 1159 1917 1196 bonum
1945 1158 2045 1196 inter
2072 1164 2201 1207 partes

268 1210 542 1248 stabiliendum
570 1217 658 1249 sunt
685 1210 915 1249 necessaria.

323 1266 359 1302 8.
414 1265 460 1301 In
500 1264 610 1313 Deo,
649 1264 715 1313 qui
751 1277 904 1314 semper
937 1275 1035 1302 vnus
1069 1265 1105 1301 &
1132 1264 1237 1302 idem
1265 1270 1344 1313 est,
1374 1263 1508 1302 vitium
1537 1264 1696 1301 nullum.
1728 1264 1828 1302 Cum
1857 1263 1987 1313 itaque
2017 1262 2151 1301 vitium
2179 1267 2202 1301 a

270 1315 382 1354 nobis
411 1319 446 1355 δι
473 1316 513 1354 in
541 1315 655 1355 nobis
684 1323 802 1367 esset,
832 1330 911 1366 quo
940 1318 982 1366 (f.
1016 1318 1143 1365 1672.)
1172 1316 1300 1355 miseri
1327 1319 1350 1355 a
1379 1317 1453 1355 Dei
1481 1316 1602 1367 gratia
1622 1316 1940 1366 excidimus,pro
1956 1316 2105 1355 ratione
2122 1316 2200 1364 vitij

270 1369 370 1407 illius
399 1369 667 1419 expungendi,
696 1372 731 1408 δι
760 1369 1015 1419 comparandi
1042 1369 1341 1418 stabiliendique
1367 1369 1462 1408 boni
1489 1369 1621 1408 diuina
1648 1370 1787 1408 virtute
1817 1372 1924 1417 (nam
1952 1372 2120 1408 humana
2140 1375 2205 1407 aut

272 1423 347 1460 vlla
376 1428 505 1460 creata
532 1421 757 1472 simpliciter
782 1435 982 1472 nunquam
1010 1422 1049 1461 id
1078 1434 1176 1472 opus
1205 1422 1477 1473 ministrasset,
1506 1423 1596 1472 quia
1624 1423 1770 1472 gratiae
1791 1422 1964 1461 salutaris
1990 1430 2065 1471 est,
2098 1424 2204 1460 Deus

271 1482 400 1513 autem
442 1476 546 1514 solus
586 1475 730 1525 gratiae
771 1477 911 1514 author
948 1483 1025 1525 est,
1054 1489 1126 1514 nos
1154 1478 1176 1513 a
1205 1476 1325 1525 gratia
1355 1477 1504 1514 exsules
1530 1482 1687 1525 natura,
1717 1479 1752 1514 ἅν
1781 1476 1926 1526 gratiae
1955 1475 2203 1526 egentissimi)

271 1528 545 1566 authoritatem
588 1528 807 1567 officiorum
842 1531 864 1567 a
900 1531 1011 1567 Patre
1040 1528 1243 1579 imperari,
1272 1531 1307 1567 &
1335 1531 1358 1567 a
1386 1529 1599 1567 mediatore
1627 1529 1769 1579 suscipi
1797 1542 1955 1567 necesse
1984 1529 2073 1575 fuit,
2103 1540 2203 1578 quae

273 1580 366 1619 vitio
395 1589 529 1620 nostro
558 1582 759 1632 curandO,
790 1584 825 1620 δι
854 1583 963 1620 bono
991 1582 1190 1632 parando,
1220 1581 1412 1631 vtrimque
1441 1581 1707 1620 conuenirent.

326 1648 361 1682 9,
417 1634 509 1672 Tria
536 1641 625 1672 sunt
653 1641 782 1672 autem
808 1646 907 1684 quae
935 1636 974 1673 in
1004 1635 1111 1674 omni
1138 1642 1229 1673 actu
1256 1634 1453 1673 rationalis
1480 1635 1677 1684 potentiae
1707 1642 1861 1684 oportet
1890 1646 2143 1683 concurrere,
2166 1636 2201 1671 &

273 1688 354 1725 sine
392 1686 532 1736 quibus
573 1687 668 1725 nihil
705 1686 777 1726 nisi
812 1688 994 1726 vitiosum
1027 1688 1077 1726 ab
1107 1687 1266 1726 homine
1294 1687 1489 1737 proficisci
1517 1694 1663 1738 potest,
1693 1687 1813 1738 scire,
1844 1689 1962 1733 velle,
1992 1699 2125 1737 posse:
2155 1701 2202 1724 ex

272 1739 412 1788 quibus
440 1740 540 1778 vitiis
568 1741 748 1779 omnibus
776 1740 897 1779 homo
927 1741 1016 1779 inde
1043 1743 1066 1778 *a
1094 1740 1221 1790 primo
1250 1748 1454 1791 parentum
1482 1747 1705 1780 nostrorum
1734 1742 1843 1790 lapsu
1858 1740 2084 1790 grauissime
2100 1746 2204 1778 totus

272 1793 464 1831 laborauit
492 1806 656 1843 semper.
685 1795 787 1831 Nam
814 1793 950 1832 vitium
979 1805 1108 1832 suum:
1140 1795 1174 1831 &
1203 1794 1277 1832 Dei
1306 1795 1545 1832 voluntatem
1572 1793 1706 1832 vitium
1737 1794 1961 1832 detestantis
1986 1796 2020 1832 &
2041 1793 2204 1843 gratiam

273 1845 469 1884 offerentis
498 1847 618 1884 homo
647 1858 775 1905 neque
803 1846 933 1895 sciuit,
962 1859 1089 1896 neque
1118 1846 1239 1885 voluit
1268 1847 1366 1885 scire
1394 1853 1458 1885 aut
1485 1859 1640 1895 curare,
1669 1858 1796 1896 neque
1825 1850 1881 1896 (vt
1901 1846 2032 1894 sciret)
2057 1845 2204 1896 potuit,

272 1910 398 1948 neque
427 1899 593 1949 curauit,
622 1899 693 1938 nisi
721 1877 956 1938 medicantia
984 1899 1208 1938 mediatoris
1237 1899 1366 1938 officia
1393 1902 1415 1937 a
1444 1906 1552 1949 patre
1580 1900 1738 1938 fuissent
1766 1899 1959 1938 instituta.
1953 1900 2203 1949 Prophetae

272 1951 352 1989 siue
390 1951 595 1999 Doctoris,
633 1954 669 1989 δε
709 1952 942 2002 sacerdotis,
972 1954 1008 1991 &
1035 1952 1154 2003 Regis
1182 1952 1261 1991 siue
1289 1952 1468 1991 Domini:
1499 1964 1578 2003 quo
1606 1960 1785 2004 respectu
1813 1955 1925 1991 Pater
1954 1964 2043 1991 eum
2071 1951 2206 1990 fecisse

272 2003 486 2043 Dominum
518 2008 552 2043 &
580 2005 779 2044 Christum
807 2019 830 2044 a
858 1983 974 2044 Petio
1003 2005 1155 2044 dicitur.
1184 2006 1270 2044 Act.
1301 2020 1334 2044 2

330 2072 388 2095 10.
444 2058 627 2096 Officium
665 2059 882 2108 Prophetae
912 2066 967 2098 est
995 2070 1074 2108 quo
1108 2059 1282 2098 Christus
1309 2061 1332 2096 a
1358 2065 1467 2108 patre
1496 2058 1677 2108 mittitur,
1705 2059 1820 2097 nobis
1848 2060 1971 2096 factus
1999 2057 2206 2108 sapientia:

274 2112 309 2148 δι
346 2110 505 2148 veniens
532 2124 605 2149 nos
633 2112 750 2150 docet
779 2118 902 2150 totam
929 2111 1196 2163 vitiositatem,
1225 2112 1517 2161 necessitatem,
1546 2113 1581 2149 &
1610 2112 1755 2150 malum
1783 2119 1979 2161 nostrum,
2009 2113 2044 2150 δε
2073 2113 2206 2149 volun-

274 2170 392 2201 tatem
420 2164 495 2202 Dei
522 2163 621 2202 vitiis
650 2164 856 2212 infensam,
885 2165 1177 2204 necessitatibus
1205 2164 1529 2215 prospicientem,
1559 2166 1712 2203 &mala
1727 2166 1897 2214 perfecte
1911 2166 2085 2214 perfecto
2098 2165 2208 2202 bono

274 2223 603 2255 commutaturam
632 2231 699 2267 per
726 2218 890 2268 gratiam
917 2230 1038 2257 suam.
1067 2220 1160 2256 Hoc
1188 2217 1362 2256 officium
1391 2217 1566 2256 Christus
1593 2217 1684 2256 inde
1710 2220 1734 2255 a
1756 2217 1966 2268 principio,
1983 2216 2206 2265 tolerantia,

278 2269 544 2308 misericordia
571 2271 607 2307 δε
636 2271 713 2308 fide
742 2271 931 2322 maxima,
959 2278 1100 2320 potens
1127 2271 1240 2309 dictis
1267 2272 1303 2308 δι
1331 2271 1457 2320 factis,
1485 2270 1667 2309 diuinitus
1696 2270 1903 2320 praestitit:
1932 2278 2015 2308 tum
2039 2270 2206 2308 mediate

278 2335 346 2372 per
387 2323 629 2373 Prophetas,
671 2325 908 2374 Apostolos,
951 2326 986 2363 &
1028 2323 1206 2363 homines
1247 2335 1424 2373 quosque
1457 2323 1531 2362 Dei
1566 2324 1616 2362 ad
1643 2323 1898 2362 ministerium
1927 2335 2081 2361 sacrum
2107 2323 2207 2361 illius

279 2374 396 2423 officij
426 2388 498 2425 pro
527 2388 598 2414 suo
626 2377 788 2415 modulo
815 2378 1044 2416 obeundum
1072 2384 1232 2416 vocatos
1262 2378 1312 2415 ab
1342 2377 1451 2426 ipso,
1482 2377 1585 2415 velut
1613 2377 1789 2415 Domino
1813 2379 1848 2415 &
1870 2376 1995 2426 capite
2010 2375 2209 2414 Ecclesiae

278 2439 389 2466 suae:
419 2436 501 2466 tum
530 2429 772 2479 immediate,
801 2432 920 2468 semel
948 2431 1106 2479 quidem
1129 2430 1169 2468 in
1197 2443 1335 2479 carne,
1365 2442 1485 2479 quum
1514 2431 1640 2468 factus
1668 2437 1726 2468 est
1754 2430 1793 2468 in
1823 2442 1939 2467 carne
1955 2429 2210 2479 conspicuus,

277 2493 431 2530 semper
458 2484 552 2520 vero
583 2495 653 2531 per
681 2482 866 2532 Spiritum
894 2491 1094 2522 aeternum
1122 2495 1256 2533 suurn,
1285 2494 1363 2532 quo
1391 2484 1426 2521 δι
1455 2483 1584 2520 Deum
1613 2485 1746 2532 (quem
1770 2495 1887 2521 nemo
1912 2481 2008 2521 vidit
2023 2483 2209 2531 vnquam)

277 2534 493 2583 vnigenitus
527 2534 590 2574 ille
626 2534 725 2573 filius
753 2535 819 2584 qui
847 2544 903 2575 est
930 2536 968 2574 in
998 2535 1083 2574 sinu
1110 2536 1232 2574 Patris
1259 2535 1373 2574 nobis
1402 2534 1579 2585 exponit,
1608 2537 1644 2573 δε
1671 2548 1744 2574 nos
1772 2535 1879 2585 ipsos
1907 2535 2029 2573 nostri
2057 2534 2209 2573 nescios

275 2586 389 2624 nobis
416 2586 507 2636 ipsis
534 2587 657 2637 aperit
684 2588 840 2627 salutari
865 2588 1146 2627 illuminatione
1172 2589 1292 2637 illius,
1321 2588 1437 2626 etiam
1465 2599 1544 2637 quo
1569 2595 1745 2638 tempore
1761 2588 1890 2626 medio
1907 2586 2208 2638 praedicationis

278 2645 458 2678 externae
486 2640 766 2679 informamur:
788 2644 823 2680 δε
851 2642 1003 2681 rediens
1032 2643 1081 2680 ad
1109 2649 1260 2692 patrem
1288 2640 1478 2680 rationem
1507 2641 1675 2679 reddidit
1704 2641 1907 2691 legationis
1936 2651 2040 2679 suae.

337 2705 395 2729 11.
451 2693 633 2731 Officium
674 2694 894 2733 Sacerdotis
933 2702 1012 2746 est,
1054 2707 1133 2745 quo
1170 2694 1346 2733 Christus
1380 2697 1403 2732 a
1431 2701 1538 2743 patre
1568 2694 1729 2732 mittitur
1757 2694 1929 2744 dicente,
1957 2699 2045 2743 pete
2072 2695 2095 2730 a
2123 2706 2206 2736 me

280 2744 395 2794 item,
430 2751 471 2784 tu
500 2759 539 2784 es
568 2747 759 2785 Sacerdos
787 2747 826 2784 in
854 2755 1070 2786 aeternum:
1100 2749 1209 2786 Psal.
1243 2760 1330 2786 110.
1358 2749 1392 2785 δι
1420 2754 1537 2797 prout
1563 2748 1700 2786 missus
1730 2753 1804 2797 est,
1833 2748 1966 2796 plenas
1994 2745 2205 2784 sacerdotis

284 2803 412 2847 partes
450 2802 492 2835 τά
526 2800 615 2849 πρὸς
644 2800 741 2837 θεὸν
770 2803 833 2837 καὶ
864 2815 908 2836 τα
938 2801 1029 2850 πρὸς
1060 2801 1154 2847 ἡμᾶς
1181 2800 1341 2850 perficit.
1370 2801 1471 2838 Nam
1500 2799 1531 2838 si
1560 2801 1609 2838 ad
1639 2801 1768 2838 Deum
1795 2806 1946 2849 patrem
1974 2799 2203 2847 respexeris,

2024 2852 2207 2889 sacerdos
