2334 3020
188 84 239 121 94
810 77 878 103 DE
917 75 1064 102 VERA
1106 73 1461 103 THEOLOGIA.

191 194 248 225 est
275 187 314 225 in
342 186 454 224 nobis
481 183 740 223 inchoationis
767 195 836 232 per
862 181 1036 232 gratiam.
1062 180 1191 219 Huius
1216 187 1347 218 autem
1374 179 1673 219 modificationis
1698 185 1969 229 argumentum
1996 183 2054 216 est
2078 179 2102 215 a

193 239 325 289 signo,
367 237 473 287 quod
511 237 583 274 sub
619 238 735 273 finem
764 233 998 273 definitionis
1025 233 1233 272 attulimus.
1273 233 1615 280 Quemadmodum
1642 232 1746 270 enim
1771 229 1994 280 qualitatem
2022 242 2103 268 esse

193 294 345 339 volunt,
374 304 420 328 ex
448 301 525 338 qua
552 288 716 327 dicimur
742 288 892 336 quales:
921 286 974 324 ita
1001 285 1116 324 etiam
1143 285 1401 335 Theologiam
1431 291 1585 335 oportet
1611 284 1705 335 dici,
1734 296 1782 323 ex
1808 294 1885 333 qua
1911 281 2105 332 Theologi

191 345 442 393 appellantur.
483 343 554 379 Est
579 347 708 378 autem
735 339 908 378 conditio
935 339 1229 388 Theologorum
1255 337 1494 386 huiusmodi,
1522 344 1563 375 vt
1589 336 1764 376 subiecto
1789 336 1948 385 quidem
1963 345 2104 373 conue-

193 397 299 433 niant
337 395 436 433 inter
475 407 515 432 se
557 404 633 442 qua
671 392 848 430 homines
885 397 990 438 sunt3
1021 391 1091 429 sed
1117 390 1266 428 ratione
1293 389 1502 440 plurimum
1529 389 1769 441 discrepent,
1796 388 1887 438 quia
1913 386 1972 426 his
1998 388 2104 438 plus,

194 449 266 486 illis
295 448 419 485 minus
447 446 622 485 videmus
649 444 771 484 inesse
799 443 1051 493 Theologiae.
1092 445 1193 481 Nam
1221 442 1364 494 siquis
1387 449 1564 491 tyronem
1585 442 1682 481 adeo
1698 454 1831 491 sapere
1847 439 2106 490 Theologiam

193 507 319 551 putet,
348 502 464 549 quam
491 500 683 537 Iohannes
710 503 775 535 aut
802 497 942 534 Paulus
971 495 1121 546 fecerit,
1151 503 1216 534 aut
1243 495 1424 534 eumdem
1451 494 1650 533 hominem
1672 495 1920 544 Theologum
1941 500 2105 531 tantum-

193 554 282 591 dem
323 558 517 602 praestare
556 563 671 601 posse
712 561 832 599 quum
867 548 992 598 prima
1018 547 1257 598 Theologiae
1285 549 1476 586 elementa
1503 547 1632 598 discit,
1659 550 1776 597 quam
1804 558 1923 596 quum
1946 552 2108 595 propter

193 606 416 644 diuturnum
443 603 618 642 habitum
646 614 778 642 sensus
805 603 923 640 habet
950 600 1178 640 exercitatos
1206 601 1257 639 ad
1284 600 1557 639 discretionem
1585 599 1681 638 boni
1707 600 1743 637 δι
1773 598 1865 637 mali
1885 612 1932 637 ex
1946 599 2107 637 Canone

192 671 305 697 verae
344 656 601 706 Theologiae,
642 656 673 694 is
713 656 891 705 profecto
932 655 983 692 ad
1021 661 1183 704 agnatos
1216 654 1339 703 (quod
1376 652 1496 701 aiunt)
1523 653 1558 689 &
1585 652 1744 702 gentiles
1772 651 1885 690 fuerit
1911 653 2108 690 bonorum

192 710 334 749 iudicio
362 710 603 758 relegandus.
645 709 895 758 Quapropter
920 706 1165 746 antecedenti
1191 705 1406 744 definitioni
1432 707 1617 755 pauculas
1639 712 1751 743 notas
1766 703 2108 754 &praeceptiones

192 765 240 802 de
267 762 378 801 huius
405 761 644 811 Theologiae
672 761 794 799 modo
821 759 958 799 subiici
983 759 1155 809 oportuit
1184 760 1218 797 ἃ
1241 758 1366 797 causis
1379 757 1497 809 illius,
1513 759 1566 795 Vt
1583 758 1633 796 ab
1648 765 1821 796 extremo
1837 763 2000 806 vtroque
2014 755 2108 794 vitio

192 817 246 865 (in
280 827 446 864 quorum
473 815 635 852 alterum
664 815 801 864 vulgus
828 812 940 851 facile
967 811 1172 860 delabitur)
1202 819 1307 850 certa
1333 810 1519 861 religione
1545 810 1828 859 prudentiaque
1854 816 2068 848 caueretur.

246 870 342 906 Sunt
370 867 472 905 enim
496 866 579 917 qui,
609 879 656 905 ex
684 879 762 916 quo
790 865 958 915 primum
985 865 1153 914 aliquem
1181 871 1335 915 gustum
1365 865 1407 912 (f.
1427 865 1553 912 1417.)
1580 864 1643 901 vel
1658 862 1860 900 minimum
1874 861 2111 900 imbiberunt

189 921 300 960 huius
342 919 569 970 sapientiae,
610 933 650 958 se
690 931 809 969 puros
843 925 958 968 putos
993 931 1075 956 esse
1102 918 1349 968 Theologos,
1378 918 1413 954 δι
1440 915 1535 954 nihil
1562 928 1643 954 non
1674 916 1923 964 Theologum
1949 926 2110 964 crepare

188 980 343 1024 putant:
373 984 471 1022 quos
499 973 760 1016 ἐνθουσιαςοὶς
789 971 913 1010 verius
937 970 1075 1009 merito
1098 970 1272 1021 ipsorum
1287 967 1552 1020 appellaueriS.
1580 969 1677 1007 Sunt
1691 966 2109 1018 contra,quianimad-

190 1040 299 1065 versa
340 1025 508 1064 exilitate
536 1030 691 1062 nostrae
718 1024 829 1062 huius
855 1024 1096 1073 Theologiae
1125 1023 1165 1061 in
1192 1024 1369 1072 subjecto
1397 1033 1486 1071 suo,
1513 1023 1549 1060 &
1577 1021 1871 1070 Theologorum
1900 1021 2111 1057 multorum

189 1081 303 1130 (proh
333 1079 463 1127 dolor)
491 1077 679 1127 vanitate,
704 1076 799 1115 nihil
825 1083 961 1126 putant
985 1089 1067 1114 non
1096 1089 1177 1114 esse
1205 1077 1477 1126 ματαιόλογονῑ
1508 1073 1574 1123 qui
1598 1073 1777 1112 homines
1798 1071 1973 1111 certatim
1996 1077 2113 1110 ruunt

187 1133 226 1170 in
265 1131 450 1170 nefariam
493 1130 710 1177 ἀθεόθητα,
749 1130 845 1168 dum
887 1130 925 1167 in
967 1129 1043 1167 suis
1071 1128 1145 1167 illis
1174 1127 1474 1178 cogitationibus
1499 1133 1752 1166 euanescunt:
1795 1126 1860 1164 Ad
1887 1126 1985 1163 haec
2012 1125 2113 1163 mala

187 1185 365 1234 religiose
405 1186 439 1222 &
482 1188 612 1220 sancte
654 1183 956 1233 praeuertenda,
996 1181 1256 1220 necessarium
1295 1180 1420 1218 visum
1451 1187 1509 1218 est
1536 1192 1662 1229 pauca
1688 1179 1881 1228 quaedam
1908 1176 2035 1227 capita
2063 1177 2113 1215 de

190 1238 310 1276 modo
338 1237 450 1275 huius
473 1234 712 1284 Theologiae
741 1235 979 1284 adscribere,
999 1242 1041 1273 vt
1067 1234 1123 1273 rei
1149 1233 1303 1272 diuinae
1331 1232 1578 1281 quantumuis
1606 1233 1796 1270 obscurae
1819 1229 2114 1269 veritasamen-

188 1290 302 1328 dacio
330 1289 533 1328 hominum
561 1286 789 1328 vindicetur.
818 1288 989 1326 Primum
1016 1295 1074 1326 est
1099 1285 1345 1335 huiusmodi,
1367 1287 1406 1323 T
1400 1287 1476 1323 lies.
1505 1296 1631 1323 xxxv.
1661 1285 1796 1322 Huius
1818 1284 2049 1331 Theologiae
2075 1284 2115 1320 in

190 1344 351 1381 subiecto
378 1340 641 1379 circumscribi
664 1354 739 1378 mm
758 1346 888 1392 potest
912 1342 1066 1390 modus,
1093 1342 1184 1389 quia
1213 1341 1262 1377 ἐφ’
1289 1340 1329 1376 in
1356 1351 1576 1388 vnoquoque
1602 1338 1753 1385 variat,
1782 1337 1831 1374 ἐφ’
1858 1338 1960 1374 iliter
1988 1347 2114 1373 omnes

189 1401 246 1433 est
271 1396 563 1432 diuersissimas.
604 1393 769 1432 Modum
797 1395 874 1431 hoc
902 1394 993 1431 loco
1021 1393 1280 1443 appellamus,
1308 1403 1388 1429 non
1416 1392 1583 1429 formam
1611 1389 1666 1428 rei
1695 1392 1802 1438 (nam
1831 1389 1957 1427 forma
1984 1388 2115 1426 Theo-

189 1447 316 1497 logiae
345 1447 383 1485 in
416 1445 564 1484 omneis
592 1445 734 1495 gradus
762 1446 880 1496 ipsius
908 1458 1059 1495 semper
1087 1444 1218 1483 diuina
1246 1446 1318 1491 est)
1346 1455 1427 1482 non
1454 1443 1558 1481 viam
1586 1440 1946 1491 comprehensionis
1974 1443 2009 1479 δε
2032 1453 2116 1490 per-

192 1499 381 1549 ceptionis
419 1499 520 1537 illius
560 1500 666 1547 (nam
701 1500 797 1536 haec
833 1509 990 1548 quoque
1019 1497 1194 1535 diuinum
1229 1508 1327 1546 opus
1355 1504 1412 1534 est
1440 1498 1474 1534 &
1502 1495 1647 1546 gratiae
1675 1494 1829 1532 diuinae
1857 1493 2114 1544 signaculum)

191 1553 260 1591 sed
303 1552 554 1602 quantitatem
599 1553 655 1599 (vt
683 1550 734 1589 ita
771 1551 962 1600 dicamus)
1006 1548 1368 1600 comprehensionis
1411 1552 1446 1587 Sc
1487 1547 1746 1598 perceptionis
1789 1545 1907 1596 illius,
1939 1557 2037 1595 quae
2066 1545 2117 1583 ad

188 1605 388 1644 hominem
425 1603 654 1654 peruenerit.
695 1605 796 1642 Nam
825 1611 865 1643 vt
890 1602 988 1641 vasis
1016 1616 1087 1653 pro
1117 1601 1327 1652 quantitate
1356 1601 1528 1651 ipsorum
1559 1602 1644 1651 plus
1675 1598 1857 1648 liquoris,
1886 1605 1950 1636 aut
1989 1597 2115 1636 minus

189 1658 422 1707 infunditur,
450 1656 502 1695 ita
531 1655 645 1694 etiam
674 1656 824 1695 animae
851 1655 1055 1695 hominum
1082 1656 1168 1704 plus
1197 1661 1261 1692 aut
1289 1653 1415 1693 minus
1444 1653 1652 1692 dilatantur
1679 1651 1818 1690 virtute
1846 1650 1942 1700 Dei,
1970 1657 2011 1688 vt
2025 1652 2118 1688 fiant

190 1724 352 1760 capaces
381 1711 470 1748 cum
499 1709 662 1747 aliorum
691 1710 886 1747 donorum
915 1708 1187 1758 spiritualium,
1217 1709 1299 1744 tum
1327 1706 1441 1745 huius
1467 1705 1585 1756 ipsius
1613 1704 1836 1755 sapientiae.
1871 1705 2120 1753 Quapropter

192 1761 456 1802 circumscribi
496 1774 577 1800 non
618 1774 731 1811 posse
768 1761 880 1800 huius
907 1760 1149 1811 Theologiae
1176 1759 1358 1809 modum,
1386 1760 1449 1798 vel
1475 1758 1604 1808 potius
1632 1756 1837 1796 hominum
1863 1757 1966 1794 hanc
1990 1757 2118 1794 Theo-

190 1816 336 1866 logiam
364 1814 696 1865 participantium„
726 1821 829 1853 recte
858 1815 1106 1852 affirmamus.
1141 1813 1243 1851 Cum
1271 1811 1375 1850 enim
1404 1811 1565 1850 scientia
1593 1810 1640 1849 sit
1667 1808 1963 1859 vniuersalium,
1980 1808 2120 1847 modus

191 1876 319 1908 autem
345 1867 415 1906 iste
442 1866 734 1905 indiuiduorum
761 1867 807 1906 sit
834 1869 890 1916 (vt
918 1869 1075 1915 vocant)
1105 1864 1374 1915 singularium,
1403 1863 1533 1903 cribro
1563 1863 1674 1901 citius
1702 1861 1875 1900 hauseris
1893 1862 2120 1910 Oceanum,

189 1924 305 1972 quam
333 1928 479 1959 certam
507 1921 623 1958 vllam
650 1919 762 1959 huius
790 1919 845 1958 rei
873 1918 1073 1958 scientiam
1101 1916 1337 1968 adipiscaris
1367 1917 1495 1955 Huius
1523 1923 1652 1955 autem
1680 1914 1875 1953 varietatis
1890 1914 2118 1952 innumerae

189 1974 357 2024 primum
386 1984 524 2011 causae
553 1971 744 2010 videndae
779 1979 888 2022 sunt,
917 1971 1060 2010 deinde
1087 1978 1192 2009 certa
1220 1969 1412 2020 quaedam
1440 1969 1568 2019 capita
1597 1967 1645 2017 (si
1672 1967 1755 2006 fieri
1783 1969 1927 2017 potest)
1956 1966 2119 2004 demon-

189 2026 365 2076 stranda,
408 2025 547 2075 quibus
590 2025 718 2074 aliqua
760 2027 896 2063 saltem
931 2023 1044 2062 huius
1085 2023 1139 2062 rei
1181 2034 1280 2072 quae
1321 2022 1465 2073 agitur,
1502 2021 1600 2060 ratio
1631 2019 1889 2059 demonstrari
1918 2019 2040 2070 possit
2069 2019 2121 2057 ad

188 2078 511 2118 commoditatem
540 2077 701 2116 instituti
725 2077 860 2116 nostri.
889 2079 949 2115 Ac
977 2089 1117 2115 causae
1146 2075 1307 2125 quidem
1333 2075 1373 2113 in
1401 2075 1484 2125 ipsa
1512 2073 1728 2124 Theologia
1753 2072 1911 2111 minime
1932 2072 2119 2110 resident:

190 2134 279 2171 cum
305 2131 388 2181 ipsa
414 2144 482 2181 per
511 2144 551 2168 se
580 2130 780 2169 vniformis
807 2131 922 2180 plane
952 2129 1016 2179 sit,
1045 2142 1118 2167 nec
1147 2127 1306 2166 diuersis
1329 2127 1456 2166 modis
1485 2140 1524 2165 se
1553 2127 1698 2165 habere
1721 2125 1855 2175 possit.
1880 2127 1926 2163 In
1942 2126 2118 2174 subjecto

190 2185 304 2235 igitur
343 2184 427 2233 ipso
470 2195 627 2233 causas,
668 2195 922 2232 quaecunque
956 2182 1042 2220 illae
1083 2181 1177 2231 sint,
1214 2181 1501 2230 deprendamus
1529 2185 1696 2229 oportet.
1738 2180 1835 2217 Sunt
1862 2184 1991 2216 autem
2020 2177 2119 2215 duae

192 2236 352 2276 omnino
392 2247 531 2274 causae
572 2238 593 2274 e
629 2235 856 2274 conditione
891 2235 1054 2274 subiecti
1078 2233 1357 2284 procedentes:
1387 2235 1497 2283 Vna,
1525 2232 1633 2281 quod
1664 2231 1858 2281 singulare
1887 2229 2121 2274 subiectum,

193 2290 233 2328 id
264 2297 341 2339 est,
369 2290 490 2327 homo
519 2288 782 2337 vnusquisque
810 2288 849 2326 in
877 2301 918 2327 se
946 2295 1026 2326 tam
1054 2286 1175 2325 variat
1205 2288 1322 2335 quam
1349 2286 1458 2335 quod
1486 2284 1671 2334 maxime,
1694 2283 1985 2332 innumerisque
2001 2288 2121 2320 muta-

193 2341 363 2381 tionibus
391 2341 562 2382 ,infestus
603 2348 681 2379 est:
723 2342 873 2391 Altera,
910 2341 1019 2390 quod
1047 2339 1121 2378 alia
1147 2340 1197 2377 ab
1225 2338 1307 2377 aliis
1336 2337 1600 2387 maximopere
1632 2344 1720 2375 sunt
1749 2336 1976 2374 differentia.
2022 2335 2123 2373 Cum

193 2394 297 2433 enim
337 2394 438 2432 adeo
480 2393 528 2431 sit
569 2393 674 2431 varia
709 2407 756 2431 ac
783 2393 984 2443 multiplex
1012 2392 1278 2432 subiectorum
1305 2397 1387 2429 tum
1418 2390 1457 2428 in
1486 2403 1526 2429 se
1554 2389 1665 2439 ipsis,
1694 2396 1778 2427 tum
1805 2388 1905 2427 inter
1933 2401 1973 2426 se
2005 2387 2124 2437 ratio,

194 2447 356 2486 omnino
384 2446 502 2485 etiam
531 2445 677 2484 variare
704 2458 802 2495 opus
831 2453 888 2484 est
917 2447 1079 2484 modum
1105 2444 1219 2483 huius
1246 2444 1456 2493 sapientiae
1484 2441 1667 2481 subiectis
1696 2449 1777 2479 tam
1806 2440 2057 2480 mutabilibus
2085 2438 2123 2477 in

194 2513 235 2539 se
276 2513 322 2537 ac
363 2499 462 2537 inter
502 2512 542 2537 se
583 2498 849 2537 differentibus
877 2497 1124 2537 inhaerentis.
1167 2499 1227 2535 De
1257 2496 1385 2547 priore
1414 2494 1638 2534 mutationis
1668 2495 1789 2532 modo
1819 2494 1870 2532 ita
1899 2492 2123 2543 statuimus,

200 2554 239 2590 T
232 2554 310 2591 lies.
339 2564 480 2590 XXXVI.
509 2553 560 2589 [ιι
588 2564 808 2600 vlloqlloque
834 2553 969 2590 variat
1000 2552 1233 2599 Theologia;
1261 2551 1352 2599 quia
1379 2550 1477 2587 inest
1502 2548 1948 2598 vniczliqueprincipium
1964 2547 2126 2596 duplex,

194 2611 338 2643 natura
380 2607 429 2642 ἔφ’
457 2606 597 2653 gratia
608 2615 619 2640 .·
647 2617 812 2654 quarum
839 2605 945 2642 illam
973 2605 1150 2648 diminui,
1180 2604 1280 2640 lianc
1308 2603 1447 2650 augeri·
1472 2613 1615 2639 necesse
1646 2606 1720 2648 est,
1748 2601 1791 2637 de
1812 2601 1948 2648 gloria
1975 2600 2015 2636 in
2040 2599 2123 2646 glo-

198 2660 298 2695 riam
339 2659 479 2696 virtute
511 2658 703 2708 Spiritus,
731 2658 780 2694 ἐφ’
807 2657 963 2706 efficacc
997 2657 1226 2705 Theologiae
1253 2655 1599 2693 conmzmiicatimie.
1636 2651 1780 2690 Mutari
1807 2651 1847 2689 in
1875 2664 1959 2690 sese
1986 2661 2124 2688 vnum-

200 2722 412 2760 quemque,
455 2723 501 2748 ac
542 2709 707 2759 proinde
746 2709 785 2747 in
819 2709 960 2748 eodem
990 2708 1130 2748 mutari
1159 2708 1323 2747 modum
1351 2705 1615 2757 Theologiae,
1643 2704 1864 2743 communis
1890 2701 2124 2754 experientia

1965 2761 2125 2793 testatur
