2334 3020
247 106 324 141 444
960 102 1231 129 ErREN1cl
1272 101 1410 129 PARS
1450 101 1478 130 1.

243 211 369 249 minus
397 220 594 248 summum
624 208 681 246 ius
710 207 996 267 imperitimque
1025 221 1178 258 semper
1206 209 1241 245 &
1271 206 1583 246 constantissime
1613 207 1685 246 sibi
1714 207 1939 246 vindicauit.
1984 210 2122 259 Itaque
2157 209 2195 248 in

243 264 409 302 Politico
438 262 509 300 fuit
539 262 638 300 ordo
668 268 906 311 potestatum
934 261 1034 300 inter
1063 274 1122 311 se,
1152 268 1235 299 tum
1264 273 1439 299 summae
1468 272 1569 310 quae
1598 260 1706 310 regia
1735 261 1961 312 dicebatur
1990 268 2073 299 tum
2102 266 2196 302 vero

242 317 467 357 inferiorum
510 328 557 352 ex
601 315 757 353 ordine:
796 326 913 363 quem
951 314 1130 353 ordinem
1166 321 1381 364 potestates
1417 313 1505 351 illae
1543 326 1702 372 omnes,
1741 315 1776 352 &
1804 313 1904 352 inter
1932 327 1972 352 se
2001 314 2129 366 ipsae
2157 316 2193 354 &

243 382 334 419 erga
369 381 437 407 eos
473 367 538 417 qui
566 367 658 417 ipsis
688 369 872 406 suberant
901 369 937 405 &
966 367 1167 405 commissi
1195 375 1306 405 erant
1335 365 1663 404 administrationi
1690 366 1885 417 ipsorum,
1917 367 2194 408 obseruabant.

241 424 286 460 In
315 420 595 460 Ecclesiastico
623 424 717 459 vero
747 427 856 458 erant
885 421 1018 458 omnia
1047 419 1345 470 ministratoria
1373 421 1396 457 a
1424 419 1512 457 solo
1540 419 1616 457 Dei
1643 419 1809 470 imperio
1837 420 2070 470 pendentia
2093 422 2193 460 &ad

245 475 413 514 vniuersi
441 474 643 512 vtilitatem
673 475 799 511 solum
826 472 1118 533 pertendentia:
1147 473 1246 511 adeo
1275 480 1316 510 vt
1355 471 1666 522 ne1p51qu1dem
1682 471 1877 511 sacerdoti
1894 484 2047 511 summo
2062 474 2192 513 liceret

243 528 282 566 in
311 541 352 566 re
380 527 579 577 incognita
607 527 839 577 quidquam
871 527 944 565 nisi
972 528 1152 565 consulto
1184 538 1252 565 ore
1282 525 1465 577 Domini
1488 526 2029 575 statuere:quemadmodum
2045 526 2194 577 aliquot

245 581 439 632 exemplis
466 580 506 618 in
533 580 642 619 libris
669 581 793 619 Mosis
821 579 1050 619 ostenditur.

296 637 358 674 De
400 633 459 673 his
495 647 588 684 ergo
625 633 883 684 potestatibus
919 633 992 671 tria
1029 639 1118 671 sunt
1154 644 1255 683 quae
1293 632 1492 683 Propheta
1518 633 1596 670 hoc
1623 643 1738 670 versu
1765 631 1944 670 distincte
1972 633 2191 682 praedicat:

246 689 418 727 Primum
461 688 664 736 quodnam
701 686 748 725 sit
786 686 961 725 officium
997 687 1135 724 harum
1165 693 1442 752 postestatum:
1473 686 1720 736 Secundum,
1749 685 1815 734 qui
1843 687 2026 725 custodes
2055 686 2192 736 officij:

246 741 423 779 Tertium
466 740 638 790 denique
673 740 796 790 qualis
837 752 969 778 earum
1008 739 1234 777 constitutio
1263 741 1286 777 a
1312 739 1502 778 Domino.
1545 738 1729 777 Officium
1759 738 2002 777 demonstrat
2030 740 2194 790 Psaltes,

249 796 338 833 cum
369 795 528 832 thronos
557 795 728 844 appellat
758 795 860 831 iuri:
888 793 1074 831 custodes
1105 795 1140 831 &
1169 796 1438 842 νομοφύλακας
1466 791 1667 842 exprimit,
1693 791 2057 842 dicendo,tlzr0n08
2070 795 2201 831 domui

248 849 426 887 Dam'dz‘s
463 846 678 898 institutos3
709 846 1040 886 Constitutionem
1070 848 1163 885 vero
1191 846 1367 895 pauculis
1395 846 1522 884 verbis
1551 844 1764 884 declarauit
1791 844 1944 896 dicens,
1972 847 2050 884 illic
2079 848 2198 884 consi-

247 903 360 940 dere:
389 899 430 938 id
457 906 587 938 autem
617 907 695 949 est,
724 898 1025 949 Hierosolymis.

298 955 363 992 Ius
396 960 527 991 autem
556 953 807 1003 officiumque
835 954 886 991 ad
914 958 1128 1002 potestates
1154 950 1352 1002 pertinens
1375 965 1447 1002 pro
1473 951 1703 991 conditione
1719 962 1873 1001 earum,
1888 952 1923 989 &
1939 951 2195 991 condititione

252 1016 499 1058 temporum,
528 1005 632 1045 varie
661 1006 999 1057 circumscriptum
1031 1013 1100 1044 est.
1129 1006 1232 1043 Nam
1261 1006 1351 1043 cum
1381 1012 1619 1055 potestatum
1647 1005 1743 1043 aliae
1757 1005 2195 1055 humanae&politicae

253 1061 350 1110 sint,
393 1060 490 1098 aliae
532 1059 689 1098 diuinae
730 1062 765 1098 &
806 1059 1129 1110 Ecclesiasticae3
1170 1057 1345 1097 similiter
1377 1058 1569 1098 rationem
1606 1058 1696 1097 iuris
1724 1071 1885 1097 necesse
1913 1065 1970 1097 est
1997 1058 2195 1109 duplicem

253 1113 471 1153 obseruari:
514 1125 655 1163 Vnam,
698 1113 853 1151 ciuilem
891 1115 926 1152 &
968 1113 1202 1161 humanam
1239 1112 1454 1150 secundum
1497 1124 1616 1162 quam
1655 1111 1858 1150 hominem
1886 1111 1984 1150 inter
2011 1112 2191 1150 homines

255 1179 414 1206 necesse
443 1173 500 1205 est
527 1166 725 1216 inculpate
755 1168 790 1205 &
819 1165 902 1205 sine
932 1165 1092 1204 crimine
1121 1164 1285 1203 ciuiliter
1312 1165 1464 1204 viuere:
1494 1167 1655 1204 alteram
1684 1164 1921 1215 spiritualem
1950 1164 2195 1216 &diuinam,

258 1221 471 1259 secundum
508 1231 626 1269 quam
655 1232 815 1258 necesse
844 1227 901 1258 est
928 1219 1131 1257 hominem
1162 1230 1359 1268 quemque
1387 1231 1521 1258 coram
1549 1218 1726 1257 Domino
1755 1219 1956 1257 ambulare
1981 1218 2196 1270 inculpate,

255 1277 290 1313 &
334 1286 417 1312 esse
458 1274 674 1323 integrum,
720 1280 760 1310 vt
802 1273 1024 1311 continetur
1065 1271 1194 1310 verbis
1231 1272 1400 1310 foederis
1435 1273 1544 1322 quod
1578 1273 1687 1310 Deus
1720 1271 1813 1310 olim
1848 1283 1939 1309 cum
1966 1272 2195 1310 Abrahamo

254 1327 415 1377 pepigit.
444 1327 545 1365 Gen.
581 1337 638 1374 17.
673 1339 704 1363 1.
733 1326 831 1365 Iuris
860 1325 1020 1364 humani
1041 1332 1252 1375 praecepta
1275 1325 1348 1363 tria
1362 1327 1575 1375 prudentes
1591 1325 2029 1376 tradiderunt3honeste
2045 1324 2197 1376 viuere,

253 1382 416 1419 alterum
445 1392 526 1417 non
554 1379 726 1425 laedere,
757 1381 791 1418 δι
820 1391 932 1417 51111111
963 1378 1106 1428 cuique
1134 1378 1312 1416 tribuere.
1341 1379 1424 1417 Etsi
1451 1380 1549 1419 haec
1580 1380 1682 1427 duo,
1705 1377 1736 1417 si
1759 1377 1846 1428 quis
1860 1377 2076 1416 accuratius
2090 1379 2197 1417 volet

255 1434 499 1483 expendere,
527 1432 578 1470 ad
606 1444 726 1470 vnum
755 1433 790 1470 &
818 1433 922 1471 idem
953 1431 1135 1470 videntur
1162 1432 1365 1481 pertinere.
1395 1433 1497 1470 Nam
1529 1433 1597 1482 qui
1625 1443 1737 1469 suum
1766 1431 1906 1481 cuique
1933 1431 2087 1479 tribuit,
2115 1444 2196 1470 non

250 1486 370 1525 laedit
400 1487 585 1524 alterum:
615 1486 650 1524 &
674 1493 812 1524 contra
840 1486 907 1535 qui
933 1485 1052 1524 laedit
1083 1485 1266 1535 alterum,
1296 1497 1408 1523 suum
1436 1485 1578 1535 cuique
1605 1484 1765 1523 minime
1782 1484 1926 1523 tribuit.
1952 1484 2050 1523 Iuris
2065 1492 2194 1523 autem

253 1539 375 1578 diuini
401 1545 587 1590 precepta
614 1538 645 1576 si
673 1538 759 1587 quis
787 1539 825 1577 in
853 1551 980 1595 pauca
1007 1538 1112 1577 volet
1140 1538 1391 1597 contrahere,
1422 1539 1634 1577 commode
1663 1538 1792 1576 verbis
1820 1538 1929 1576 Pauli
1955 1549 2092 1575 vsurus
2116 1545 2193 1586 est,

252 1593 303 1632 ad
330 1592 464 1630 Titum
495 1591 698 1630 scribentis
727 1592 804 1630 hoc
838 1590 980 1641 m'odo,
1008 1591 1142 1629 Illuxit
1170 1590 1291 1641 gratia
1318 1591 1382 1630 illa
1411 1592 1486 1630 Dei
1513 1591 1707 1630 salutifera
1735 1590 1934 1641 quibusuis
1949 1590 2195 1650 horninibus,

252 1645 434 1684 erudiens
476 1657 572 1704 nost,
612 1651 654 1683 vt
690 1645 883 1704 abnegata
915 1644 1114 1695 impietate
1142 1645 1178 1682 &
1207 1644 1414 1683 mundanis
1442 1644 1740 1695 cupiditatibus,
1770 1644 1919 1693 sobrie,
1948 1645 1983 1682 &
2012 1643 2129 1695 iuste,
2157 1645 2193 1682 &

252 1698 319 1750 pio
347 1698 524 1736 viuamus
552 1698 591 1735 in
621 1699 814 1757 praesenti
842 1699 994 1744 seculo,
1025 1704 1274 1747 expectantes
1302 1699 1458 1736 beatam
1482 1698 1586 1736 illam
1602 1711 1710 1747 spem
1727 1698 1965 1736 &illustrem
1981 1698 2194 1736 aduentum

253 1752 361 1790 illum
402 1750 549 1802 gloriae
578 1751 709 1800 magni
735 1751 835 1790 illius
863 1751 939 1789 Dei
968 1764 1015 1789 ac
1043 1750 1246 1789 seruatoris
1274 1752 1361 1789 Iesu
1391 1751 1553 1801 Christi,
1581 1752 1657 1789 Tit.
1690 1765 1724 1790 2.
1758 1765 1816 1790 11.
1846 1751 1886 1799 (f.
1919 1752 2010 1800 719)
2044 1764 2195 1800 12.13.

252 1806 354 1844 Nam
398 1817 471 1855 pro
515 1816 562 1842 eo
604 1804 712 1853 quod
749 1806 943 1843 humanae
981 1803 1145 1842 iustitiae
1181 1803 1478 1843 fundamentum
1507 1811 1564 1843 est
1592 1812 1747 1843 natura:
1755 1806 1813 1864 .&
1842 1806 1926 1854 lux,
1956 1803 2196 1864 conscientia

253 1910 447 1962 salutaris·
475 1912 510 1948 &
538 1911 605 1948 lux
634 1910 802 1960 gratiae,
832 1911 927 1949 fides
955 1912 994 1948 in
1023 1910 1262 1949 conscientia
1289 1910 1597 1949 domesticorum
1625 1910 1699 1949 Dei
1727 1912 1762 1948 &
1784 1923 1939 1960 piorum
1954 1909 2195 1950 illucescens

253 1966 329 2002 Pro
373 1976 422 2002 eo
463 1963 585 2023 quod
612 1976 737 2024 opera
773 1964 969 2003 humanae
990 1963 1156 2002 iustitiae
1184 1963 1284 2002 illius
1312 1972 1512 2014 ponuntur
1540 1977 1585 2003 ea
1613 1975 1713 2014 quae
1741 1964 1859 2014 paulo
1889 1965 1978 2002 ante
2007 1962 2196 2015 diximus,

253 2077 415 2109 naturae
444 2077 675 2120 corruptae,
704 2071 883 2120 adeoque
909 2070 994 2121 ipsa
1021 2069 1221 2120 corruptio
1251 2082 1351 2120 quae
1379 2032 1569 2110 inhaeret
1579 2069 1717 2118 nobis,
1740 2072 1775 2108 &
1797 2082 1905 2108 arma
1919 2081 2079 2119 quaeuis
2095 2068 2195 2108 1lhus

256 2125 519 2173 depellantur:
549 2124 735 2174 alterum,
763 2131 804 2162 vt
832 2137 954 2174 opera
981 2123 1077 2162 lucis
1104 2125 1167 2161 vel
1194 2124 1340 2162 fructus
1369 2124 1522 2174 spiritus
1550 2123 1840 2174 progignamus.
1871 2124 2027 2161 Horum
2054 2123 2196 2161 modus

255 2177 414 2227 triplex:
457 2176 632 2235 Primus,
676 2183 854 2227 respectu
889 2177 1032 2227 nostri,
1066 2177 1237 2236 prudens
1273 2178 1308 2214 &
1335 2177 1500 2228 peruigil
1527 2177 1737 2227 sobrietas,
1765 2189 1815 2214 ne
1843 2176 2195 2214 circumueniamur

255 2231 305 2268 ab
334 2229 560 2268 extrinsecis
592 2229 900 2281 impedimentis,
928 2237 993 2268 aut
1026 2229 1249 2268 extrinsecis
1278 2230 1638 2290 perturbationibus
1665 2229 1826 2268 nostris:
1857 2229 2076 2278 Secundus,
2105 2241 2195 2279 erga

255 2282 375 2333 alios,
403 2282 565 2331 iustitia,
594 2294 672 2333 qua
700 2283 839 2321 damus
864 2296 1024 2334 operam
1053 2290 1204 2333 mente,
1232 2284 1382 2334 animo,
1410 2296 1611 2335 sermone,
1640 2285 1765 2334 facto,
1793 2294 1962 2332 nequem
1977 2282 2194 2332 laedamus,

257 2336 325 2375 sed
357 2347 468 2374 suurn
497 2336 638 2386 cuique
669 2337 883 2374 tribuamus
910 2349 1044 2375 coram
1072 2336 1269 2387 Ι)01111110,
1304 2338 1328 2375 a
1355 2348 1435 2386 quo
1464 2337 1594 2376 vocati
1621 2348 1753 2375 511111115
1779 2335 1819 2373 111
1847 2335 1991 2374 vnitate
2019 2334 2194 2394 spiritus:

254 2388 408 2428 Tertius
449 2401 540 2438 erga
567 2391 719 2438 Deum,
747 2389 886 2440 pietas,
915 2401 992 2439 qua
1019 2391 1148 2428 Deum
1178 2389 1357 2440 religiose
1385 2390 1662 2440 cognoscimus
1690 2390 1952 2439 colimusque,
1979 2390 2015 2427 &
2042 2388 2082 2425 in
2110 2387 2196 2438 ipso

255 2441 575 2493 recognoscimus
604 2453 863 2492 quoscunque
892 2449 1011 2481 vocat
1038 2444 1089 2481 ad
1112 2442 1453 2504 participationem
1471 2444 1644 2482 eiusdem
1659 2443 1815 2494 gratiae.
1844 2442 2049 2480 Postremo
2065 2448 2195 2479 autem

252 2509 324 2546 pro
369 2508 417 2533 eo
460 2496 569 2544 quod
610 2497 780 2533 humana
824 2495 889 2534 illa
931 2503 1047 2546 atque
1083 2495 1210 2534 ciuilis
1244 2496 1407 2547 iustitia,
1435 2496 1474 2535 in
1502 2496 1673 2535 terminis
1704 2495 1867 2534 miserae
1894 2495 2008 2533 huius
2036 2499 2197 2531 naturae

250 2548 555 2599 conquiescens,
583 2548 677 2586 nihil
704 2551 810 2587 certo
840 2549 958 2587 habet
988 2552 1067 2599 quo
1096 2549 1252 2588 vlterius
1280 2557 1434 2599 praeter
1460 2551 1562 2588 hanc
1586 2549 1704 2588 vitam
1720 2548 1915 2599 respiciat,
1933 2546 2112 2585 salutaria
2130 2547 2195 2584 illa

253 2608 463 2650 praecepta
490 2601 565 2639 Dei
592 2614 664 2639 nos
693 2602 743 2639 ad
772 2614 882 2651 spem
911 2602 1058 2651 gloriae
1087 2603 1122 2640 &
1150 2602 1297 2652 gratiae
1312 2603 1503 2651 excitant,
1519 2615 1619 2652 quae
1635 2602 1835 2641 hominem
1860 2603 1921 2639 vel
1936 2599 2193 2638 miserrimum

255 2655 290 2692 &
322 2653 676 2704 desperatissimum
707 2665 823 2704 supra
850 2655 953 2693 hanc
981 2664 1160 2694 naturam
1188 2655 1311 2706 possit
1338 2657 1388 2695 ad
1415 2655 1512 2694 boni
1541 2656 1682 2695 summi
1709 2653 2020 2705 expectationem
2037 2652 2194 2701 erigere.

312 2759 375 2799 Ad
416 2763 513 2800 haec
555 2762 635 2799 duo
676 2759 787 2814 iuris,
832 2761 1045 2810 corporalis
1084 2762 1242 2813 inquam
1277 2763 1312 2800 &
1351 2762 1576 2814 spiritualiS,
1611 2760 1834 2800 humani&
1864 2759 2004 2808 diuini,
1998 2769 2190 2850 lgenera,

2006 2820 2020 2851 t
2050 2822 2192 2860 ronos,
