2334 3020
894 86 1305 118 PRAEFATIO.
2036 91 2082 120 IX

140 221 267 258 num,
302 206 378 248 vix
405 205 541 246 ullum
576 205 788 257 reperies;
837 210 879 245 et
917 204 951 245 si
984 218 1119 258 usque
1153 203 1209 245 ad
1243 203 1524 245 alumnorum
1552 204 1794 244 descendas
1821 203 2004 253 forulos,
2042 206 2084 245 in

138 281 325 309 vacuum
364 266 581 321 impinges
620 265 725 306 satis
757 264 1044 320 completum.
1088 265 1185 306 Tali
1218 271 1367 306 autem
1399 270 1638 319 tantaeque
1669 265 1852 318 egestati
1884 266 2087 307 subveni-

139 329 302 370 endum
345 330 468 369 erat!
533 327 634 367 Non
681 332 828 380 potest
868 327 1042 381 penitus
1080 326 1308 368 historiam
1353 327 1531 368 scrutari
1579 325 1972 380 defunctorumque
2004 328 2086 368 sibi

134 403 341 431 renovare
372 388 542 439 faciem,
576 387 677 441 qui,
725 389 783 429 ad
817 387 955 429 relata
986 388 1044 428 ab
1078 388 1174 428 aliis
1205 387 1456 441 ablegatus,
1492 388 1583 441 ipse
1611 388 1787 441 propria
1811 388 1942 429 situla
1975 402 2084 441 quo-

137 452 278 491 minus
311 450 482 490 hauriat
508 463 535 489 a
562 448 756 488 fontibus
785 448 1056 502 prohibetur.
1102 449 1194 489 Iam
1222 449 1416 502 gaudent
1439 448 1641 502 papistici
1671 448 1868 502 theologi
1887 449 2084 490 nitidiore

137 524 215 552 sua
246 516 435 565 patrum,
463 509 809 558 scolasticorum,
843 516 1094 550 sanctorum
1119 510 1323 551 editione.
1355 507 1444 550 Sua
1471 510 1604 551 etiam
1629 510 1823 563 gaudent
1851 509 1874 550 e‘
1902 509 2085 551 Lutheri

139 572 322 614 ecclesia
364 570 518 612 fratres
567 570 964 611 ecclesiasticorum
1007 571 1249 611 emissione.
1313 568 1417 611 Sola
1457 576 1606 611 nostra
1638 570 1872 612 reformata
1903 571 2086 612 ecclesia

137 633 194 673 ad
233 632 351 673 hunc
383 645 521 686 usque
554 632 672 672 diem
705 632 881 685 opimae
914 645 1019 672 suae
1051 639 1184 685 atque
1216 632 1557 685 pretiosissimae
1590 632 1798 685 pristinae
1831 633 2085 673 eruditionis

138 707 216 734 usu
239 698 358 734 caret
384 699 518 746 atque
545 692 700 733 fructu.
728 693 895 733 Idcirco
922 692 1228 746 theologorum
1256 699 1428 733 nostrae
1457 693 1750 734 universitatis
1769 695 1878 734 ordo
1897 694 2083 741 censuit,

140 768 298 795 novam
332 753 805 808 praestantissimorum
830 768 853 794 e
879 754 1039 794 nostris
1072 767 1250 807 quoque
1281 754 1471 794 virorum
1504 754 1808 795 adornandam
1835 768 1930 795 esse
1957 769 2083 808 opus—

136 815 334 855 culorum
367 815 624 864 editionem,
654 815 776 855 cuius
809 815 1020 868 primitias
1053 821 1186 868 atque
1212 814 1344 856 veluti
1370 816 1596 868 specimen
1626 829 1740 856 nunc
1769 815 1856 856 iam
1890 816 2085 856 ecclesiis

136 875 381 917 reformatis
415 882 464 917 ut
496 881 539 916 et
570 876 668 915 orbi
701 875 894 916 litterato
927 875 1079 925 offero,
1113 876 1234 927 dico,
1270 877 1548 918 commendo.
1599 875 1657 917 Et
1688 875 1797 917 haec
1831 877 2009 930 quidem
2030 878 2084 917 de

138 936 432 979 bibliothecae
465 937 632 990 origine
665 936 890 977 haetenus,

196 997 251 1038 V.
314 997 382 1038 De
429 997 610 1038 consilio
652 1003 827 1038 nostrae
864 996 1159 1037 bibliothecae
1198 997 1365 1037 nonnisi
1401 997 1664 1050 paucissima
1697 998 1874 1039 addam.
1938 999 2084 1039 Prouti

137 1058 250 1098 vires
294 1058 431 1099 ferent
473 1066 515 1099 et
559 1063 773 1098 emtorum
817 1072 978 1098 corona
1010 1063 1263 1111 susceptum
1298 1058 1339 1097 in
1374 1059 1466 1098 foro
1500 1058 1676 1099 librario
1710 1059 1929 1112 probabit,
1964 1060 2085 1113 prelo

137 1120 249 1159 serie
278 1120 590 1160 submittentur
622 1118 835 1172 opuscula
868 1119 1127 1172 pretiosiora
1159 1117 1381 1172 Zwinglii,
1416 1118 1608 1168 Calvini,
1659 1119 1918 1173 Bullingeri‚
1969 1121 2084 1161 Mus-

137 1179 244 1229 culi,
279 1179 494 1234 Martyris,
523 1180 712 1229 Knoxii‚
742 1180 907 1228 Bezae,
938 1179 1146 1232 Hyperii,
1174 1179 1376 1230 Zanchii,
1406 1179 1636 1231 Perkinsii‚
1667 1180 1834 1230 Ursini,
1866 1180 2084 1231 Oleviani,

138 1240 478 1290 Trelcatiorum,
508 1241 639 1289 Iunii,
666 1240 870 1290 Gomari,
905 1240 1114 1293 Altingii,
1152 1239 1343 1291 Walaei,
1368 1241 1535 1292 Riveti,
1570 1241 1740 1292 Voetii,
1775 1242 2088 1289 Rutherfordii,

137 1300 332 1342 aliorum.
382 1301 628 1355 Quotannis
668 1315 803 1341 unum
846 1301 888 1341 in
932 1300 1075 1341 lucem
1108 1301 1302 1354 prodibit
1333 1301 1553 1343 volumen.
1614 1302 1779 1343 Charta
1812 1303 2084 1344 adhibebitur

138 1362 272 1415 digna
305 1363 347 1402 in
380 1375 515 1415 quam
546 1376 714 1402 vermes
746 1375 871 1402 suam
898 1367 1131 1402 exerceant
1163 1363 1461 1403 voracitatem.
1506 1363 1833 1417 Tegumentum
1868 1366 2083 1405 membra-

137 1436 268 1462 neum
301 1423 395 1464 erit.
445 1423 608 1463 Forma
640 1423 831 1463 nitidior.
881 1421 1058 1476 Quippe
1090 1423 1211 1476 digni
1239 1423 1598 1465 excellentissimi
1631 1425 1732 1474 viri,
1762 1439 1874 1478 quos
1908 1426 1992 1466 iam
2028 1441 2083 1466 cx

135 1483 313 1536 indigna
345 1483 722 1537 expergefacimus
751 1484 995 1533 oblivione,
1030 1483 1228 1537 talesque
1254 1485 1518 1526 videbantur
1535 1499 1561 1526 a
1582 1499 1769 1539 quorum
1789 1489 2082 1528 monumentis

135 1557 265 1585 omne
298 1546 417 1598 quod
451 1543 662 1585 incultam
696 1545 912 1585 redoleret
945 1545 1266 1594 rusticitatem,
1294 1553 1616 1601 quantumpote
1648 1553 1876 1588 arceretur.

194 1605 270 1645 VI.
311 1605 357 1645 A
376 1605 610 1646 Francisco
629 1606 754 1646 Iunio
771 1605 1051 1647 inchoabitur
1069 1605 1341 1648 bibliotheca
1362 1614 1521 1648 nostra.
1556 1607 1724 1661 Quodsi
1744 1623 1887 1662 rogaS‚
1907 1622 1984 1649 cur
2001 1609 2087 1649 tale

133 1665 413 1707 instituamus
439 1667 686 1716 exordium,
722 1667 837 1707 idem
866 1668 1184 1721 respondeatur
1206 1667 1285 1708 tibi
1310 1670 1429 1722 quod
1446 1670 1677 1723 inquirenti
1696 1669 1801 1710 olim
1819 1669 1874 1710 dc
1890 1670 2086 1723 gentium

134 1727 286 1767 ordine
318 1728 360 1767 in
393 1728 569 1768 navium
603 1729 724 1781 apud
758 1728 1003 1768 Homerum
1037 1729 1273 1782 catalogo:
1309 1728 1418 1782 „Sin
1438 1730 1494 1770 ab
1514 1730 1619 1781 alio,
1656 1744 1855 1784 rogasses
1885 1731 2004 1784 quini
2033 1733 2088 1771 ab

133 1787 207 1827 illo
223 1786 261 1828 !’'
311 1788 404 1829 Nec
426 1789 582 1830 desunt
603 1794 752 1829 tamen
774 1789 1026 1843 plausibiles
1041 1822 1050 1838 ,
1085 1803 1160 1830 cur
1187 1791 1231 1830 in
1259 1789 1371 1831 Iunii
1394 1792 1539 1845 potius
1558 1791 1702 1846 illapsi
1722 1792 1857 1832 simus
1876 1806 2085 1839 messem,

132 1855 265 1902 atque
293 1850 543 1902 probabiles
570 1851 773 1890 rationes.
824 1850 1002 1903 Ubique
1036 1851 1186 1891 Iunius
1213 1852 1378 1893 docuit.
1430 1852 1479 1892 In
1514 1851 1685 1903 Gallia,
1722 1854 1764 1893 in
1791 1852 2008 1902 Helvetia,
2044 1854 2085 1893 in

131 1908 385 1961 Germania,
420 1911 463 1950 in
496 1911 661 1964 Belgiu,
696 1912 815 1964 apud
849 1917 1078 1952 nostrates.
1112 1912 1162 1952 In
1186 1913 1338 1966 paucis
1356 1913 1418 1954 vir
1437 1914 1666 1967 primarius
1686 1913 1763 1954 fuit
1780 1921 1823 1955 et
1842 1915 2083 1967 palmarius

134 1969 244 2020 fere,
279 1973 336 2013 de
368 1985 456 2025 quo
485 1972 772 2012 intermortuo
797 1971 946 2013 lumen
975 1987 1080 2013 suae
1113 1975 1288 2020 aetatis,
1327 1972 1600 2028 Scaligerum
1634 1975 1755 2025 volo,
1791 1976 1899 2015 tristi
1933 1976 2088 2015 cecinit

134 2031 325 2073 carmine
359 2033 562 2083 „duabus
589 2032 709 2073 horis
738 2041 836 2087 post
864 2035 1056 2075 mediam
1091 2040 1268 2075 noctem
1297 2035 1352 2076 de
1384 2035 1592 2086 lectulo’',
1626 2042 1673 2077 ut
1700 2035 1869 2078 addidit
1903 2037 2025 2090 ipsc:

555 2093 650 2146 „Te
679 2108 878 2135 moerens
911 2094 1032 2136 scola
1065 2094 1140 2136 flet
1171 2109 1298 2136 suum
1334 2097 1589 2150 magistrum

553 2154 677 2196 Orba
710 2156 898 2197 ecclesia
928 2163 971 2197 te
1004 2170 1132 2197 suum
1164 2157 1393 2198 Parentem

555 2215 796 2257 Doctorem
829 2218 967 2270 gemit
999 2217 1119 2258 orbis
1153 2219 1424 2259 universus.'’

131 2273 301 2328 Quibus
331 2275 514 2325 accedit,
546 2277 720 2318 Iunium
746 2292 803 2318 ex
831 2279 882 2318 iis
911 2278 1062 2327 fuisse,
1097 2279 1169 2332 qui
1188 2280 1389 2332 quamvis
1407 2285 1583 2321 strenue
1602 2286 1644 2321 et
1666 2279 1845 2321 firmiter
1863 2281 2091 2323 doctrinae

133 2335 373 2388 Augustini
401 2337 491 2377 sive
519 2336 687 2378 Calvini
715 2339 891 2379 nomine
923 2339 1178 2393 divulgatae
1211 2341 1401 2390 addicti,
1435 2347 1588 2382 tamen
1607 2343 1802 2383 nondum
1822 2342 2092 2383 inevitabilia

134 2410 310 2449 prorsus
338 2398 668 2450 augurabantur
695 2399 947 2440 discrimina
981 2414 1125 2441 rerum
1154 2407 1287 2455 atque
1310 2401 1527 2456 periCula‚
1567 2417 1683 2458 quae
1713 2417 1819 2444 mox
1850 2418 1876 2444 a
1910 2403 2089 2452 Grotio,

133 2457 351 2506 Arminio,
385 2457 625 2513 Episcopio
658 2474 758 2501 cum
780 2460 1012 2511 ecclesiae,
1047 2469 1143 2502 tum
1161 2463 1333 2516 patriae
1354 2464 1647 2505 imminerent.
1683 2464 1801 2506 Hinc
1818 2465 1983 2506 factum
2003 2470 2091 2513 est,

133 2518 222 2558 eius
242 2531 398 2559 nomen
418 2533 505 2560 non
523 2526 696 2562 tantum
714 2523 830 2575 apud
848 2521 1126 2572 CalvinistaS,
1144 2537 1297 2564 verum
1316 2525 1450 2565 etiarn
1465 2527 1583 2579 apud
1600 2526 1966 2567 Remonstrantes
1983 2527 2094 2567 bene

132 2592 307 2632 semper
323 2580 540 2621 audivisse
557 2582 794 2635 audireque
811 2584 1077 2626 etiamnunc.
1097 2584 1308 2625 Nondum
1324 2586 1394 2626 via
1407 2585 1632 2627 Ecclesiae
1651 2593 1755 2627 tunc
1779 2588 1821 2627 in
1840 2587 2030 2628 diversas
2049 2600 2095 2626 se

131 2640 349 2680 scinderat
365 2647 523 2694 partes.
548 2640 708 2683 Stabat
724 2643 870 2684 Iunius
883 2645 1017 2685 etiam
1036 2645 1145 2686 citra
1156 2645 1334 2686 bivium.
1360 2646 1478 2687 Hinc
1498 2648 1730 2698 eximium,
1752 2662 1840 2701 quo
1865 2648 2096 2688 ecclesiam

132 2700 400 2751 consolatus,
434 2701 631 2744 hortatus
663 2710 732 2745 est
758 2703 998 2746 srenicum.
1062 2705 1179 2746 Hinc
1207 2712 1250 2747 et
1281 2708 1470 2749 nominis
1499 2709 1743 2750 collaudati
1779 2709 2097 2751 bibliothecam

132 2767 327 2803 nostram
355 2776 444 2816 quo
473 2764 711 2805 ordiremur
737 2766 1076 2807 commendatio.
1825 2770 1925 2811 VII.
1968 2769 2097 2824 Quod
