2334 3020
276 117 349 154 206
900 126 1113 153 ΤΗΕ5Ε5
1154 125 1585 154 THEOLofflcAE.

270 235 335 271 fiat
374 232 640 281 inefficaciter,
667 231 747 270 siue
773 239 855 270 tum
884 232 1031 270 interne
1061 240 1142 270 tum
1171 238 1327 271 externe
1356 234 1565 272 efficaciter
1592 234 1643 272 ad
1672 235 1849 272 salutem.
1894 235 2027 274 Priore
2056 238 2200 290 modo,

271 286 380 323 multi
407 286 587 323 dicuntur
615 284 758 333 vocati,
789 284 1001 344 posteriore
1032 285 1146 334 pauci
1174 285 1297 323 electi.
1336 288 1575 325 Asamum.
1611 287 1667 324 16.

325 351 361 387 3.
415 338 582 376 Vocatio
611 337 714 376 enim
741 338 839 376 haec
866 338 1035 388 gratiosa
1062 339 1112 376 ad
1134 339 1296 376 salutem
1312 339 1574 398 distinguitur,
1596 346 1712 389 provt
1726 339 1775 376 ab
1792 340 1984 379 effectum
2000 343 2199 382 efficacem

273 394 307 430 δι
336 391 595 440 inefficacem,
623 390 675 428 ita
702 390 822 429 modo
851 390 1054 429 vocandi
1044 404 1083 429 in
1110 398 1308 429 externam
1340 394 1375 430 δι
1404 392 1619 442 internam,
1647 404 1713 430 seu
1742 392 1780 430 in
1809 396 2201 434 communem&sin-

270 445 456 494 gularem.
485 444 597 492 Quae
624 444 715 482 licet
742 443 781 481 in
808 443 1002 482 ordinaria
1031 444 1238 482 vocatione
1265 445 1315 482 ad
1344 446 1508 483 salutem
1535 445 1812 483 subordinatae
1825 453 1935 496 sunt,
1959 460 2030 496 pro
2046 447 2200 487 diuerso

269 505 397 535 tamen
426 504 603 547 respectu
631 498 666 534 δε
695 496 957 535 subiectorum
986 497 1091 535 varia
1120 497 1268 536 ratione
1297 497 1498 549 differunt,
1528 505 1641 548 provt
1657 511 1704 536 ex
1719 499 1983 548 subsequente
1998 512 2201 540 causarum

270 551 561 600 comparatione
588 550 748 600 patebit.

322 616 359 648 4.
413 605 514 640 Nam
554 602 772 641 vocationis
812 609 993 641 externae
1035 605 1090 652 (vt
1132 604 1180 641 de
1221 602 1285 641 illa
1312 603 1441 653 priore
1469 606 1559 642 loco
1587 606 1760 654 agamus)
1789 618 1908 642 cerusa
1939 606 2113 654 efficiens
2142 615 2198 646 est

263 659 534 714 φιλανθρωπία
577 656 670 706 Dei,
712 667 780 694 seu
821 669 1016 706 propensa
1055 669 1103 694 ex
1138 669 1179 694 se
1207 657 1258 694 ad
1286 656 1508 695 hominibus
1537 656 1860 695 benefaciendum
1889 660 2090 709 voluntas,
2119 672 2199 709 quo

263 716 441 757 respectu
468 721 687 747 ammarum
715 722 849 747 amans
879 710 914 746 &
942 710 1122 747 Saluator
1149 709 1353 748 hominum
1381 710 1420 747 in
1447 709 1636 760 scriptura
1664 712 1892 759 appellatur.
1927 725 1958 749 1.
1995 713 2090 750 Tim.
2108 726 2143 759 4.
2160 715 2198 752 6.

318 772 352 811 5.
407 763 607 811 fllcztelccc,
649 774 716 800 seu
758 761 1006 811 Subiectum,
1035 769 1122 800 sunt
1151 775 1287 801 omnes
1316 763 1513 812 homines,
1541 763 1591 801 ad
1619 775 1718 822 quos
1746 763 1929 813 pertingit
1958 765 2197 814 praedicatio

262 814 368 853 verbi
405 814 499 865 Dei,
528 818 563 854 δι
593 815 835 865 participatio
865 816 1229 865 Sacramentorum,
1260 829 1328 865 per
1356 816 1555 854 Ecclesiae
1584 815 1860 866 ministerium,
1889 818 2036 867 absque
2067 817 2197 857 discri—

262 867 365 906 mine
395 868 617 918 nationum,
645 879 808 906 sexuum
838 870 874 906 δι
902 875 1083 906 statuum

314 923 350 960 6.
405 923 574 971 Forma,
603 928 661 959 est
683 929 840 959 externa
863 921 928 959 illa
951 921 1059 961 verbi
1082 921 1341 972 praedicatio,
1371 923 1712 960 Sacramentorum
1735 921 2037 973 administratio,
2066 925 2198 962 Eccle-

261 975 338 1013 siae
379 976 722 1024 membrortimque
764 974 863 1012 illius
904 975 943 1012 in
984 988 1024 1013 se
1066 977 1100 1013 δι
1142 975 1241 1013 inter
1278 988 1318 1013 se
1347 974 1597 1025 communio,
1626 987 1725 1024 quae
1753 974 1884 1012 onmia
1911 990 1959 1013 ex
1988 984 2095 1025 parte
2125 978 2198 1015 Dei

259 1027 427 1077 gratiose
454 1029 686 1077 offeruntur,
715 1040 763 1065 ex
790 1027 957 1065 hominis
985 1035 1093 1077 parte
1122 1028 1297 1066 sensibus
1329 1028 1593 1078 percipiuntur
1617 1027 1802 1078 externis,
1827 1040 1907 1065 non
1923 1036 2052 1067 tamen
2069 1033 2195 1072 ἁπλῶς

262 1080 494 1119 sufficienter
522 1082 557 1118 δι
585 1082 797 1119 efficienter
824 1081 874 1118 ad
903 1082 1078 1120 salutem.

316 1146 351 1182 7.
406 1135 515 1172 Finis
543 1141 734 1178 remotus.
764 1140 822 1172 est
849 1134 994 1183 gratiae
1022 1134 1121 1172 illius
1150 1134 1305 1172 diuinae
1338 1133 1606 1172 manifestatio.
1638 1133 1860 1183 Proximus,
1890 1141 1930 1172 vt
1958 1136 2018 1172 vel
2042 1136 2198 1184 reprobi

262 1188 472 1226 reddantur
500 1188 793 1238 dranok..yrytoo,
822 1189 882 1225 vel
910 1195 951 1225 vt
979 1187 1092 1226 electi
1120 1201 1189 1237 per
1215 1187 1357 1237 gradus
1386 1189 1511 1225 aDeo
1527 1187 1739 1226 destinatos
1754 1186 1998 1225 adducantur
2013 1188 2195 1226 adfinem

262 1253 393 1289 suum,
423 1240 462 1278 id
490 1247 564 1289 est,
593 1241 754 1277 salutem
783 1246 995 1279 aeternam.

315 1296 350 1331 8.
418 1294 631 1331 Vocatiom's
659 1295 752 1331 vero
780 1295 975 1343 internae,
1003 1293 1172 1332 efficacis
1201 1296 1236 1332 δι
1265 1293 1439 1331 salutaris
1465 1295 1599 1343 (quam
1630 1301 1759 1330 tamen
1787 1295 1811 1330 a
1839 1292 1968 1343 priore
1997 1293 2036 1331 in
2063 1295 2195 1332 electis

259 1359 339 1384 non
382 1358 624 1396 separamus,
665 1358 740 1383 nec
781 1358 953 1395 vnquam
987 1348 1025 1385 in
1054 1346 1252 1385 ordinaria
1281 1347 1330 1384 ad
1359 1349 1523 1384 salutem
1554 1345 1614 1384 via
1642 1348 1677 1384 ὃ(
1705 1346 1854 1384 ratione
1882 1346 2051 1396 separari
2080 1360 2195 1396 posse

260 1400 512 1447 affirmamus)
550 1412 667 1437 causa
695 1398 865 1448 efficiens
895 1408 971 1448 est,
1007 1401 1166 1437 εὐδοκία
1194 1400 1258 1437 illa
1287 1400 1361 1437 Dei
1390 1400 1427 1438 in
1457 1399 1613 1438 Christo
1640 1401 1746 1448 Iesu,
1775 1411 1843 1437 seu
1870 1399 1992 1449 gratia
2020 1400 2093 1438 Dei
2122 1400 2194 1438 sin-

261 1453 404 1502 gularis
445 1459 603 1502 propter
646 1451 854 1490 Christum.
896 1454 988 1491 Duo
1030 1452 1134 1490 enim
1176 1454 1272 1490 haec
1300 1453 1338 1490 in
1366 1453 1439 1491 hac
1469 1453 1660 1490 efficiente
1690 1464 1805 1490 causa
1833 1460 2091 1502 concurrunt,
2122 1454 2196 1490 Dei

260 1506 549 1555 beneplacitum
579 1511 764 1554 tanquam
792 1517 907 1543 causa
935 1507 1210 1556 προηγουμένη,
1239 1506 1340 1544 vnde
1369 1509 1404 1544 δι
1433 1507 1482 1543 ab
1511 1506 1704 1555 Apostolo
1731 1504 1870 1543 dicitur
1887 1505 2042 1543 vocatio
2057 1518 2193 1544 secun-

260 1559 354 1596 dum
382 1557 625 1608 propositum
652 1557 744 1596 Dei:
774 1559 810 1595 &
837 1557 979 1597 Christi
1009 1561 1165 1609 λίτρον7
1195 1565 1380 1608 tanquam
1409 1570 1524 1596 causa
1554 1558 1760 1596 meritoria.

315 1625 351 1661 9.
405 1612 605 1661 Materia,
648 1623 714 1649 seu
756 1611 972 1650 subiectum
1008 1610 1120 1649 huius
1149 1611 1381 1661 vocationis,
1410 1619 1499 1650 sunt
1525 1611 1598 1649 soli
1625 1611 1898 1661 praedestinati
1927 1614 1961 1649 Sc
1985 1611 2115 1655 electi;
2144 1612 2194 1649 ad

260 1665 583 1703 communionem
624 1664 767 1713 gratiae
810 1665 844 1702 &
885 1664 1030 1714 gloriae
1067 1665 1108 1712 (f.
1143 1666 1257 1715 1681)
1295 1666 1345 1703 ab
1375 1672 1555 1715 aeterno,
1583 1664 1684 1702 &in
1712 1671 1888 1714 tempore
1917 1665 1967 1702 ad
1997 1664 2192 1713 vtriusque

260 1717 582 1756 communionem
611 1717 819 1756 efficaciter
848 1718 988 1755 vocati.

316 1784 374 1809 10.
428 1773 599 1814 thrma
633 1776 786 1819 praeter
813 1770 921 1809 verbi
948 1769 1297 1820 praedicationem,
1327 1772 1667 1808 Sacramentorum
1694 1769 2088 1818 administrationem,
2118 1771 2190 1807 Ec—

258 1824 398 1862 clesiae
427 1815 764 1872 communionem,
793 1830 850 1862 est
880 1823 983 1862 actio
1012 1824 1076 1861 illa
1104 1824 1241 1861 efficax
1268 1823 1430 1883 Spiritus
1461 1823 1534 1861 Dei
1562 1823 1600 1861 in
1627 1823 1762 1872 nobis,
1787 1824 1823 1861 δι
1839 1823 2052 1861 secundum
2067 1823 2193 1871 illam,

259 1883 340 1915 tota
383 1877 550 1915 hominis
591 1853 813 1925 renouatio,
842 1888 941 1926 quae
969 1877 1086 1926 vulgo
1119 1876 1358 1926 regeneratio
1388 1877 1426 1914 in
1455 1875 1661 1926 Scripturis
1691 1853 1841 1913 dicitur.
1868 1875 1973 1914 Finis
2002 1882 2194 1924 remotus,

257 1929 382 1980 gloria
410 1930 484 1968 Dei
511 1929 706 1968 vocantis:
737 1928 958 1978 proximus,
989 1931 1090 1968 salus
1118 1929 1287 1968 hominis
1317 1929 1458 1967 vocati.

314 1997 372 2021 11.
428 1985 496 2021 Est
537 1995 630 2032 ergo
670 1984 816 2021 vocatio
854 1984 911 2020 ad
940 1985 1120 2031 salutem,
1156 1982 1259 2020 actio
1288 1984 1425 2021 efficax
1453 1984 1488 2020 &
1516 1981 1683 2031 gratiosa
1713 1981 1874 2031 Spiritus
1906 1981 2036 2020 Sancti
2065 1982 2193 2031 obsig-

255 2035 381 2074 nantis
409 2037 447 2075 in
477 2035 608 2074 electis
638 2048 751 2074 verae
778 2035 869 2073 fidei
896 2035 1173 2085 instrumento,
1196 2035 1306 2075 verbi
1330 2035 1813 2085 praedicationem,vsum
1830 2035 2193 2084 Sacramentorum,

257 2089 398 2127 Christi
427 2088 703 2138 Ecclesiaeque
730 2088 830 2127 illius
860 2088 1203 2138 communionem,
1225 2090 1276 2128 ad
1290 2090 1453 2128 salutem
1468 2088 1643 2137 illorum,
1659 2089 1695 2125 &
1711 2094 1911 2126 aeternam
1926 2087 2000 2126 Dei
2016 2087 2192 2137 gloriam.

313 2156 371 2180 12.
427 2144 486 2180 Ex
522 2153 599 2191 qua
637 2141 863 2180 definitione
897 2144 932 2180 δι
967 2153 1172 2180 causarum
1200 2141 1514 2191 enumeratione,
1543 2140 1615 2178 tria
1645 2144 1867 2191 πορὶσματα
1896 2148 2082 2189 tanquam
2111 2154 2194 2178 ccm-

256 2197 422 2233 sectaria
450 2194 748 2234 concluduntur.
783 2208 815 2233 1.
842 2195 1104 2233 Vocationem
1134 2196 1353 2245 efficacem,
1382 2201 1497 2245 prout
1525 2193 1751 2244 gratuitam,
1776 2193 1830 2231 ita
1850 2196 1886 2232 &
1909 2194 2193 2243 ἀμεταμέλητον

257 2261 358 2297 esse,
400 2248 507 2287 cuius
545 2249 674 2285 Deum
711 2260 790 2285 non
827 2249 1033 2298 poeniteat.
1080 2262 1113 2286 2.
1143 2249 1231 2287 Non
1269 2261 1404 2286 omnes
1435 2246 1584 2285 interne
1613 2249 1636 2284 a
1665 2247 1751 2284 Deo
1781 2247 1912 2285 vocari
1941 2245 2008 2296 qui
2035 2248 2192 2283 externe

202 2320 211 2330 -·
258 2309 483 2351 mouentur,
526 2301 616 2339 licet
649 2301 823 2339 internae
860 2300 958 2340 illius
994 2301 1212 2340 vocationis
1240 2313 1393 2339 sensum
1421 2313 1514 2350 prae
1543 2312 1583 2337 se
1611 2301 1709 2338 ferre
1738 2298 1947 2364 aliquando
1978 2298 2192 2337 videantur.

259 2356 360 2391 Nam
396 2354 543 2393 idcirco
572 2354 755 2391 effectum
783 2354 1000 2393 vocationis
1027 2355 1204 2404 illorum,
1232 2361 1364 2404 gustus
1393 2353 1598 2402 duntaxat,
1627 2353 1800 2390 internae
1830 2355 1944 2401 vero,
1970 2351 2079 2390 verbi
2103 2362 2192 2389 cum

260 2408 336 2445 fide
365 2421 574 2459 σιγκρασις
603 2406 641 2444 in
670 2408 706 2444 S.
736 2407 933 2457 Scriptura
962 2408 1106 2456 (Hebr.
1137 2421 1173 2455 4.
1204 2409 1254 2446 ξεν
1282 2409 1335 2453 6.)
1364 2407 1597 2444 nominatur
1627 2382 1957 2454 3.Vocatione1i1
1984 2405 2086 2442 hanc
2111 2417 2192 2442 esse

261 2460 373 2507 doni,
411 2473 491 2498 non
527 2459 668 2509 meriti,
705 2459 849 2509 gratiae
877 2474 957 2499 non
986 2468 1166 2511 naturae,
1194 2460 1284 2499 ideo
1313 2461 1441 2498 Deum
1470 2459 1637 2509 gratiose
1668 2471 1809 2496 vocare
1841 2470 1939 2508 quos
1967 2458 2069 2507 vult,
2096 2456 2193 2495 iuste

259 2525 357 2561 quos
394 2515 496 2560 vult,
538 2525 620 2551 non
658 2525 818 2561 vocare
856 2521 920 2552 aut
957 2527 1035 2552 non
1073 2527 1213 2552 vocare
1251 2511 1478 2563 efficaciter,
1516 2519 1723 2560 Vtrumque
1752 2515 1844 2550 vero
1874 2511 2015 2560 libere,
2045 2511 2194 2559 absque

262 2568 564 2616 ηροσωποληψίᾳ
592 2572 657 2604 aut
685 2566 814 2615 culpa.

1864 2832 2048 2870 XXXIII.
2104 2831 2190 2869 DE
