2334 3020
238 87 286 123 30
845 77 1124 104 FRANCISCI
1160 75 1301 110 JUNII
1342 75 1475 103 v1TA.

237 198 283 224 eo
311 184 495 232 tumultu,
521 184 556 220 &
583 180 730 220 omneis
759 179 825 229 qui
851 178 958 216 domi
973 183 1080 215 erant
1094 177 1331 226 compescui.
1357 176 1546 215 Postridie
1561 175 1815 227 Limburgum
1829 175 2019 214 abductus
2036 186 2140 224 sum,

236 237 302 276 vbi
327 235 570 285 Magistratus
597 246 756 283 operam
784 244 909 269 meam
937 243 976 269 se
1002 235 1160 268 auctore
1188 229 1342 279 negauit
1370 229 1653 278 occupandam.
1679 227 1973 279 Indignantibus
1998 227 2139 278 bonis,

236 290 274 328 in
302 299 443 338 pagum
470 299 602 324 remeo
631 285 696 335 qui
724 283 863 323 dicitur
891 281 1168 321 Summanium.
1196 281 1272 319 Die
1298 281 1481 332 Veneris,
1509 280 1575 331 qui
1605 282 1686 321 dies
1702 289 1782 321 erat
1795 280 1979 320 Octobris
1989 281 2136 318 XVIII.

235 341 398 391 primam
428 340 531 389 apud
557 338 855 387 Limburgenses
881 334 1115 373 concionem
1142 333 1261 372 habui
1287 334 1327 372 in
1355 346 1494 383 campo
1521 347 1601 372 non
1627 335 1765 383 procul
1792 335 1947 383 Herua,
1975 334 2053 383 qua
2066 331 2140 370 itur

235 392 447 441 Leodium,
488 390 577 430 satis
618 402 757 440 magna
784 387 1017 438 frequentia:
1057 385 1124 425 vbi
1151 385 1208 423 vir
1235 386 1394 436 quidam
1421 385 1565 424 adstitit
1591 388 1614 424 a
1641 393 1752 437 tergo
1779 385 1893 435 mihi,
1923 385 1990 434 qui
2016 397 2138 423 arma-

235 454 295 484 tus
323 445 512 484 venabulo
541 446 628 482 ante
655 442 844 480 iurauerat
871 453 933 478 me
960 442 983 477 a
1009 452 1050 477 se
1078 437 1250 477 occisum
1277 438 1344 488 iri,
1372 438 1404 477 si
1429 439 1491 477 vel
1517 439 1567 476 ad
1593 438 1874 490 longitudinem
1889 437 1945 476 sui
1960 436 2142 476 venabuli

237 511 298 537 me
336 504 468 547 posset
506 496 700 534 accedere.
741 492 956 532 Hominem
997 490 1111 541 fregit
1150 492 1257 529 Deus
1295 490 1446 541 integro
1487 491 1698 541 venabulo,
1738 492 1838 530 adee
1870 498 1909 529 vt
1935 489 2140 541 tranquille

237 557 364 589 mente
392 549 607 599 composita
635 559 857 586 sermonem
885 544 1002 594 ipsius
1031 542 1230 582 audiuerit.
1260 545 1296 581 A
1322 543 1513 582 concione
1541 544 1716 582 Heruam
1742 543 1918 594 pransuri
1943 542 2141 593 venimus,

234 602 343 652 quasi
375 615 446 651 130
473 601 561 640 viri:
600 600 818 648 eodemque
847 595 1137 646 Limburgensis
1164 597 1331 645 Legatus
1359 597 1516 634 aduolat
1544 607 1634 634 cum
1661 596 1859 647 satellitio,
1887 603 1928 634 vt
1951 609 2013 634 me
2035 608 2141 634 com-

234 656 467 705 prehendat,
495 654 527 692 si
554 660 667 702 pote:
697 651 927 702 signumque
954 649 1038 687 dari
1065 661 1112 686 ex
1138 649 1236 687 aede
1263 648 1386 698 iubet,
1414 661 1522 687 arma
1535 648 1690 698 publice
1704 647 1959 699 conclamari,
1987 649 2142 698 plebem

232 719 412 746 accurere
440 719 488 744 ex
515 704 743 755 propinquis
770 703 891 753 pagis.
919 701 1042 741 Ieiuni
1068 702 1196 740 adhuc
1222 702 1442 751 procedunt
1465 701 1608 751 nostri,
1637 714 1769 740 mensa
1781 701 1932 752 relicta,
1960 702 2010 739 ad
2026 712 2143 751 quam

232 770 482 809 coeperamus
498 759 750 796 accumbere:
780 755 958 805 strepitus
973 755 1116 793 editur:
1146 754 1186 792 in
1214 753 1329 793 armis
1357 760 1458 792 stant
1484 766 1577 803 prae
1603 753 1751 793 foribus
1778 755 1814 792 &
1841 753 1990 793 omneis
2016 753 2144 792 aditus

233 811 576 861 circummuniunt,
617 823 665 848 ne
704 820 821 859 quam
848 808 929 847 vim
955 814 1124 858 paterer,
1164 813 1229 844 aut
1255 813 1449 856 pateretur
1477 807 1628 845 domus.
1656 807 1742 857 Ego
1768 809 1861 846 vere
1889 808 2037 857 bonos,
2078 805 2146 856 qui

230 866 281 903 ad
307 878 369 902 me
401 863 568 902 vicissim
595 862 860 901 aduentabant
886 861 1009 911 intro,
1032 860 1241 898 nonnullos
1269 871 1434 909 moneo,
1464 859 1494 896 si
1522 870 1598 909 qua
1614 858 1688 897 alia
1703 859 1800 898 ratio
1815 858 1979 897 inueniri
1993 864 2144 909 potest,

230 916 460 967 prouideant
487 914 794 966 diligentissime,
822 921 865 952 vt
892 916 915 952 a
942 925 1073 963 pugna
1100 912 1337 951 abstineatur
1364 911 1599 961 grauissimis
1627 911 1736 950 malis
1765 911 1914 950 omneis
1940 913 2145 950 affectura:

231 971 270 1008 id
298 968 422 1018 potius
452 969 544 1007 dent
572 981 753 1018 operam,
783 974 823 1006 vt
850 968 1012 1005 honeste
1040 965 1089 1004 de
1117 967 1207 1003 loco
1236 965 1420 1003 abeamus
1449 966 1555 1015 ante,
1584 966 1701 1014 quam
1727 964 1903 1003 veniatur
1928 964 1980 1002 ad
1993 975 2144 1002 manus.

230 1021 377 1060 Placuit
402 1034 463 1060 res
491 1020 577 1072 vni,
605 1022 640 1058 &
668 1020 760 1058 item
787 1018 915 1058 alteri:
945 1018 1011 1068 qui
1038 1018 1190 1068 postico
1219 1017 1361 1067 egressi
1389 1018 1627 1067 abrumpunt
1655 1030 1807 1068 sepem,
1836 1018 1871 1055 &
1890 1015 2005 1055 nobis
2021 1029 2144 1067 egres-

229 1074 279 1113 sis
319 1074 413 1113 alios
453 1074 663 1112 inclamant
702 1072 903 1111 accinctos
943 1082 1118 1121 pugnae:
1164 1071 1374 1109 ostendunt
1414 1083 1485 1108 nos
1514 1072 1619 1108 recta
1646 1069 1904 1120 Limburgum
1930 1068 2144 1119 proficisci:

229 1126 439 1166 consultius
488 1128 588 1176 fore,
630 1133 670 1165 vt
709 1138 771 1164 me
810 1126 1029 1174 frequentes
1069 1129 1365 1173 prosequantur.
1417 1124 1552 1172 Itaque
1594 1129 1806 1172 sequuntur
1846 1134 1981 1161 omnes
2020 1121 2145 1172 illice,

228 1184 367 1230 meque
392 1179 648 1229 Limburgum
676 1178 874 1217 deducunt
901 1177 1159 1225 incolumem,
1188 1176 1254 1214 vbi
1280 1175 1318 1213 in
1347 1177 1493 1224 templo
1522 1174 1584 1213 die
1612 1175 1842 1223 Dominico,
1871 1174 1938 1225 qui
1952 1176 2041 1223 XX,
2065 1180 2147 1212 erat

230 1231 434 1282 Octobris,
476 1232 685 1271 conciones
713 1231 857 1269 habere
883 1229 1015 1280 coepi,
1059 1227 1335 1267 demirantibus
1364 1227 1598 1278 Pontificiis,
1632 1228 1667 1265 ἃ
1694 1227 1959 1278 Anabaptistis
1988 1238 2146 1276 quoque

230 1285 284 1334 (hi
326 1285 429 1323 0111111
463 1285 673 1335 permultas
707 1283 789 1333 pias
830 1282 977 1320 animas
1013 1281 1052 1320 in
1086 1283 1176 1320 loco
1213 1282 1475 1330 turbauerant)
1503 1280 1754 1330 ringentibus.
1795 1282 1887 1319 Post
1915 1279 2147 1318 concionem

231 1340 343 1376 mane
384 1337 423 1375 in
462 1338 608 1387 templo
644 1336 837 1384 habitam,
878 1335 959 1373 sine
987 1347 1097 1373 mora
1125 1334 1175 1372 ad
1201 1335 1280 1372 duo
1308 1335 1429 1372 ferme
1457 1333 1631 1371 milliaria
1659 1334 1710 1372 ab
1737 1334 1831 1372 vrbe
1856 1332 2083 1383 proficiscor
2107 1331 2146 1369 in

230 1392 362 1428 locum
391 1389 457 1440 qui
482 1392 599 1440 vulgo
628 1390 740 1427 Altus
763 1388 840 1426 Dei
869 1400 982 1426 mons
1009 1388 1242 1437 appellatur,
1283 1386 1475 1425 Leodium
1505 1397 1656 1436 versus,
1683 1392 1724 1424 vt
1750 1386 1804 1424 ibi
1840 1386 1979 1424 iterum
2007 1384 2146 1423 concio

231 1444 447 1481 haberetur.
498 1442 671 1481 Indictus
698 1448 827 1479 autem
855 1441 978 1479 fuerat
1005 1440 1069 1477 ille
1098 1439 1298 1478 concionis
1326 1440 1436 1478 locus
1463 1438 1513 1476 ad
1539 1438 1642 1477 diem
1672 1437 1781 1476 illum
1810 1440 1973 1487 temere,
2015 1437 2147 1476 incon-

231 1497 330 1533 sulto
372 1508 433 1533 me
474 1502 588 1545 atque
628 1495 873 1544 improbante
914 1494 1073 1532 factum.
1102 1493 1178 1532 Sed
1206 1491 1296 1542 quia
1323 1492 1489 1542 populus
1517 1504 1565 1529 ex
1591 1490 1749 1541 regione
1776 1497 1858 1529 tota
1885 1496 2146 1529 conuenturus

230 1547 445 1598 frequentia
473 1547 640 1586 maxima
665 1549 723 1597 (vt
748 1546 856 1594 fecit)
886 1546 1108 1595 dicebatur,
1137 1545 1313 1595 quamuis
1341 1544 1390 1583 de
1405 1543 1577 1594 periculo
1592 1545 1714 1582 factus
1728 1543 1978 1594 impendente
1992 1542 2146 1593 certior,

229 1600 337 1639 nolui
376 1600 585 1639 desiderari
627 1599 800 1638 officium
840 1610 992 1648 meum,
1034 1605 1100 1636 aut
1127 1597 1279 1648 aspergi
1308 1596 1402 1635 mihi
1427 1598 1556 1635 labem
1585 1596 1783 1647 ignauiae,
1824 1596 1864 1634 in
1892 1595 2146 1634 ministerium

231 1652 451 1703 Euangelij,
493 1653 600 1703 quod
639 1652 733 1691 mihi
773 1651 1041 1690 concreditum
1082 1657 1159 1701 est,
1199 1661 1430 1689 recasuram.
1471 1649 1720 1688 Habentibus
1756 1649 1885 1699 itaque
1914 1647 2146 1687 concionem

229 1705 361 1755 nobis,
389 1705 586 1744 vniuersus
612 1707 779 1755 populus
807 1718 848 1743 50
874 1704 934 1743 bis
962 1704 1001 1742 in
1027 1705 1160 1754 fugam
1188 1702 1313 1753 dedit,
1339 1702 1430 1741 licet
1456 1713 1682 1741 reuocarem
1705 1713 1794 1740 eum
1821 1701 1942 1740 serio:
1965 1700 2024 1740 bis
2046 1702 2146 1738 arne

231 1759 458 1796 recollectus
486 1765 564 1809 est,
600 1769 720 1808 quum
760 1757 893 1796 fuisset
919 1757 1087 1806 primum
1114 1756 1329 1794 concitatus
1355 1755 1505 1793 incerto
1534 1765 1689 1793 rumore
1717 1767 1763 1792 ac
1790 1753 1934 1792 nuncio
1962 1754 2146 1803 puerulo,

230 1810 370 1849 deinde
411 1813 501 1849 vero
539 1811 726 1860 adspectu
755 1809 1007 1859 conterritus,
1044 1809 1153 1859 quod
1181 1808 1392 1858 equitatum
1421 1807 1510 1846 satis
1535 1818 1787 1846 numerosum
1815 1808 1920 1855 (nam
1947 1804 2057 1857 quasi
2084 1808 2146 1843 80.

231 1863 345 1901 fuisse
374 1862 568 1912 dicuntur)
595 1863 634 1901 in
663 1863 778 1901 armis
807 1865 830 1900 a
857 1861 1067 1900 Leodiensi
1094 1861 1294 1911 Episcopo
1324 1860 1557 1899 submissum
1572 1861 1623 1898 ad
1639 1858 2056 1909 comprehendendum
2071 1870 2148 1908 me,

231 1916 266 1952 &
293 1915 369 1953 iam
397 1916 700 1954 descendentem
731 1919 771 1953 in
797 1917 936 1954 vallem
964 1914 1178 1953 subiectam
1205 1914 1255 1952 ad
1283 1926 1355 1952 nos
1381 1913 1746 1951 animaduerterent.
1774 1911 1988 1950 Plurimum
2003 1910 2067 1949 die
2081 1910 2147 1948 illo

231 1980 293 2005 1110
320 1969 445 2018 Deus,
474 1968 683 2018 plurimum
711 1968 847 2018 populi
874 1967 975 2006 illius
1004 1966 1195 2017 animum,
1224 1967 1274 2005 ad
1302 1979 1364 2004 me
1380 1965 1587 2004 immotum
1603 1964 1861 2015 respicientis,
1889 1962 2146 2002 confirmauit:

230 2020 329 2058 adee
368 2027 408 2058 vt
449 2032 567 2070 quum
610 2032 728 2070 eques
769 2021 819 2058 ad
859 2027 1010 2070 tergum
1038 2031 1169 2058 meum
1197 2020 1413 2058 secundum
1442 2031 1551 2068 spem
1578 2018 1819 2068 accessisset,
1861 2017 1914 2055 illi
1943 2018 2081 2054 contra
2108 2015 2147 2053 in

230 2072 344 2110 armis
372 2075 570 2112 obstarent
596 2074 646 2111 ad
674 2086 805 2123 sepem
835 2073 1020 2123 restituri,
1059 2072 1357 2122 quibuscunque
1384 2072 1539 2109 fuerunt
1566 2084 1684 2109 arma.
1714 2069 1842 2108 Etiam
1870 2068 2148 2119 lapidationem

230 2124 418 2163 faeminae
446 2127 587 2164 multae
614 2125 859 2164 minabantur
887 2128 993 2174 (nam
1020 2125 1092 2163 iter
1119 2132 1201 2164 erat
1228 2130 1433 2174 angustum
1456 2123 1698 2174 equitatui&
1716 2125 1917 2173 praeceps)
1939 2120 2148 2160 &fuissent

230 2178 423 2227 facturae,
459 2177 531 2216 nisi
569 2178 679 2216 vnius
716 2185 781 2216 aut
809 2178 961 2217 alterius
988 2177 1059 2215 viri
1087 2178 1250 2229 nobilis,
1291 2176 1357 2227 qui
1382 2182 1465 2214 tum
1493 2176 1631 2226 adfuit,
1674 2175 1900 2214 detinuisset
1927 2173 2147 2212 auctoritas.

231 2229 294 2267 Sic
322 2229 376 2267 illi
401 2243 442 2268 re
470 2230 611 2268 infecta
638 2230 840 2269 abiuerunt
862 2233 884 2269 a
912 2230 1048 2280 nobis,
1078 2232 1113 2268 &
1141 2243 1215 2280 ego
1245 2229 1375 2268 reveni
1402 2229 1565 2267 domum
1592 2229 1643 2266 ad
1669 2228 1866 2279 hospitem
1892 2238 2021 2265 meum
2043 2226 2147 2263 Lim-

227 2283 479 2332 burgensem,
509 2282 573 2320 vbi
602 2283 770 2321 maxima
798 2294 887 2321 cum
918 2284 1116 2333 voluptate
1145 2283 1254 2333 quasi
1282 2281 1525 2321 semiannum
1552 2281 1756 2320 aedificaui
1784 2281 1945 2319 domum
1971 2278 2146 2318 Domini.

228 2334 336 2372 Huic
363 2338 455 2373 vere
484 2335 768 2373 confirmationi
795 2335 918 2374 sancti
945 2335 1143 2384 ministerij
1173 2342 1262 2385 post
1284 2334 1553 2373 hebdomadas
1577 2333 1687 2384 quasi
1700 2334 1795 2371 duas
1810 2334 1974 2371 alterum
1991 2342 2149 2381 quoque

228 2386 469 2436 signaculum
498 2387 672 2425 adhibuit
698 2389 826 2438 Deus,
866 2388 1084 2426 admirabili
1112 2387 1368 2438 prouidentia.
1398 2388 1491 2424 Erat
1518 2386 1556 2424 in
1587 2399 1689 2437 pago
1717 2385 1946 2425 Leodiensis
1975 2384 2148 2433 (opinor)

227 2439 308 2488 agri
335 2439 397 2477 0111
423 2445 446 2477 a
469 2441 567 2478 valle
590 2440 829 2489 Dionysiana
855 2453 1020 2491 nomen,
1049 2440 1215 2479 faemina
1242 2441 1433 2490 quaedam
1461 2451 1579 2489 anus,
1610 2441 1757 2477 habens
1786 2449 2034 2476 numerosam
2061 2449 2147 2486 pro-

226 2493 322 2541 lem,
351 2503 449 2541 quae
479 2503 568 2530 cum
596 2492 866 2540 desperatione
895 2492 1119 2542 grauissima
1147 2493 1464 2542 conflictabatur,
1493 2505 1533 2530 se
1561 2492 1755 2530 &liberos
1783 2502 1873 2529 suos
1900 2492 1923 2528 a
1949 2491 2036 2528 Deo
2065 2502 2149 2528 esse

228 2544 432 2582 damnatos
459 2543 499 2582 in
528 2544 841 2582 maledictionem
869 2552 1064 2583 aeternam
1092 2545 1333 2596 praedicans.
1361 2547 1407 2582 In
1433 2545 1508 2582 hac
1535 2550 1664 2582 autem
1694 2542 1965 2593 desperatione
1992 2541 2070 2580 iam
2099 2541 2148 2579 ad

231 2609 354 2635 annos
382 2596 545 2646 amplius
567 2596 656 2635 treis
682 2598 716 2634 ἃ
741 2597 878 2635 decem
901 2597 1082 2636 immersa
1103 2599 1244 2636 fuerat:
1261 2598 1429 2647 ideoque
1458 2596 1612 2646 saepius
1627 2595 1854 2635 exorcismis
1868 2596 1903 2634 &
1917 2593 2148 2644 baptisteriis

233 2650 337 2687 velut
370 2649 624 2687 daemoniaca
659 2662 726 2698 per
761 2649 1004 2687 Sacrificulos
1032 2657 1199 2700 tentata,
1234 2663 1349 2700 saepe
1376 2648 1542 2687 vinculis
1569 2661 1638 2698 per
1668 2649 1817 2687 vicinos
1845 2646 2147 2695 verberibusque

235 2701 415 2741 cruciata.
442 2704 665 2751 Vagabatur
685 2701 749 2740 illa
776 2712 865 2739 cum
893 2701 981 2740 feris
1009 2715 1076 2752 per
1105 2702 1240 2754 siluas,
1268 2705 1303 2741 &
1328 2712 1580 2751 congressum
1604 2703 1647 2750 (1.
1669 2704 1743 2752 19.)
1767 2700 1943 2739 omnium
1956 2698 2146 2788 fugiebffi:

1998 2763 2086 2789 vmc
2129 2763 2151 2788 a
