<?xml version="1.0" encoding="UTF-8"?>
<!DOCTYPE html PUBLIC "-//W3C//DTD XHTML 1.0 Transitional//EN"
    "http://www.w3.org/TR/xhtml1/DTD/xhtml1-transitional.dtd">
<html xmlns="http://www.w3.org/1999/xhtml" xml:lang="en" lang="en">
 <head>
  <title>
</title>
<meta http-equiv="Content-Type" content="text/html;charset=utf-8" />
  <meta name='ocr-system' content='tesseract 3.04.00' />
  <meta name='ocr-capabilities' content='ocr_page ocr_carea ocr_par ocr_line ocrx_word'/>
</head>
<body>
  <div class='ocr_page' id='page_1' title='image "./opusculatheologi00juni/opusculatheologi00juni_0405.png"; bbox 0 0 2334 3020; ppageno 0'>
   <div class='ocr_carea' id='block_1_1' title="bbox 708 78 2099 113">
    <p class='ocr_par' dir='ltr' id='par_1_1' title="bbox 708 78 2099 113">
     <span class='ocr_line' id='line_1_1' title="bbox 708 78 2099 113; baseline -0.009 -5"><span class='ocrx_word' id='word_1_1' title='bbox 708 84 774 108; x_wconf 69' lang='lat' dir='ltr'><strong>DE</strong></span> <span class='ocrx_word' id='word_1_2' title='bbox 819 80 1100 109; x_wconf 66' lang='lat' dir='ltr'><strong>POLI&#39;VIAF.</strong></span> <span class='ocrx_word' id='word_1_3' title='bbox 1143 78 1311 105; x_wconf 73' lang='lat' dir='ltr'><strong>Mosis</strong></span> <span class='ocrx_word' id='word_1_4' title='bbox 1354 79 1544 105; x_wconf 60' lang='lat' dir='ltr'>OBSER.</span> <span class='ocrx_word' id='word_1_5' title='bbox 2026 78 2099 113; x_wconf 67' lang='lat'><strong>371</strong></span> 
     </span>
    </p>
   </div>
   <div class='ocr_carea' id='block_1_2' title="bbox 161 183 2129 2828">
    <p class='ocr_par' dir='ltr' id='par_1_2' title="bbox 161 183 2112 1571">
     <span class='ocr_line' id='line_1_2' title="bbox 161 183 2104 244; baseline -0.006 -12"><span class='ocrx_word' id='word_1_6' title='bbox 161 194 198 232; x_wconf 90' lang='lat' dir='ltr'><strong>in</strong></span> <span class='ocrx_word' id='word_1_7' title='bbox 227 200 342 244; x_wconf 83' lang='lat' dir='ltr'><strong>gente</strong></span> <span class='ocrx_word' id='word_1_8' title='bbox 371 193 523 231; x_wconf 86' lang='lat' dir='ltr'><strong>illorum</strong></span> <span class='ocrx_word' id='word_1_9' title='bbox 553 190 765 240; x_wconf 57' lang='lat' dir='ltr'><strong>singularis</strong></span> <span class='ocrx_word' id='word_1_10' title='bbox 802 191 932 240; x_wconf 79' lang='lat' dir='ltr'><strong>Atque</strong></span> <span class='ocrx_word' id='word_1_11' title='bbox 960 190 1060 226; x_wconf 84' lang='lat' dir='ltr'><strong>hanc</strong></span> <span class='ocrx_word' id='word_1_12' title='bbox 1089 187 1271 238; x_wconf 71' lang='lat' dir='ltr'><strong>gratiam,</strong></span> <span class='ocrx_word' id='word_1_13' title='bbox 1301 199 1400 235; x_wconf 81' lang='lat' dir='ltr'><strong>quae</strong></span> <span class='ocrx_word' id='word_1_14' title='bbox 1430 184 1611 235; x_wconf 84' lang='lat' dir='ltr'><strong>singulari</strong></span> <span class='ocrx_word' id='word_1_15' title='bbox 1642 183 1869 222; x_wconf 80' lang='lat' dir='ltr'><strong>conditione</strong></span> <span class='ocrx_word' id='word_1_16' title='bbox 1899 183 2104 221; x_wconf 79' lang='lat' dir='ltr'><strong>exornauit</strong></span> 
     </span>
     <span class='ocr_line' id='line_1_3' title="bbox 161 237 2105 295; baseline -0.007 -10"><span class='ocrx_word' id='word_1_17' title='bbox 161 249 394 285; x_wconf 86' lang='lat' dir='ltr'><strong>Iudaeorum</strong></span> <span class='ocrx_word' id='word_1_18' title='bbox 435 252 612 295; x_wconf 57' lang='lat' dir='ltr'><strong>gentem</strong></span> <span class='ocrx_word' id='word_1_19' title='bbox 650 245 757 281; x_wconf 90' lang='lat' dir='ltr'><strong>Deus</strong></span> <span class='ocrx_word' id='word_1_20' title='bbox 792 243 907 281; x_wconf 86' lang='lat' dir='ltr'><strong>etiam</strong></span> <span class='ocrx_word' id='word_1_21' title='bbox 944 240 1244 290; x_wconf 85' lang='lat' dir='ltr'><strong>circumscripsit</strong></span> <span class='ocrx_word' id='word_1_22' title='bbox 1281 239 1408 277; x_wconf 87' lang='lat' dir='ltr'><strong>modis</strong></span> <span class='ocrx_word' id='word_1_23' title='bbox 1438 237 1715 289; x_wconf 46' lang='lat' dir='ltr'><strong>singastaxibus5</strong></span> <span class='ocrx_word' id='word_1_24' title='bbox 1746 245 1785 274; x_wconf 90' lang='lat' dir='ltr'><strong>vt</strong></span> <span class='ocrx_word' id='word_1_25' title='bbox 1815 237 1917 274; x_wconf 89' lang='lat' dir='ltr'><strong>intus</strong></span> <span class='ocrx_word' id='word_1_26' title='bbox 1947 240 1981 275; x_wconf 66' lang='grc' dir='ltr'><strong>δι</strong></span> <span class='ocrx_word' id='word_1_27' title='bbox 2013 237 2105 273; x_wconf 69' lang='lat' dir='ltr'><strong>foris</strong></span> 
     </span>
     <span class='ocr_line' id='line_1_4' title="bbox 161 290 2104 351; baseline -0.006 -13"><span class='ocrx_word' id='word_1_28' title='bbox 161 307 242 338; x_wconf 79' lang='lat' dir='ltr'><strong>tuin</strong></span> <span class='ocrx_word' id='word_1_29' title='bbox 270 299 411 351; x_wconf 40' lang='lat' dir='ltr'><strong>,Iudaei</strong></span> <span class='ocrx_word' id='word_1_30' title='bbox 447 298 518 348; x_wconf 86' lang='lat' dir='ltr'><strong>ipsi</strong></span> <span class='ocrx_word' id='word_1_31' title='bbox 553 298 764 347; x_wconf 84' lang='lat' dir='ltr'>probarent</span> <span class='ocrx_word' id='word_1_32' title='bbox 791 309 898 343; x_wconf 60' lang='lat' dir='ltr'><strong>seseq</strong></span> <span class='ocrx_word' id='word_1_33' title='bbox 927 303 1009 334; x_wconf 88' lang='lat' dir='ltr'><strong>tum</strong></span> <span class='ocrx_word' id='word_1_34' title='bbox 1038 297 1088 333; x_wconf 90' lang='lat' dir='ltr'><strong>ab</strong></span> <span class='ocrx_word' id='word_1_35' title='bbox 1117 294 1199 332; x_wconf 85' lang='lat' dir='ltr'><strong>aliis</strong></span> <span class='ocrx_word' id='word_1_36' title='bbox 1226 293 1384 343; x_wconf 88' lang='lat' dir='ltr'><strong>probari</strong></span> <span class='ocrx_word' id='word_1_37' title='bbox 1413 295 1447 331; x_wconf 59' lang='grc' dir='ltr'>ἃ</span> <span class='ocrx_word' id='word_1_38' title='bbox 1477 290 1664 341; x_wconf 83' lang='lat' dir='ltr'><strong>cognosci</strong></span> <span class='ocrx_word' id='word_1_39' title='bbox 1693 297 1866 340; x_wconf 82' lang='lat' dir='ltr'><strong>possent.</strong></span> <span class='ocrx_word' id='word_1_40' title='bbox 1910 290 1974 327; x_wconf 84' lang='lat' dir='ltr'><strong>Ad</strong></span> <span class='ocrx_word' id='word_1_41' title='bbox 2002 290 2104 326; x_wconf 87' lang='lat' dir='ltr'><strong>hanc</strong></span> 
     </span>
     <span class='ocr_line' id='line_1_5' title="bbox 161 342 2105 399; baseline -0.006 -8"><span class='ocrx_word' id='word_1_42' title='bbox 161 361 290 391; x_wconf 85' lang='lat' dir='ltr'><strong>autem</strong></span> <span class='ocrx_word' id='word_1_43' title='bbox 332 352 564 390; x_wconf 88' lang='lat' dir='ltr'><strong>Iudaeorum</strong></span> <span class='ocrx_word' id='word_1_44' title='bbox 599 349 997 399; x_wconf 80' lang='lat' dir='ltr'><strong>circumscriptionem</strong></span> <span class='ocrx_word' id='word_1_45' title='bbox 1036 351 1070 386; x_wconf 63' lang='grc' dir='ltr'><strong>ἅ*</strong></span> <span class='ocrx_word' id='word_1_46' title='bbox 1107 346 1481 385; x_wconf 86' lang='lat' dir='ltr'><strong>disterminationem</strong></span> <span class='ocrx_word' id='word_1_47' title='bbox 1509 346 1606 383; x_wconf 87' lang='lat' dir='ltr'><strong>haec</strong></span> <span class='ocrx_word' id='word_1_48' title='bbox 1635 344 1807 393; x_wconf 87' lang='lat' dir='ltr'><strong>quinque</strong></span> <span class='ocrx_word' id='word_1_49' title='bbox 1838 342 2105 393; x_wconf 63' lang='lat' dir='ltr'><strong>pertinebant„</strong></span> 
     </span>
     <span class='ocr_line' id='line_1_6' title="bbox 161 395 2104 456; baseline -0.006 -12"><span class='ocrx_word' id='word_1_50' title='bbox 161 418 262 456; x_wconf 85' lang='lat' dir='ltr'><strong>quae</strong></span> <span class='ocrx_word' id='word_1_51' title='bbox 289 405 451 444; x_wconf 88' lang='lat' dir='ltr'><strong>totidem</strong></span> <span class='ocrx_word' id='word_1_52' title='bbox 482 403 645 442; x_wconf 86' lang='lat' dir='ltr'><strong>vocibus</strong></span> <span class='ocrx_word' id='word_1_53' title='bbox 673 405 762 440; x_wconf 74' lang='lat' dir='ltr'><strong>ante</strong></span> <span class='ocrx_word' id='word_1_54' title='bbox 790 401 1060 452; x_wconf 77' lang='lat' dir='ltr'><strong>expressimus.</strong></span> <span class='ocrx_word' id='word_1_55' title='bbox 1089 402 1254 451; x_wconf 87' lang='lat' dir='ltr'><strong>primum</strong></span> <span class='ocrx_word' id='word_1_56' title='bbox 1284 406 1341 437; x_wconf 86' lang='lat' dir='ltr'><strong>est</strong></span> <span class='ocrx_word' id='word_1_57' title='bbox 1371 399 1503 448; x_wconf 64' lang='lat' dir='ltr'><strong>fedus,</strong></span> <span class='ocrx_word' id='word_1_58' title='bbox 1541 409 1620 448; x_wconf 89' lang='lat' dir='ltr'><strong>quo</strong></span> <span class='ocrx_word' id='word_1_59' title='bbox 1650 399 1756 434; x_wconf 90' lang='lat' dir='ltr'><strong>Deus</strong></span> <span class='ocrx_word' id='word_1_60' title='bbox 1785 403 1939 445; x_wconf 76' lang='lat' dir='ltr'><strong>gentem</strong></span> <span class='ocrx_word' id='word_1_61' title='bbox 1975 395 2104 433; x_wconf 86' lang='lat' dir='ltr'><strong>ludae-</strong></span> 
     </span>
     <span class='ocr_line' id='line_1_7' title="bbox 161 449 2104 504; baseline -0.006 -8"><span class='ocrx_word' id='word_1_62' title='bbox 161 471 274 497; x_wconf 88' lang='lat' dir='ltr'><strong>orum</strong></span> <span class='ocrx_word' id='word_1_63' title='bbox 315 458 387 497; x_wconf 88' lang='lat' dir='ltr'><strong>sibi</strong></span> <span class='ocrx_word' id='word_1_64' title='bbox 427 463 704 504; x_wconf 65' lang='lat' dir='ltr'><strong>assumpserat,</strong></span> <span class='ocrx_word' id='word_1_65' title='bbox 747 456 935 494; x_wconf 86' lang='lat' dir='ltr'><strong>dicendo:</strong></span> <span class='ocrx_word' id='word_1_66' title='bbox 980 456 1059 492; x_wconf 88' lang='lat' dir='ltr'><strong>Ero</strong></span> <span class='ocrx_word' id='word_1_67' title='bbox 1102 456 1207 492; x_wconf 85' lang='lat' dir='ltr'><strong>Deus</strong></span> <span class='ocrx_word' id='word_1_68' title='bbox 1247 460 1357 502; x_wconf 62' lang='lat' dir='ltr'><strong>tuus,</strong></span> <span class='ocrx_word' id='word_1_69' title='bbox 1394 455 1429 490; x_wconf 57' lang='grc' dir='ltr'><strong>ἃ*</strong></span> <span class='ocrx_word' id='word_1_70' title='bbox 1464 460 1503 489; x_wconf 89' lang='lat' dir='ltr'><strong>tu</strong></span> <span class='ocrx_word' id='word_1_71' title='bbox 1534 451 1627 488; x_wconf 85' lang='lat' dir='ltr'><strong>mihi</strong></span> <span class='ocrx_word' id='word_1_72' title='bbox 1657 450 1837 500; x_wconf 86' lang='lat' dir='ltr'><strong>populus.</strong></span> <span class='ocrx_word' id='word_1_73' title='bbox 1880 449 2104 487; x_wconf 87' lang='lat' dir='ltr'><strong>Secundum</strong></span> 
     </span>
     <span class='ocr_line' id='line_1_8' title="bbox 162 501 2106 562; baseline -0.005 -13"><span class='ocrx_word' id='word_1_74' title='bbox 162 511 441 562; x_wconf 83' lang='lat' dir='ltr'><strong>promissiones</strong></span> <span class='ocrx_word' id='word_1_75' title='bbox 465 510 503 547; x_wconf 90' lang='lat' dir='ltr'><strong>in</strong></span> <span class='ocrx_word' id='word_1_76' title='bbox 533 509 688 548; x_wconf 86' lang='lat' dir='ltr'><strong>Christo</strong></span> <span class='ocrx_word' id='word_1_77' title='bbox 720 509 770 546; x_wconf 86' lang='lat' dir='ltr'><strong>ad</strong></span> <span class='ocrx_word' id='word_1_78' title='bbox 799 509 909 546; x_wconf 89' lang='lat' dir='ltr'><strong>fedus</strong></span> <span class='ocrx_word' id='word_1_79' title='bbox 937 508 1188 546; x_wconf 85' lang='lat' dir='ltr'><strong>accedentes:</strong></span> <span class='ocrx_word' id='word_1_80' title='bbox 1218 507 1320 544; x_wconf 89' lang='lat' dir='ltr'><strong>Nam</strong></span> <span class='ocrx_word' id='word_1_81' title='bbox 1349 517 1438 543; x_wconf 88' lang='lat' dir='ltr'><strong>curn</strong></span> <span class='ocrx_word' id='word_1_82' title='bbox 1468 504 1601 542; x_wconf 88' lang='lat' dir='ltr'><strong>Iudaei</strong></span> <span class='ocrx_word' id='word_1_83' title='bbox 1630 511 1732 541; x_wconf 89' lang='lat' dir='ltr'><strong>stare</strong></span> <span class='ocrx_word' id='word_1_84' title='bbox 1759 501 1881 540; x_wconf 89' lang='lat' dir='ltr'><strong>sederi</strong></span> <span class='ocrx_word' id='word_1_85' title='bbox 1909 514 1987 539; x_wconf 91' lang='lat' dir='ltr'><strong>non</strong></span> <span class='ocrx_word' id='word_1_86' title='bbox 2018 513 2106 551; x_wconf 91' lang='lat' dir='ltr'><strong>pos-</strong></span> 
     </span>
     <span class='ocr_line' id='line_1_9' title="bbox 163 554 2105 612; baseline -0.007 -9"><span class='ocrx_word' id='word_1_87' title='bbox 163 571 268 612; x_wconf 64' lang='lat' dir='ltr'><strong>sent„</strong></span> <span class='ocrx_word' id='word_1_88' title='bbox 312 566 416 602; x_wconf 89' lang='lat' dir='ltr'><strong>Deus</strong></span> <span class='ocrx_word' id='word_1_89' title='bbox 458 562 734 612; x_wconf 86' lang='lat' dir='ltr'><strong>promissiones</strong></span> <span class='ocrx_word' id='word_1_90' title='bbox 776 563 826 600; x_wconf 89' lang='lat' dir='ltr'><strong>ad</strong></span> <span class='ocrx_word' id='word_1_91' title='bbox 862 562 974 599; x_wconf 86' lang='lat' dir='ltr'><strong>fedus</strong></span> <span class='ocrx_word' id='word_1_92' title='bbox 1008 560 1170 605; x_wconf 53' lang='lat' dir='ltr'><strong>adiecit5</strong></span> <span class='ocrx_word' id='word_1_93' title='bbox 1198 559 1337 609; x_wconf 88' lang='lat' dir='ltr'><strong>quibus</strong></span> <span class='ocrx_word' id='word_1_94' title='bbox 1365 558 1533 607; x_wconf 73' lang='lat' dir='ltr'><strong>gratiose</strong></span> <span class='ocrx_word' id='word_1_95' title='bbox 1561 564 1720 595; x_wconf 82' lang='lat' dir='ltr'><strong>testatus</strong></span> <span class='ocrx_word' id='word_1_96' title='bbox 1749 562 1807 592; x_wconf 87' lang='lat' dir='ltr'><strong>est</strong></span> <span class='ocrx_word' id='word_1_97' title='bbox 1836 567 1895 599; x_wconf 60' lang='lat' dir='ltr'><strong>seq</strong></span> <span class='ocrx_word' id='word_1_98' title='bbox 1926 554 2105 604; x_wconf 86' lang='lat' dir='ltr'><strong>quamuis</strong></span> 
     </span>
     <span class='ocr_line' id='line_1_10' title="bbox 162 607 2106 665; baseline -0.006 -10"><span class='ocrx_word' id='word_1_99' title='bbox 162 617 382 655; x_wconf 88' lang='lat' dir='ltr'><strong>labentibus</strong></span> <span class='ocrx_word' id='word_1_100' title='bbox 409 617 443 654; x_wconf 62' lang='grc' dir='ltr'><strong>δ’,</strong></span> <span class='ocrx_word' id='word_1_101' title='bbox 472 614 842 665; x_wconf 70' lang='lat' dir='ltr'><strong>transgredientibus</strong></span> <span class='ocrx_word' id='word_1_102' title='bbox 869 614 1122 664; x_wconf 87' lang='lat' dir='ltr'><strong>popularibus</strong></span> <span class='ocrx_word' id='word_1_103' title='bbox 1149 614 1403 654; x_wconf 65' lang='lat' dir='ltr'><strong>Iudaeorum„</strong></span> <span class='ocrx_word' id='word_1_104' title='bbox 1434 619 1563 649; x_wconf 83' lang='lat' dir='ltr'><strong>tamen</strong></span> <span class='ocrx_word' id='word_1_105' title='bbox 1589 608 1860 660; x_wconf 87' lang='lat' dir='ltr'><strong>praestiturum</strong></span> <span class='ocrx_word' id='word_1_106' title='bbox 1876 609 1995 645; x_wconf 85' lang='lat' dir='ltr'><strong>fidem</strong></span> <span class='ocrx_word' id='word_1_107' title='bbox 2011 607 2106 644; x_wconf 81' lang='lat' dir='ltr'><strong>veri-</strong></span> 
     </span>
     <span class='ocr_line' id='line_1_11' title="bbox 163 660 2106 720; baseline -0.006 -12"><span class='ocrx_word' id='word_1_108' title='bbox 163 674 359 720; x_wconf 80' lang='lat' dir='ltr'><strong>tatemque</strong></span> <span class='ocrx_word' id='word_1_109' title='bbox 396 669 536 707; x_wconf 81' lang='lat' dir='ltr'><strong>federis</strong></span> <span class='ocrx_word' id='word_1_110' title='bbox 573 668 886 706; x_wconf 78' lang='lat' dir='ltr'><strong>constantissime</strong></span> <span class='ocrx_word' id='word_1_111' title='bbox 927 675 1087 717; x_wconf 87' lang='lat' dir='ltr'><strong>propter</strong></span> <span class='ocrx_word' id='word_1_112' title='bbox 1114 667 1234 704; x_wconf 88' lang='lat' dir='ltr'><strong>filium</strong></span> <span class='ocrx_word' id='word_1_113' title='bbox 1265 665 1483 703; x_wconf 83' lang='lat' dir='ltr'><strong>dilectionis</strong></span> <span class='ocrx_word' id='word_1_114' title='bbox 1511 676 1615 702; x_wconf 86' lang='lat' dir='ltr'><strong>suae.</strong></span> <span class='ocrx_word' id='word_1_115' title='bbox 1653 662 1830 700; x_wconf 89' lang='lat' dir='ltr'><strong>Tertium</strong></span> <span class='ocrx_word' id='word_1_116' title='bbox 1859 667 1916 699; x_wconf 87' lang='lat' dir='ltr'><strong>est</strong></span> <span class='ocrx_word' id='word_1_117' title='bbox 1946 660 2106 704; x_wconf 57' lang='lat' dir='ltr'><strong>veritasq</strong></span> 
     </span>
     <span class='ocr_line' id='line_1_12' title="bbox 163 713 2107 773; baseline -0.006 -11"><span class='ocrx_word' id='word_1_118' title='bbox 163 724 244 762; x_wconf 92' lang='lat' dir='ltr'><strong>siue</strong></span> <span class='ocrx_word' id='word_1_119' title='bbox 273 724 606 773; x_wconf 86' lang='lat' dir='ltr'><strong>complementum</strong></span> <span class='ocrx_word' id='word_1_120' title='bbox 636 721 796 771; x_wconf 83' lang='lat' dir='ltr'><strong>aliquod</strong></span> <span class='ocrx_word' id='word_1_121' title='bbox 826 724 860 760; x_wconf 60' lang='grc' dir='ltr'><strong>ἅ*</strong></span> <span class='ocrx_word' id='word_1_122' title='bbox 888 720 1098 770; x_wconf 87' lang='lat' dir='ltr'><strong>praestatio</strong></span> <span class='ocrx_word' id='word_1_123' title='bbox 1128 731 1256 758; x_wconf 86' lang='lat' dir='ltr'><strong>rerum</strong></span> <span class='ocrx_word' id='word_1_124' title='bbox 1285 730 1382 768; x_wconf 84' lang='lat' dir='ltr'><strong>quas</strong></span> <span class='ocrx_word' id='word_1_125' title='bbox 1410 720 1516 756; x_wconf 88' lang='lat' dir='ltr'><strong>Deus</strong></span> <span class='ocrx_word' id='word_1_126' title='bbox 1546 717 1677 755; x_wconf 87' lang='lat' dir='ltr'><strong>federe</strong></span> <span class='ocrx_word' id='word_1_127' title='bbox 1706 729 1752 753; x_wconf 84' lang='lat' dir='ltr'><strong>ac</strong></span> <span class='ocrx_word' id='word_1_128' title='bbox 1781 713 2107 765; x_wconf 86' lang='lat' dir='ltr'><strong>promissionibus</strong></span> 
     </span>
     <span class='ocr_line' id='line_1_13' title="bbox 161 767 2107 825; baseline -0.007 -10"><span class='ocrx_word' id='word_1_129' title='bbox 161 778 427 815; x_wconf 88' lang='lat' dir='ltr'><strong>declarauerat</strong></span> <span class='ocrx_word' id='word_1_130' title='bbox 455 776 559 825; x_wconf 87' lang='lat' dir='ltr'><strong>genti</strong></span> <span class='ocrx_word' id='word_1_131' title='bbox 588 775 837 813; x_wconf 87' lang='lat' dir='ltr'><strong>Iudaeorum.</strong></span> <span class='ocrx_word' id='word_1_132' title='bbox 867 775 967 811; x_wconf 89' lang='lat' dir='ltr'><strong>Nam</strong></span> <span class='ocrx_word' id='word_1_133' title='bbox 996 774 1085 811; x_wconf 79' lang='lat' dir='ltr'><strong>cum</strong></span> <span class='ocrx_word' id='word_1_134' title='bbox 1114 772 1255 811; x_wconf 90' lang='lat' dir='ltr'><strong>federis</strong></span> <span class='ocrx_word' id='word_1_135' title='bbox 1285 772 1665 822; x_wconf 76' lang='lat' dir='ltr'><strong>promissiOnt&#39;imque</strong></span> <span class='ocrx_word' id='word_1_136' title='bbox 1694 768 1794 806; x_wconf 89' lang='lat' dir='ltr'><strong>illius</strong></span> <span class='ocrx_word' id='word_1_137' title='bbox 1824 767 1976 805; x_wconf 89' lang='lat' dir='ltr'><strong>Iudaeis</strong></span> <span class='ocrx_word' id='word_1_138' title='bbox 1991 768 2107 804; x_wconf 78' lang='lat' dir='ltr'><strong>facta-</strong></span> 
     </span>
     <span class='ocr_line' id='line_1_14' title="bbox 163 820 2107 878; baseline -0.006 -11"><span class='ocrx_word' id='word_1_139' title='bbox 163 842 248 868; x_wconf 89' lang='lat' dir='ltr'><strong>rum</strong></span> <span class='ocrx_word' id='word_1_140' title='bbox 277 830 375 868; x_wconf 90' lang='lat' dir='ltr'><strong>ratio</strong></span> <span class='ocrx_word' id='word_1_141' title='bbox 403 828 516 866; x_wconf 85' lang='lat' dir='ltr'><strong>fuerit</strong></span> <span class='ocrx_word' id='word_1_142' title='bbox 545 829 708 878; x_wconf 85' lang='lat' dir='ltr'><strong>duplex:</strong></span> <span class='ocrx_word' id='word_1_143' title='bbox 739 841 815 866; x_wconf 84' lang='lat' dir='ltr'><strong>vna</strong></span> <span class='ocrx_word' id='word_1_144' title='bbox 841 827 1087 876; x_wconf 59' lang='lat' dir='ltr'><strong>temporalis„</strong></span> <span class='ocrx_word' id='word_1_145' title='bbox 1116 833 1272 864; x_wconf 83' lang='lat' dir='ltr'><strong>aeterna</strong></span> <span class='ocrx_word' id='word_1_146' title='bbox 1299 827 1438 863; x_wconf 85' lang='lat' dir='ltr'><strong>altera:</strong></span> <span class='ocrx_word' id='word_1_147' title='bbox 1469 823 1630 861; x_wconf 81' lang='lat' dir='ltr'><strong>omnino</strong></span> <span class='ocrx_word' id='word_1_148' title='bbox 1660 822 1736 859; x_wconf 82' lang='lat' dir='ltr'><strong>iam</strong></span> <span class='ocrx_word' id='word_1_149' title='bbox 1764 833 1834 859; x_wconf 85' lang='lat' dir='ltr'><strong>suo</strong></span> <span class='ocrx_word' id='word_1_150' title='bbox 1859 827 2055 869; x_wconf 65' lang='lat' dir='ltr'><strong>tempore,</strong></span> <span class='ocrx_word' id='word_1_151' title='bbox 2072 820 2107 856; x_wconf 60' lang='grc' dir='ltr'>ἃ</span> 
     </span>
     <span class='ocr_line' id='line_1_15' title="bbox 163 872 2106 929; baseline -0.006 -8"><span class='ocrx_word' id='word_1_152' title='bbox 163 895 233 921; x_wconf 92' lang='lat' dir='ltr'><strong>suo</strong></span> <span class='ocrx_word' id='word_1_153' title='bbox 264 882 400 921; x_wconf 89' lang='lat' dir='ltr'><strong>ordine</strong></span> <span class='ocrx_word' id='word_1_154' title='bbox 429 882 630 919; x_wconf 89' lang='lat' dir='ltr'><strong>veritatem</strong></span> <span class='ocrx_word' id='word_1_155' title='bbox 660 893 788 919; x_wconf 87' lang='lat' dir='ltr'><strong>rerum</strong></span> <span class='ocrx_word' id='word_1_156' title='bbox 815 880 1089 929; x_wconf 78' lang='lat' dir='ltr'><strong>temporalium</strong></span> <span class='ocrx_word' id='word_1_157' title='bbox 1120 881 1228 917; x_wconf 88' lang='lat' dir='ltr'><strong>Deus</strong></span> <span class='ocrx_word' id='word_1_158' title='bbox 1257 878 1443 928; x_wconf 88' lang='lat' dir='ltr'><strong>praestitit</strong></span> <span class='ocrx_word' id='word_1_159' title='bbox 1463 876 1617 915; x_wconf 88' lang='lat' dir='ltr'><strong>Iudaeis</strong></span> <span class='ocrx_word' id='word_1_160' title='bbox 1632 874 1833 914; x_wconf 88' lang='lat' dir='ltr'><strong>omnibus:</strong></span> <span class='ocrx_word' id='word_1_161' title='bbox 1851 872 2106 923; x_wconf 83' lang='lat' dir='ltr'><strong>spiritualium</strong></span> 
     </span>
     <span class='ocr_line' id='line_1_16' title="bbox 163 925 2108 984; baseline -0.005 -12"><span class='ocrx_word' id='word_1_162' title='bbox 163 939 257 975; x_wconf 78' lang='lat' dir='ltr'><strong>vero</strong></span> <span class='ocrx_word' id='word_1_163' title='bbox 299 935 499 974; x_wconf 84' lang='lat' dir='ltr'><strong>veritatem</strong></span> <span class='ocrx_word' id='word_1_164' title='bbox 542 947 612 973; x_wconf 92' lang='lat' dir='ltr'><strong>suo</strong></span> <span class='ocrx_word' id='word_1_165' title='bbox 656 936 779 973; x_wconf 89' lang='lat' dir='ltr'><strong>modo</strong></span> <span class='ocrx_word' id='word_1_166' title='bbox 820 940 1080 984; x_wconf 88' lang='lat' dir='ltr'><strong>perceperunt</strong></span> <span class='ocrx_word' id='word_1_167' title='bbox 1119 933 1192 982; x_wconf 85' lang='lat' dir='ltr'><strong>pij:</strong></span> <span class='ocrx_word' id='word_1_168' title='bbox 1231 931 1564 981; x_wconf 75' lang='lat' dir='ltr'><strong>quemadmodum</strong></span> <span class='ocrx_word' id='word_1_169' title='bbox 1604 929 1806 967; x_wconf 87' lang='lat' dir='ltr'><strong>Abraham</strong></span> <span class='ocrx_word' id='word_1_170' title='bbox 1834 926 1975 964; x_wconf 88' lang='lat' dir='ltr'><strong>vidisse</strong></span> <span class='ocrx_word' id='word_1_171' title='bbox 2004 925 2108 963; x_wconf 91' lang='lat' dir='ltr'><strong>diem</strong></span> 
     </span>
     <span class='ocr_line' id='line_1_17' title="bbox 162 980 2105 1034; baseline -0.006 -7"><span class='ocrx_word' id='word_1_172' title='bbox 162 989 323 1028; x_wconf 86' lang='lat' dir='ltr'><strong>Domini</strong></span> <span class='ocrx_word' id='word_1_173' title='bbox 359 991 395 1027; x_wconf 56' lang='grc' dir='ltr'>ἃ</span> <span class='ocrx_word' id='word_1_174' title='bbox 425 989 474 1026; x_wconf 84' lang='grc' dir='ltr'><strong>(1θ</strong></span> <span class='ocrx_word' id='word_1_175' title='bbox 502 1001 550 1026; x_wconf 92' lang='lat' dir='ltr'><strong>eo</strong></span> <span class='ocrx_word' id='word_1_176' title='bbox 580 987 813 1026; x_wconf 88' lang='lat' dir='ltr'><strong>exultauisse</strong></span> <span class='ocrx_word' id='word_1_177' title='bbox 842 987 993 1026; x_wconf 85' lang='lat' dir='ltr'><strong>dicitur.</strong></span> <span class='ocrx_word' id='word_1_178' title='bbox 1021 989 1130 1024; x_wconf 90' lang='lat' dir='ltr'><strong>Ioan.</strong></span> <span class='ocrx_word' id='word_1_179' title='bbox 1160 988 1195 1024; x_wconf 89' lang='lat'><strong>8.</strong></span> <span class='ocrx_word' id='word_1_180' title='bbox 1229 987 1290 1034; x_wconf 88' lang='lat'><strong>56.</strong></span> <span class='ocrx_word' id='word_1_181' title='bbox 1320 985 1513 1033; x_wconf 85' lang='lat' dir='ltr'><strong>Quartum</strong></span> <span class='ocrx_word' id='word_1_182' title='bbox 1542 990 1600 1020; x_wconf 88' lang='lat' dir='ltr'><strong>est</strong></span> <span class='ocrx_word' id='word_1_183' title='bbox 1629 982 1729 1020; x_wconf 91' lang='lat' dir='ltr'><strong>ordo</strong></span> <span class='ocrx_word' id='word_1_184' title='bbox 1757 980 1958 1030; x_wconf 78' lang='lat' dir='ltr'><strong>publich</strong></span> <span class='ocrx_word' id='word_1_185' title='bbox 1988 990 2105 1028; x_wconf 90' lang='lat' dir='ltr'><strong>quem</strong></span> 
     </span>
     <span class='ocr_line' id='line_1_18' title="bbox 164 1033 2109 1091; baseline -0.006 -11"><span class='ocrx_word' id='word_1_186' title='bbox 164 1044 271 1080; x_wconf 92' lang='lat' dir='ltr'><strong>Deus</strong></span> <span class='ocrx_word' id='word_1_187' title='bbox 305 1049 388 1080; x_wconf 89' lang='lat' dir='ltr'><strong>tum</strong></span> <span class='ocrx_word' id='word_1_188' title='bbox 423 1041 458 1079; x_wconf 87' lang='lat' dir='ltr'><strong>in</strong></span> <span class='ocrx_word' id='word_1_189' title='bbox 500 1041 679 1091; x_wconf 83' lang='lat' dir='ltr'><strong>politeia,</strong></span> <span class='ocrx_word' id='word_1_190' title='bbox 709 1049 790 1078; x_wconf 89' lang='lat' dir='ltr'><strong>tum</strong></span> <span class='ocrx_word' id='word_1_191' title='bbox 818 1041 856 1078; x_wconf 89' lang='lat' dir='ltr'><strong>in</strong></span> <span class='ocrx_word' id='word_1_192' title='bbox 888 1039 1063 1078; x_wconf 82' lang='lat' dir='ltr'><strong>Ecclesia</strong></span> <span class='ocrx_word' id='word_1_193' title='bbox 1091 1041 1326 1077; x_wconf 87' lang='lat' dir='ltr'><strong>Iudaeorum</strong></span> <span class='ocrx_word' id='word_1_194' title='bbox 1355 1036 1555 1075; x_wconf 82' lang='lat' dir='ltr'><strong>constituit</strong></span> <span class='ocrx_word' id='word_1_195' title='bbox 1582 1034 1895 1083; x_wconf 63' lang='lat' dir='ltr'><strong>obseruandum,</strong></span> <span class='ocrx_word' id='word_1_196' title='bbox 1923 1033 2109 1082; x_wconf 88' lang='lat' dir='ltr'><strong>tantisper</strong></span> 
     </span>
     <span class='ocr_line' id='line_1_19' title="bbox 164 1087 2107 1144; baseline -0.006 -11"><span class='ocrx_word' id='word_1_197' title='bbox 164 1097 257 1134; x_wconf 89' lang='lat' dir='ltr'><strong>dum</strong></span> <span class='ocrx_word' id='word_1_198' title='bbox 286 1095 324 1133; x_wconf 90' lang='lat' dir='ltr'><strong>in</strong></span> <span class='ocrx_word' id='word_1_199' title='bbox 354 1095 515 1139; x_wconf 89' lang='lat' dir='ltr'><strong>federis,</strong></span> <span class='ocrx_word' id='word_1_200' title='bbox 545 1093 928 1144; x_wconf 77' lang='lat' dir='ltr'><strong>promissionumque</strong></span> <span class='ocrx_word' id='word_1_201' title='bbox 955 1092 1137 1143; x_wconf 67' lang='lat' dir='ltr'><strong>veritate,</strong></span> <span class='ocrx_word' id='word_1_202' title='bbox 1166 1105 1239 1142; x_wconf 90' lang='lat' dir='ltr'><strong>pro</strong></span> <span class='ocrx_word' id='word_1_203' title='bbox 1268 1091 1418 1129; x_wconf 86' lang='lat' dir='ltr'><strong>ratione</strong></span> <span class='ocrx_word' id='word_1_204' title='bbox 1447 1097 1670 1139; x_wconf 90' lang='lat' dir='ltr'><strong>temporum</strong></span> <span class='ocrx_word' id='word_1_205' title='bbox 1698 1087 1854 1125; x_wconf 86' lang='lat' dir='ltr'><strong>illorum</strong></span> <span class='ocrx_word' id='word_1_206' title='bbox 1883 1087 2107 1133; x_wconf 63' lang='lat' dir='ltr'><strong>alebantur„</strong></span> 
     </span>
     <span class='ocr_line' id='line_1_20' title="bbox 164 1139 2109 1197; baseline -0.006 -10"><span class='ocrx_word' id='word_1_207' title='bbox 164 1151 199 1187; x_wconf 84' lang='lat'>&amp;</span> <span class='ocrx_word' id='word_1_208' title='bbox 239 1149 289 1187; x_wconf 87' lang='lat' dir='ltr'><strong>ad</strong></span> <span class='ocrx_word' id='word_1_209' title='bbox 331 1148 643 1197; x_wconf 86' lang='lat' dir='ltr'><strong>expectationem</strong></span> <span class='ocrx_word' id='word_1_210' title='bbox 686 1147 803 1185; x_wconf 86' lang='lat' dir='ltr'><strong>futuri</strong></span> <span class='ocrx_word' id='word_1_211' title='bbox 837 1147 1035 1196; x_wconf 88' lang='lat' dir='ltr'><strong>amplioris</strong></span> <span class='ocrx_word' id='word_1_212' title='bbox 1072 1146 1167 1184; x_wconf 89' lang='lat' dir='ltr'><strong>boni</strong></span> <span class='ocrx_word' id='word_1_213' title='bbox 1204 1144 1486 1183; x_wconf 80' lang='lat' dir='ltr'><strong>excitabantur.</strong></span> <span class='ocrx_word' id='word_1_214' title='bbox 1530 1144 1775 1179; x_wconf 87' lang='lat' dir='ltr'><strong>Postremum</strong></span> <span class='ocrx_word' id='word_1_215' title='bbox 1804 1146 1861 1177; x_wconf 91' lang='lat' dir='ltr'><strong>est</strong></span> <span class='ocrx_word' id='word_1_216' title='bbox 1889 1139 2109 1188; x_wconf 62' lang='lat' dir='ltr'><strong>signorum„</strong></span> 
     </span>
     <span class='ocr_line' id='line_1_21' title="bbox 163 1192 2108 1252; baseline -0.006 -12"><span class='ocrx_word' id='word_1_217' title='bbox 163 1214 263 1252; x_wconf 88' lang='lat' dir='ltr'><strong>quae</strong></span> <span class='ocrx_word' id='word_1_218' title='bbox 291 1202 340 1239; x_wconf 84' lang='lat' dir='ltr'><strong>ad</strong></span> <span class='ocrx_word' id='word_1_219' title='bbox 369 1203 468 1238; x_wconf 81' lang='lat' dir='ltr'><strong>haec</strong></span> <span class='ocrx_word' id='word_1_220' title='bbox 497 1201 629 1239; x_wconf 81' lang='lat' dir='ltr'><strong>onmia</strong></span> <span class='ocrx_word' id='word_1_221' title='bbox 657 1201 798 1239; x_wconf 84' lang='lat' dir='ltr'><strong>adiecit</strong></span> <span class='ocrx_word' id='word_1_222' title='bbox 826 1202 951 1244; x_wconf 65' lang='lat' dir='ltr'><strong>Deus„</strong></span> <span class='ocrx_word' id='word_1_223' title='bbox 989 1207 1030 1237; x_wconf 91' lang='lat' dir='ltr'><strong>vt</strong></span> <span class='ocrx_word' id='word_1_224' title='bbox 1057 1213 1151 1249; x_wconf 86' lang='lat' dir='ltr'><strong>gens</strong></span> <span class='ocrx_word' id='word_1_225' title='bbox 1180 1199 1244 1236; x_wconf 86' lang='lat' dir='ltr'><strong>illa</strong></span> <span class='ocrx_word' id='word_1_226' title='bbox 1273 1198 1310 1236; x_wconf 89' lang='lat' dir='ltr'><strong>in</strong></span> <span class='ocrx_word' id='word_1_227' title='bbox 1341 1195 1611 1246; x_wconf 83' lang='lat' dir='ltr'><strong>expectatione</strong></span> <span class='ocrx_word' id='word_1_228' title='bbox 1638 1192 1942 1244; x_wconf 86' lang='lat' dir='ltr'><strong>promissionum</strong></span> <span class='ocrx_word' id='word_1_229' title='bbox 1972 1192 2108 1229; x_wconf 86' lang='lat' dir='ltr'><strong>verita-</strong></span> 
     </span>
     <span class='ocr_line' id='line_1_22' title="bbox 164 1245 2110 1304; baseline -0.006 -11"><span class='ocrx_word' id='word_1_230' title='bbox 164 1258 292 1304; x_wconf 80' lang='lat' dir='ltr'><strong>tisque</strong></span> <span class='ocrx_word' id='word_1_231' title='bbox 327 1254 481 1292; x_wconf 88' lang='lat' dir='ltr'><strong>diuinae</strong></span> <span class='ocrx_word' id='word_1_232' title='bbox 518 1255 749 1292; x_wconf 80' lang='lat' dir='ltr'><strong>confirmata</strong></span> <span class='ocrx_word' id='word_1_233' title='bbox 785 1254 1082 1303; x_wconf 83' lang='lat' dir='ltr'><strong>conquiesceret</strong></span> <span class='ocrx_word' id='word_1_234' title='bbox 1114 1252 1152 1290; x_wconf 90' lang='lat' dir='ltr'><strong>in</strong></span> <span class='ocrx_word' id='word_1_235' title='bbox 1181 1252 1258 1290; x_wconf 84' lang='lat' dir='ltr'><strong>fide</strong></span> <span class='ocrx_word' id='word_1_236' title='bbox 1287 1250 1407 1297; x_wconf 74' lang='lat' dir='ltr'><strong>illius3</strong></span> <span class='ocrx_word' id='word_1_237' title='bbox 1436 1262 1528 1287; x_wconf 84' lang='lat' dir='ltr'><strong>nam</strong></span> <span class='ocrx_word' id='word_1_238' title='bbox 1555 1249 1653 1286; x_wconf 89' lang='lat' dir='ltr'><strong>fides</strong></span> <span class='ocrx_word' id='word_1_239' title='bbox 1682 1245 1963 1296; x_wconf 85' lang='lat' dir='ltr'><strong>obsignabatur</strong></span> <span class='ocrx_word' id='word_1_240' title='bbox 1988 1245 2110 1282; x_wconf 92' lang='lat' dir='ltr'><strong>docu-</strong></span> 
     </span>
     <span class='ocr_line' id='line_1_23' title="bbox 165 1297 2111 1358; baseline -0.006 -12"><span class='ocrx_word' id='word_1_241' title='bbox 165 1308 307 1346; x_wconf 85' lang='lat' dir='ltr'><strong>mentis</strong></span> <span class='ocrx_word' id='word_1_242' title='bbox 344 1308 544 1358; x_wconf 87' lang='lat' dir='ltr'><strong>signorum</strong></span> <span class='ocrx_word' id='word_1_243' title='bbox 579 1307 775 1356; x_wconf 82' lang='lat' dir='ltr'><strong>imperatis</strong></span> <span class='ocrx_word' id='word_1_244' title='bbox 813 1309 836 1345; x_wconf 75' lang='lat' dir='ltr'><strong>a</strong></span> <span class='ocrx_word' id='word_1_245' title='bbox 863 1306 1051 1344; x_wconf 89' lang='lat' dir='ltr'><strong>Domino.</strong></span> <span class='ocrx_word' id='word_1_246' title='bbox 1082 1306 1305 1344; x_wconf 86' lang='lat' dir='ltr'><strong>Secundum</strong></span> <span class='ocrx_word' id='word_1_247' title='bbox 1331 1305 1429 1341; x_wconf 90' lang='lat' dir='ltr'><strong>haec</strong></span> <span class='ocrx_word' id='word_1_248' title='bbox 1457 1302 1572 1353; x_wconf 87' lang='lat' dir='ltr'><strong>igitur</strong></span> <span class='ocrx_word' id='word_1_249' title='bbox 1600 1300 1751 1349; x_wconf 64' lang='lat' dir='ltr'><strong>omnia,</strong></span> <span class='ocrx_word' id='word_1_250' title='bbox 1781 1299 1948 1337; x_wconf 86' lang='lat' dir='ltr'><strong>Iudaeus</strong></span> <span class='ocrx_word' id='word_1_251' title='bbox 1975 1297 2111 1348; x_wconf 88' lang='lat' dir='ltr'><strong>priscis</strong></span> 
     </span>
     <span class='ocr_line' id='line_1_24' title="bbox 163 1351 2110 1410; baseline -0.006 -11"><span class='ocrx_word' id='word_1_252' title='bbox 163 1361 237 1400; x_wconf 91' lang='lat' dir='ltr'><strong>illis</strong></span> <span class='ocrx_word' id='word_1_253' title='bbox 281 1361 525 1410; x_wconf 85' lang='lat' dir='ltr'><strong>temporibus</strong></span> <span class='ocrx_word' id='word_1_254' title='bbox 566 1360 716 1398; x_wconf 87' lang='lat' dir='ltr'><strong>ratione</strong></span> <span class='ocrx_word' id='word_1_255' title='bbox 753 1360 933 1410; x_wconf 86' lang='lat' dir='ltr'><strong>singulari</strong></span> <span class='ocrx_word' id='word_1_256' title='bbox 970 1359 1140 1408; x_wconf 90' lang='lat' dir='ltr'><strong>quadam</strong></span> <span class='ocrx_word' id='word_1_257' title='bbox 1179 1364 1261 1396; x_wconf 89' lang='lat' dir='ltr'><strong>erat</strong></span> <span class='ocrx_word' id='word_1_258' title='bbox 1289 1369 1405 1407; x_wconf 89' lang='lat' dir='ltr'><strong>supra</strong></span> <span class='ocrx_word' id='word_1_259' title='bbox 1433 1366 1686 1393; x_wconf 90' lang='lat' dir='ltr'><strong>communem</strong></span> <span class='ocrx_word' id='word_1_260' title='bbox 1714 1352 1918 1391; x_wconf 89' lang='lat' dir='ltr'><strong>hominum</strong></span> <span class='ocrx_word' id='word_1_261' title='bbox 1946 1351 2110 1389; x_wconf 87' lang='lat' dir='ltr'><strong>aliorum</strong></span> 
     </span>
     <span class='ocr_line' id='line_1_25' title="bbox 164 1405 2112 1462; baseline -0.006 -10"><span class='ocrx_word' id='word_1_262' title='bbox 164 1414 433 1453; x_wconf 90' lang='lat' dir='ltr'><strong>conditionem</strong></span> <span class='ocrx_word' id='word_1_263' title='bbox 476 1421 655 1452; x_wconf 88' lang='lat' dir='ltr'><strong>euectus:</strong></span> <span class='ocrx_word' id='word_1_264' title='bbox 698 1416 732 1452; x_wconf 66' lang='grc' dir='ltr'><strong>δε</strong></span> <span class='ocrx_word' id='word_1_265' title='bbox 769 1426 851 1451; x_wconf 88' lang='lat' dir='ltr'><strong>non</strong></span> <span class='ocrx_word' id='word_1_266' title='bbox 893 1414 1020 1451; x_wconf 90' lang='lat' dir='ltr'><strong>solum</strong></span> <span class='ocrx_word' id='word_1_267' title='bbox 1061 1411 1212 1462; x_wconf 86' lang='lat' dir='ltr'><strong>legibus</strong></span> <span class='ocrx_word' id='word_1_268' title='bbox 1246 1409 1508 1449; x_wconf 84' lang='lat' dir='ltr'><strong>communiter</strong></span> <span class='ocrx_word' id='word_1_269' title='bbox 1543 1419 1632 1445; x_wconf 87' lang='lat' dir='ltr'><strong>cum</strong></span> <span class='ocrx_word' id='word_1_270' title='bbox 1668 1405 1751 1444; x_wconf 89' lang='lat' dir='ltr'><strong>aliis</strong></span> <span class='ocrx_word' id='word_1_271' title='bbox 1778 1406 2006 1450; x_wconf 63' lang='lat' dir='ltr'><strong>tenebatur„</strong></span> <span class='ocrx_word' id='word_1_272' title='bbox 2035 1406 2112 1453; x_wconf 78' lang='lat' dir='ltr'><strong>qua</strong></span> 
     </span>
     <span class='ocr_line' id='line_1_26' title="bbox 165 1458 2111 1516; baseline -0.006 -11"><span class='ocrx_word' id='word_1_273' title='bbox 165 1470 306 1506; x_wconf 86' lang='lat' dir='ltr'><strong>homo:</strong></span> <span class='ocrx_word' id='word_1_274' title='bbox 336 1468 472 1506; x_wconf 78' lang='lat' dir='ltr'><strong>verum</strong></span> <span class='ocrx_word' id='word_1_275' title='bbox 502 1468 616 1506; x_wconf 89' lang='lat' dir='ltr'><strong>etiam</strong></span> <span class='ocrx_word' id='word_1_276' title='bbox 646 1466 921 1516; x_wconf 47' lang='lat' dir='ltr'><strong>singularibus5</strong></span> <span class='ocrx_word' id='word_1_277' title='bbox 950 1468 1027 1515; x_wconf 76' lang='lat' dir='ltr'><strong>qua</strong></span> <span class='ocrx_word' id='word_1_278' title='bbox 1054 1466 1221 1503; x_wconf 88' lang='lat' dir='ltr'><strong>Iudaeus</strong></span> <span class='ocrx_word' id='word_1_279' title='bbox 1250 1464 1418 1514; x_wconf 81' lang='lat' dir='ltr'><strong>gratiose</strong></span> <span class='ocrx_word' id='word_1_280' title='bbox 1446 1461 1616 1500; x_wconf 86' lang='lat' dir='ltr'><strong>adscitus</strong></span> <span class='ocrx_word' id='word_1_281' title='bbox 1633 1461 1684 1498; x_wconf 88' lang='lat' dir='ltr'><strong>ad</strong></span> <span class='ocrx_word' id='word_1_282' title='bbox 1699 1466 1897 1498; x_wconf 88' lang='lat' dir='ltr'><strong>tantorum</strong></span> <span class='ocrx_word' id='word_1_283' title='bbox 1912 1458 2111 1496; x_wconf 89' lang='lat' dir='ltr'><strong>bonorum</strong></span> 
     </span>
     <span class='ocr_line' id='line_1_27' title="bbox 166 1521 515 1571; baseline 0.003 -13"><span class='ocrx_word' id='word_1_284' title='bbox 166 1521 515 1571; x_wconf 82' lang='lat' dir='ltr'><strong>participationem.</strong></span> 
     </span>
    </p>

    <p class='ocr_par' dir='ltr' id='par_1_3' title="bbox 164 1564 2129 2794">
     <span class='ocr_line' id='line_1_28' title="bbox 219 1564 2112 1622; baseline -0.006 -10"><span class='ocrx_word' id='word_1_285' title='bbox 219 1575 421 1613; x_wconf 87' lang='lat' dir='ltr'><strong>Secundus</strong></span> <span class='ocrx_word' id='word_1_286' title='bbox 449 1576 561 1612; x_wconf 88' lang='lat' dir='ltr'><strong>locus</strong></span> <span class='ocrx_word' id='word_1_287' title='bbox 590 1580 646 1612; x_wconf 90' lang='lat' dir='ltr'><strong>est</strong></span> <span class='ocrx_word' id='word_1_288' title='bbox 674 1584 823 1611; x_wconf 90' lang='lat' dir='ltr'><strong>rerum:</strong></span> <span class='ocrx_word' id='word_1_289' title='bbox 853 1584 1018 1622; x_wconf 87' lang='lat' dir='ltr'><strong>quarum</strong></span> <span class='ocrx_word' id='word_1_290' title='bbox 1048 1571 1191 1610; x_wconf 87' lang='lat' dir='ltr'><strong>modus</strong></span> <span class='ocrx_word' id='word_1_291' title='bbox 1219 1573 1254 1609; x_wconf 70' lang='lat' dir='ltr'><strong>Sc</strong></span> <span class='ocrx_word' id='word_1_292' title='bbox 1282 1569 1458 1608; x_wconf 89' lang='lat' dir='ltr'><strong>conditio</strong></span> <span class='ocrx_word' id='word_1_293' title='bbox 1473 1567 1609 1606; x_wconf 87' lang='lat' dir='ltr'><strong>itidem</strong></span> <span class='ocrx_word' id='word_1_294' title='bbox 1625 1565 1894 1616; x_wconf 64' lang='lat' dir='ltr'><strong>distinguitur,</strong></span> <span class='ocrx_word' id='word_1_295' title='bbox 1921 1564 2112 1603; x_wconf 86' lang='lat' dir='ltr'><strong>&amp;eodem</strong></span> 
     </span>
     <span class='ocr_line' id='line_1_29' title="bbox 164 1619 2113 1675; baseline -0.006 -9"><span class='ocrx_word' id='word_1_296' title='bbox 164 1628 260 1666; x_wconf 86' lang='lat' dir='ltr'><strong>iure.</strong></span> <span class='ocrx_word' id='word_1_297' title='bbox 288 1628 406 1666; x_wconf 90' lang='lat' dir='ltr'><strong>Thes.</strong></span> <span class='ocrx_word' id='word_1_298' title='bbox 438 1629 499 1665; x_wconf 88' lang='lat'><strong>26.</strong></span> <span class='ocrx_word' id='word_1_299' title='bbox 528 1629 630 1665; x_wconf 87' lang='lat' dir='ltr'><strong>Nam</strong></span> <span class='ocrx_word' id='word_1_300' title='bbox 659 1628 865 1664; x_wconf 78' lang='lat' dir='ltr'><strong>communis</strong></span> <span class='ocrx_word' id='word_1_301' title='bbox 892 1639 1025 1663; x_wconf 74' lang='lat' dir='ltr'><strong>rerum</strong></span> <span class='ocrx_word' id='word_1_302' title='bbox 1054 1626 1187 1662; x_wconf 71' lang='lat' dir='ltr'><strong>modus</strong></span> <span class='ocrx_word' id='word_1_303' title='bbox 1215 1630 1288 1670; x_wconf 68' lang='lat' dir='ltr'><strong>est,</strong></span> <span class='ocrx_word' id='word_1_304' title='bbox 1308 1628 1437 1675; x_wconf 66' lang='lat' dir='ltr'><strong>prout</strong></span> <span class='ocrx_word' id='word_1_305' title='bbox 1460 1622 1707 1660; x_wconf 78' lang='lat' dir='ltr'><strong>communiter</strong></span> <span class='ocrx_word' id='word_1_306' title='bbox 1735 1624 1826 1657; x_wconf 75' lang='lat' dir='ltr'><strong>sulzt</strong></span> <span class='ocrx_word' id='word_1_307' title='bbox 1854 1620 1893 1656; x_wconf 74' lang='lat' dir='ltr'><strong>ia</strong></span> <span class='ocrx_word' id='word_1_308' title='bbox 1910 1631 1981 1656; x_wconf 70' lang='lat' dir='ltr'><strong>usu</strong></span> <span class='ocrx_word' id='word_1_309' title='bbox 1997 1619 2113 1655; x_wconf 75' lang='lat' dir='ltr'><strong>homi-</strong></span> 
     </span>
     <span class='ocr_line' id='line_1_30' title="bbox 165 1673 2114 1732; baseline -0.006 -14"><span class='ocrx_word' id='word_1_310' title='bbox 165 1695 254 1719; x_wconf 76' lang='lat' dir='ltr'><strong>num</strong></span> <span class='ocrx_word' id='word_1_311' title='bbox 296 1687 409 1730; x_wconf 77' lang='lat' dir='ltr'><strong>atque</strong></span> <span class='ocrx_word' id='word_1_312' title='bbox 449 1686 705 1732; x_wconf 66' lang='lat' dir='ltr'><strong>occupantur:</strong></span> <span class='ocrx_word' id='word_1_313' title='bbox 738 1680 962 1728; x_wconf 74' lang='lat' dir='ltr'><strong>Singularis</strong></span> <span class='ocrx_word' id='word_1_314' title='bbox 988 1680 1079 1718; x_wconf 70' lang='lat' dir='ltr'><strong>verb</strong></span> <span class='ocrx_word' id='word_1_315' title='bbox 1098 1684 1228 1730; x_wconf 69' lang='lat' dir='ltr'><strong>prout</strong></span> <span class='ocrx_word' id='word_1_316' title='bbox 1251 1678 1308 1715; x_wconf 75' lang='lat' dir='ltr'><strong>ad</strong></span> <span class='ocrx_word' id='word_1_317' title='bbox 1330 1677 1567 1724; x_wconf 52' lang='lat' dir='ltr'><strong>singularem</strong></span> <span class='ocrx_word' id='word_1_318' title='bbox 1593 1678 1800 1721; x_wconf 64' lang='lat' dir='ltr'><strong>practerea</strong></span> <span class='ocrx_word' id='word_1_319' title='bbox 1819 1673 1996 1721; x_wconf 65' lang='lat' dir='ltr'><strong>sederis7</strong></span> <span class='ocrx_word' id='word_1_320' title='bbox 2017 1677 2114 1721; x_wconf 76' lang='lat' dir='ltr'><strong>pro-</strong></span> 
     </span>
     <span class='ocr_line' id='line_1_31' title="bbox 167 1726 2116 1783; baseline -0.006 -11"><span class='ocrx_word' id='word_1_321' title='bbox 167 1737 376 1781; x_wconf 49' lang='lat' dir='ltr'><strong>missionisq</strong></span> <span class='ocrx_word' id='word_1_322' title='bbox 414 1735 607 1783; x_wconf 46' lang='lat' dir='ltr'><strong>veritatis„</strong></span> <span class='ocrx_word' id='word_1_323' title='bbox 644 1734 811 1781; x_wconf 67' lang='lat' dir='ltr'><strong>ordinis,</strong></span> <span class='ocrx_word' id='word_1_324' title='bbox 840 1734 1189 1781; x_wconf 68' lang='lat' dir='ltr'><strong>sederatorzimque</strong></span> <span class='ocrx_word' id='word_1_325' title='bbox 1216 1743 1343 1780; x_wconf 67' lang='lat' dir='ltr'><strong>vsmn7</strong></span> <span class='ocrx_word' id='word_1_326' title='bbox 1372 1735 1443 1767; x_wconf 81' lang='lat' dir='ltr'><strong>ant</strong></span> <span class='ocrx_word' id='word_1_327' title='bbox 1467 1729 1788 1778; x_wconf 77' lang='lat' dir='ltr'><strong>significationem</strong></span> <span class='ocrx_word' id='word_1_328' title='bbox 1816 1726 2047 1762; x_wconf 71' lang='lat' dir='ltr'><strong>adhibentur</strong></span> <span class='ocrx_word' id='word_1_329' title='bbox 2074 1737 2116 1761; x_wconf 61' lang='lat' dir='ltr'><strong>car</strong></span> 
     </span>
     <span class='ocr_line' id='line_1_32' title="bbox 167 1778 2113 1835; baseline -0.006 -10"><span class='ocrx_word' id='word_1_330' title='bbox 167 1789 398 1826; x_wconf 74' lang='lat' dir='ltr'><strong>institulz&#39;mze</strong></span> <span class='ocrx_word' id='word_1_331' title='bbox 424 1789 521 1826; x_wconf 62' lang='lat' dir='ltr'><strong>Dei:</strong></span> <span class='ocrx_word' id='word_1_332' title='bbox 553 1788 592 1825; x_wconf 91' lang='lat' dir='ltr'><strong>id</strong></span> <span class='ocrx_word' id='word_1_333' title='bbox 621 1793 679 1824; x_wconf 87' lang='lat' dir='ltr'><strong>est</strong></span> <span class='ocrx_word' id='word_1_334' title='bbox 707 1788 763 1835; x_wconf 85' lang='lat' dir='ltr'><strong>(vt</strong></span> <span class='ocrx_word' id='word_1_335' title='bbox 795 1785 972 1823; x_wconf 88' lang='lat' dir='ltr'><strong>dicamus</strong></span> <span class='ocrx_word' id='word_1_336' title='bbox 1000 1785 1150 1835; x_wconf 89' lang='lat' dir='ltr'><strong>paucis)</strong></span> <span class='ocrx_word' id='word_1_337' title='bbox 1179 1795 1432 1822; x_wconf 87' lang='lat' dir='ltr'><strong>communem</strong></span> <span class='ocrx_word' id='word_1_338' title='bbox 1457 1793 1585 1820; x_wconf 91' lang='lat' dir='ltr'><strong>rerum</strong></span> <span class='ocrx_word' id='word_1_339' title='bbox 1611 1780 1773 1818; x_wconf 88' lang='lat' dir='ltr'><strong>modurn</strong></span> <span class='ocrx_word' id='word_1_340' title='bbox 1791 1781 1826 1817; x_wconf 61' lang='grc' dir='ltr'>ἃ</span> <span class='ocrx_word' id='word_1_341' title='bbox 1843 1778 2113 1816; x_wconf 89' lang='lat' dir='ltr'><strong>conditionum</strong></span> 
     </span>
     <span class='ocr_line' id='line_1_33' title="bbox 167 1830 2115 1891; baseline -0.006 -13"><span class='ocrx_word' id='word_1_342' title='bbox 167 1847 304 1879; x_wconf 87' lang='lat' dir='ltr'><strong>natura</strong></span> <span class='ocrx_word' id='word_1_343' title='bbox 332 1840 442 1891; x_wconf 70' lang='lat' dir='ltr'><strong>facit,</strong></span> <span class='ocrx_word' id='word_1_344' title='bbox 471 1842 506 1878; x_wconf 67' lang='grc' dir='ltr'><strong>δε</strong></span> <span class='ocrx_word' id='word_1_345' title='bbox 534 1841 598 1878; x_wconf 92' lang='lat' dir='ltr'><strong>lex</strong></span> <span class='ocrx_word' id='word_1_346' title='bbox 626 1842 797 1878; x_wconf 86' lang='lat' dir='ltr'><strong>humana</strong></span> <span class='ocrx_word' id='word_1_347' title='bbox 825 1838 983 1888; x_wconf 87' lang='lat' dir='ltr'><strong>respicit</strong></span> <span class='ocrx_word' id='word_1_348' title='bbox 1010 1845 1171 1876; x_wconf 87' lang='lat' dir='ltr'><strong>naturae</strong></span> <span class='ocrx_word' id='word_1_349' title='bbox 1199 1836 1449 1875; x_wconf 88' lang='lat' dir='ltr'><strong>administra:</strong></span> <span class='ocrx_word' id='word_1_350' title='bbox 1481 1835 1714 1884; x_wconf 89' lang='lat' dir='ltr'><strong>singularem</strong></span> <span class='ocrx_word' id='word_1_351' title='bbox 1743 1835 1835 1870; x_wconf 79' lang='lat' dir='ltr'><strong>vero</strong></span> <span class='ocrx_word' id='word_1_352' title='bbox 1864 1831 1956 1868; x_wconf 86' lang='lat' dir='ltr'><strong>facit</strong></span> <span class='ocrx_word' id='word_1_353' title='bbox 1984 1830 2022 1868; x_wconf 91' lang='lat' dir='ltr'><strong>in</strong></span> <span class='ocrx_word' id='word_1_354' title='bbox 2037 1831 2115 1868; x_wconf 93' lang='lat' dir='ltr'><strong>hoc</strong></span> 
     </span>
     <span class='ocr_line' id='line_1_34' title="bbox 167 1884 2114 1944; baseline -0.006 -13"><span class='ocrx_word' id='word_1_355' title='bbox 167 1901 399 1944; x_wconf 81' lang='lat' dir='ltr'><strong>argumento</strong></span> <span class='ocrx_word' id='word_1_356' title='bbox 430 1899 535 1940; x_wconf 88' lang='lat' dir='ltr'><strong>(nam</strong></span> <span class='ocrx_word' id='word_1_357' title='bbox 563 1894 613 1931; x_wconf 90' lang='lat' dir='ltr'><strong>de</strong></span> <span class='ocrx_word' id='word_1_358' title='bbox 642 1893 725 1930; x_wconf 85' lang='lat' dir='ltr'><strong>aliis</strong></span> <span class='ocrx_word' id='word_1_359' title='bbox 754 1893 870 1930; x_wconf 88' lang='lat' dir='ltr'><strong>rebus</strong></span> <span class='ocrx_word' id='word_1_360' title='bbox 897 1905 970 1931; x_wconf 92' lang='lat' dir='ltr'><strong>nec</strong></span> <span class='ocrx_word' id='word_1_361' title='bbox 998 1892 1094 1930; x_wconf 87' lang='lat' dir='ltr'><strong>libet</strong></span> <span class='ocrx_word' id='word_1_362' title='bbox 1116 1890 1268 1939; x_wconf 71' lang='lat' dir='ltr'><strong>dicere7</strong></span> <span class='ocrx_word' id='word_1_363' title='bbox 1298 1903 1372 1928; x_wconf 91' lang='lat' dir='ltr'><strong>nec</strong></span> <span class='ocrx_word' id='word_1_364' title='bbox 1387 1891 1480 1927; x_wconf 79' lang='lat' dir='ltr'><strong>vero</strong></span> <span class='ocrx_word' id='word_1_365' title='bbox 1496 1887 1656 1937; x_wconf 76' lang='lat' dir='ltr'><strong>expedit</strong></span> <span class='ocrx_word' id='word_1_366' title='bbox 1670 1884 1971 1932; x_wconf 85' lang='lat' dir='ltr'><strong>huicinstituto)</strong></span> <span class='ocrx_word' id='word_1_367' title='bbox 1987 1894 2114 1933; x_wconf 64' lang='lat' dir='ltr'><strong>superu</strong></span> 
     </span>
     <span class='ocr_line' id='line_1_35' title="bbox 167 1940 2115 1995; baseline -0.006 -11"><span class='ocrx_word' id='word_1_368' title='bbox 167 1946 352 1985; x_wconf 87' lang='lat' dir='ltr'><strong>naturalis</strong></span> <span class='ocrx_word' id='word_1_369' title='bbox 373 1946 563 1985; x_wconf 87' lang='lat' dir='ltr'><strong>institutio</strong></span> <span class='ocrx_word' id='word_1_370' title='bbox 580 1946 654 1984; x_wconf 90' lang='lat' dir='ltr'><strong>Dei</strong></span> <span class='ocrx_word' id='word_1_371' title='bbox 670 1959 739 1995; x_wconf 89' lang='lat' dir='ltr'><strong>per</strong></span> <span class='ocrx_word' id='word_1_372' title='bbox 753 1945 930 1995; x_wconf 85' lang='lat' dir='ltr'><strong>gratiam.</strong></span> <span class='ocrx_word' id='word_1_373' title='bbox 959 1947 1062 1983; x_wconf 89' lang='lat' dir='ltr'><strong>Nam</strong></span> <span class='ocrx_word' id='word_1_374' title='bbox 1077 1946 1165 1982; x_wconf 90' lang='lat' dir='ltr'><strong>Deo</strong></span> <span class='ocrx_word' id='word_1_375' title='bbox 1181 1951 1362 1991; x_wconf 65' lang='lat' dir='ltr'><strong>auctore,</strong></span> <span class='ocrx_word' id='word_1_376' title='bbox 1385 1954 1486 1993; x_wconf 86' lang='lat' dir='ltr'><strong>quae</strong></span> <span class='ocrx_word' id='word_1_377' title='bbox 1501 1954 1562 1979; x_wconf 84' lang='lat' dir='ltr'><strong>res</strong></span> <span class='ocrx_word' id='word_1_378' title='bbox 1578 1940 1795 1978; x_wconf 77' lang='lat' dir='ltr'><strong>secundum</strong></span> <span class='ocrx_word' id='word_1_379' title='bbox 1813 1945 1993 1976; x_wconf 87' lang='lat' dir='ltr'><strong>naturam</strong></span> <span class='ocrx_word' id='word_1_380' title='bbox 2007 1944 2115 1974; x_wconf 85' lang='lat' dir='ltr'><strong>natu-</strong></span> 
     </span>
     <span class='ocr_line' id='line_1_36' title="bbox 168 1991 2117 2049; baseline -0.006 -11"><span class='ocrx_word' id='word_1_381' title='bbox 168 2000 296 2038; x_wconf 89' lang='lat' dir='ltr'><strong>raliter</strong></span> <span class='ocrx_word' id='word_1_382' title='bbox 317 2008 559 2049; x_wconf 84' lang='lat' dir='ltr'><strong>occupantur</strong></span> <span class='ocrx_word' id='word_1_383' title='bbox 582 2000 619 2037; x_wconf 89' lang='lat' dir='ltr'><strong>in</strong></span> <span class='ocrx_word' id='word_1_384' title='bbox 639 2011 706 2037; x_wconf 88' lang='lat' dir='ltr'><strong>vsu</strong></span> <span class='ocrx_word' id='word_1_385' title='bbox 722 1999 887 2037; x_wconf 89' lang='lat' dir='ltr'><strong>naturali</strong></span> <span class='ocrx_word' id='word_1_386' title='bbox 901 1999 1091 2048; x_wconf 73' lang='lat' dir='ltr'><strong>ipsarum,</strong></span> <span class='ocrx_word' id='word_1_387' title='bbox 1117 1998 1279 2036; x_wconf 87' lang='lat' dir='ltr'><strong>eaedem</strong></span> <span class='ocrx_word' id='word_1_388' title='bbox 1297 2009 1358 2034; x_wconf 88' lang='lat' dir='ltr'><strong>res</strong></span> <span class='ocrx_word' id='word_1_389' title='bbox 1375 1995 1590 2034; x_wconf 81' lang='lat' dir='ltr'><strong>secundum</strong></span> <span class='ocrx_word' id='word_1_390' title='bbox 1605 1993 1769 2043; x_wconf 78' lang='lat' dir='ltr'><strong>gratiam</strong></span> <span class='ocrx_word' id='word_1_391' title='bbox 1785 1991 2117 2042; x_wconf 86' lang='lat' dir='ltr'><strong>supernaturalem</strong></span> 
     </span>
     <span class='ocr_line' id='line_1_37' title="bbox 168 2042 2119 2103; baseline -0.006 -12"><span class='ocrx_word' id='word_1_392' title='bbox 168 2053 508 2103; x_wconf 88' lang='lat' dir='ltr'><strong>supernaturaliter</strong></span> <span class='ocrx_word' id='word_1_393' title='bbox 531 2059 773 2103; x_wconf 86' lang='lat' dir='ltr'><strong>occupantur</strong></span> <span class='ocrx_word' id='word_1_394' title='bbox 793 2051 833 2089; x_wconf 89' lang='lat' dir='ltr'><strong>in</strong></span> <span class='ocrx_word' id='word_1_395' title='bbox 850 2064 919 2090; x_wconf 86' lang='lat' dir='ltr'><strong>vsu</strong></span> <span class='ocrx_word' id='word_1_396' title='bbox 935 2051 1106 2102; x_wconf 88' lang='lat' dir='ltr'><strong>gratioso</strong></span> <span class='ocrx_word' id='word_1_397' title='bbox 1122 2062 1238 2100; x_wconf 89' lang='lat' dir='ltr'><strong>quem</strong></span> <span class='ocrx_word' id='word_1_398' title='bbox 1253 2049 1415 2088; x_wconf 90' lang='lat' dir='ltr'><strong>instituit</strong></span> <span class='ocrx_word' id='word_1_399' title='bbox 1429 2050 1557 2097; x_wconf 68' lang='lat' dir='ltr'><strong>Deus,</strong></span> <span class='ocrx_word' id='word_1_400' title='bbox 1581 2047 1718 2094; x_wconf 84' lang='lat' dir='ltr'><strong>nem(f.</strong></span> <span class='ocrx_word' id='word_1_401' title='bbox 1738 2048 1904 2095; x_wconf 84' lang='lat' dir='ltr'><strong>1515)pe</strong></span> <span class='ocrx_word' id='word_1_402' title='bbox 1919 2051 1960 2082; x_wconf 87' lang='lat' dir='ltr'><strong>vt</strong></span> <span class='ocrx_word' id='word_1_403' title='bbox 1974 2042 2096 2081; x_wconf 87' lang='lat' dir='ltr'><strong>sederi</strong></span> <span class='ocrx_word' id='word_1_404' title='bbox 2109 2073 2119 2088; x_wconf 40' lang='lat'>2</span> 
     </span>
     <span class='ocr_line' id='line_1_38' title="bbox 167 2098 2120 2157; baseline -0.006 -12"><span class='ocrx_word' id='word_1_405' title='bbox 167 2106 510 2157; x_wconf 57' lang='lat' dir='ltr'><strong>promissionibus,</strong></span> <span class='ocrx_word' id='word_1_406' title='bbox 535 2106 705 2153; x_wconf 65' lang='lat' dir='ltr'><strong>veritati„</strong></span> <span class='ocrx_word' id='word_1_407' title='bbox 730 2105 879 2155; x_wconf 72' lang='lat' dir='ltr'><strong>ordini,</strong></span> <span class='ocrx_word' id='word_1_408' title='bbox 903 2106 939 2144; x_wconf 86' lang='lat'>&amp;</span> <span class='ocrx_word' id='word_1_409' title='bbox 964 2103 1144 2143; x_wconf 90' lang='lat' dir='ltr'><strong>federatis</strong></span> <span class='ocrx_word' id='word_1_410' title='bbox 1169 2105 1235 2153; x_wconf 88' lang='lat' dir='ltr'><strong>(ad</strong></span> <span class='ocrx_word' id='word_1_411' title='bbox 1260 2115 1360 2153; x_wconf 88' lang='lat' dir='ltr'><strong>quos</strong></span> <span class='ocrx_word' id='word_1_412' title='bbox 1380 2103 1446 2140; x_wconf 91' lang='lat' dir='ltr'><strong>illa</strong></span> <span class='ocrx_word' id='word_1_413' title='bbox 1461 2100 1671 2151; x_wconf 89' lang='lat' dir='ltr'><strong>pertinent)</strong></span> <span class='ocrx_word' id='word_1_414' title='bbox 1697 2098 1907 2137; x_wconf 88' lang='lat' dir='ltr'><strong>inseruiant</strong></span> <span class='ocrx_word' id='word_1_415' title='bbox 1932 2108 2023 2145; x_wconf 59' lang='lat' dir='ltr'><strong>vsu,</strong></span> <span class='ocrx_word' id='word_1_416' title='bbox 2054 2103 2120 2134; x_wconf 86' lang='lat' dir='ltr'><strong>aut</strong></span> 
     </span>
     <span class='ocr_line' id='line_1_39' title="bbox 171 2150 2120 2210; baseline -0.006 -12"><span class='ocrx_word' id='word_1_417' title='bbox 171 2160 454 2210; x_wconf 86' lang='lat' dir='ltr'><strong>significatione</strong></span> <span class='ocrx_word' id='word_1_418' title='bbox 481 2163 505 2197; x_wconf 78' lang='lat' dir='ltr'><strong>a</strong></span> <span class='ocrx_word' id='word_1_419' title='bbox 531 2162 620 2198; x_wconf 90' lang='lat' dir='ltr'><strong>Deo</strong></span> <span class='ocrx_word' id='word_1_420' title='bbox 648 2159 832 2197; x_wconf 83' lang='lat' dir='ltr'><strong>instituta.</strong></span> <span class='ocrx_word' id='word_1_421' title='bbox 862 2161 994 2208; x_wconf 89' lang='lat' dir='ltr'><strong>Atque</strong></span> <span class='ocrx_word' id='word_1_422' title='bbox 1021 2158 1113 2196; x_wconf 91' lang='lat' dir='ltr'><strong>hinc</strong></span> <span class='ocrx_word' id='word_1_423' title='bbox 1142 2159 1287 2195; x_wconf 85' lang='lat' dir='ltr'><strong>factum</strong></span> <span class='ocrx_word' id='word_1_424' title='bbox 1318 2163 1395 2203; x_wconf 50' lang='lat' dir='ltr'><strong>est5</strong></span> <span class='ocrx_word' id='word_1_425' title='bbox 1426 2162 1468 2193; x_wconf 84' lang='lat' dir='ltr'><strong>vt</strong></span> <span class='ocrx_word' id='word_1_426' title='bbox 1488 2152 1826 2204; x_wconf 84' lang='lat' dir='ltr'><strong>quemadmodum</strong></span> <span class='ocrx_word' id='word_1_427' title='bbox 1843 2151 2008 2189; x_wconf 86' lang='lat' dir='ltr'><strong>Iudaeus</strong></span> <span class='ocrx_word' id='word_1_428' title='bbox 2025 2150 2120 2187; x_wconf 89' lang='lat' dir='ltr'><strong>duo-</strong></span> 
     </span>
     <span class='ocr_line' id='line_1_40' title="bbox 171 2202 2121 2261; baseline -0.006 -10"><span class='ocrx_word' id='word_1_429' title='bbox 171 2216 245 2251; x_wconf 89' lang='lat' dir='ltr'><strong>bus</strong></span> <span class='ocrx_word' id='word_1_430' title='bbox 277 2213 406 2251; x_wconf 84' lang='lat' dir='ltr'><strong>modis</strong></span> <span class='ocrx_word' id='word_1_431' title='bbox 433 2213 703 2251; x_wconf 86' lang='lat' dir='ltr'><strong>consideratus</strong></span> <span class='ocrx_word' id='word_1_432' title='bbox 732 2219 811 2261; x_wconf 65' lang='lat' dir='ltr'><strong>est,</strong></span> <span class='ocrx_word' id='word_1_433' title='bbox 841 2211 1125 2255; x_wconf 70' lang='lat' dir='ltr'><strong>communiter„</strong></span> <span class='ocrx_word' id='word_1_434' title='bbox 1150 2212 1228 2260; x_wconf 75' lang='lat' dir='ltr'><strong>qua</strong></span> <span class='ocrx_word' id='word_1_435' title='bbox 1254 2212 1395 2260; x_wconf 80' lang='lat' dir='ltr'><strong>hom03</strong></span> <span class='ocrx_word' id='word_1_436' title='bbox 1422 2210 1457 2247; x_wconf 67' lang='grc' dir='ltr'><strong>δε</strong></span> <span class='ocrx_word' id='word_1_437' title='bbox 1475 2210 1552 2257; x_wconf 76' lang='lat' dir='ltr'><strong>qua</strong></span> <span class='ocrx_word' id='word_1_438' title='bbox 1565 2207 1753 2254; x_wconf 68' lang='lat' dir='ltr'><strong>Iudaeus,</strong></span> <span class='ocrx_word' id='word_1_439' title='bbox 1779 2203 2043 2255; x_wconf 80' lang='lat' dir='ltr'><strong>singulariter3</strong></span> <span class='ocrx_word' id='word_1_440' title='bbox 2068 2202 2121 2240; x_wconf 87' lang='lat' dir='ltr'><strong>ita</strong></span> 
     </span>
     <span class='ocr_line' id='line_1_41' title="bbox 172 2257 2122 2312; baseline -0.006 -8"><span class='ocrx_word' id='word_1_441' title='bbox 172 2266 288 2304; x_wconf 88' lang='lat' dir='ltr'><strong>etiarn</strong></span> <span class='ocrx_word' id='word_1_442' title='bbox 316 2266 484 2304; x_wconf 88' lang='lat' dir='ltr'><strong>Iudaeae</strong></span> <span class='ocrx_word' id='word_1_443' title='bbox 513 2266 594 2304; x_wconf 91' lang='lat' dir='ltr'><strong>siue</strong></span> <span class='ocrx_word' id='word_1_444' title='bbox 623 2266 903 2312; x_wconf 60' lang='lat' dir='ltr'><strong>chananaeae„</strong></span> <span class='ocrx_word' id='word_1_445' title='bbox 932 2265 967 2302; x_wconf 68' lang='grc' dir='ltr'><strong>δε</strong></span> <span class='ocrx_word' id='word_1_446' title='bbox 995 2272 1237 2302; x_wconf 83' lang='lat' dir='ltr'><strong>caeterarum</strong></span> <span class='ocrx_word' id='word_1_447' title='bbox 1263 2274 1396 2300; x_wconf 89' lang='lat' dir='ltr'><strong>rerum</strong></span> <span class='ocrx_word' id='word_1_448' title='bbox 1421 2273 1522 2310; x_wconf 88' lang='lat' dir='ltr'><strong>quae</strong></span> <span class='ocrx_word' id='word_1_449' title='bbox 1537 2260 1587 2298; x_wconf 86' lang='lat' dir='ltr'><strong>ad</strong></span> <span class='ocrx_word' id='word_1_450' title='bbox 1602 2272 1663 2298; x_wconf 89' lang='lat' dir='ltr'><strong>res</strong></span> <span class='ocrx_word' id='word_1_451' title='bbox 1678 2265 1831 2297; x_wconf 75' lang='lat' dir='ltr'><strong>sanctas</strong></span> <span class='ocrx_word' id='word_1_452' title='bbox 1847 2257 2122 2307; x_wconf 88' lang='lat' dir='ltr'><strong>significandas</strong></span> 
     </span>
     <span class='ocr_line' id='line_1_42' title="bbox 172 2310 2124 2369; baseline -0.006 -12"><span class='ocrx_word' id='word_1_453' title='bbox 172 2321 328 2358; x_wconf 86' lang='lat' dir='ltr'><strong>fuerunt</strong></span> <span class='ocrx_word' id='word_1_454' title='bbox 356 2327 592 2369; x_wconf 63' lang='lat' dir='ltr'><strong>occupatae,</strong></span> <span class='ocrx_word' id='word_1_455' title='bbox 621 2319 766 2369; x_wconf 89' lang='lat' dir='ltr'><strong>duplex</strong></span> <span class='ocrx_word' id='word_1_456' title='bbox 794 2319 907 2357; x_wconf 86' lang='lat' dir='ltr'><strong>fuerit</strong></span> <span class='ocrx_word' id='word_1_457' title='bbox 935 2317 1110 2356; x_wconf 88' lang='lat' dir='ltr'><strong>conditio</strong></span> <span class='ocrx_word' id='word_1_458' title='bbox 1139 2318 1175 2354; x_wconf 69' lang='grc' dir='ltr'><strong>δι</strong></span> <span class='ocrx_word' id='word_1_459' title='bbox 1205 2316 1366 2366; x_wconf 79' lang='lat' dir='ltr'><strong>modus;</strong></span> <span class='ocrx_word' id='word_1_460' title='bbox 1394 2314 1599 2363; x_wconf 69' lang='lat' dir='ltr'><strong>naturalis,</strong></span> <span class='ocrx_word' id='word_1_461' title='bbox 1629 2324 1709 2362; x_wconf 89' lang='lat' dir='ltr'><strong>quo</strong></span> <span class='ocrx_word' id='word_1_462' title='bbox 1738 2312 1874 2350; x_wconf 84' lang='lat' dir='ltr'><strong>Iudaei</strong></span> <span class='ocrx_word' id='word_1_463' title='bbox 1899 2310 2124 2348; x_wconf 86' lang='lat' dir='ltr'><strong>naturaliter</strong></span> 
     </span>
     <span class='ocr_line' id='line_1_43' title="bbox 172 2362 2123 2421; baseline -0.005 -11"><span class='ocrx_word' id='word_1_464' title='bbox 172 2374 397 2420; x_wconf 40' lang='lat' dir='ltr'><strong>vtebantur2</strong></span> <span class='ocrx_word' id='word_1_465' title='bbox 437 2373 714 2411; x_wconf 81' lang='lat' dir='ltr'><strong>Chananaeam</strong></span> <span class='ocrx_word' id='word_1_466' title='bbox 752 2378 925 2421; x_wconf 63' lang='lat' dir='ltr'><strong>arantes,</strong></span> <span class='ocrx_word' id='word_1_467' title='bbox 956 2372 1152 2417; x_wconf 60' lang='lat' dir='ltr'><strong>colentes„</strong></span> <span class='ocrx_word' id='word_1_468' title='bbox 1180 2370 1422 2414; x_wconf 54' lang='lat' dir='ltr'><strong>habitantes„</strong></span> <span class='ocrx_word' id='word_1_469' title='bbox 1452 2370 1488 2406; x_wconf 61' lang='grc' dir='ltr'>ἃ</span> <span class='ocrx_word' id='word_1_470' title='bbox 1516 2368 1686 2404; x_wconf 85' lang='lat' dir='ltr'><strong>fructum</strong></span> <span class='ocrx_word' id='word_1_471' title='bbox 1715 2364 1974 2415; x_wconf 84' lang='lat' dir='ltr'><strong>percipientes</strong></span> <span class='ocrx_word' id='word_1_472' title='bbox 2002 2362 2123 2407; x_wconf 81' lang='lat' dir='ltr'><strong>illius;</strong></span> 
     </span>
     <span class='ocr_line' id='line_1_44' title="bbox 173 2418 2124 2476; baseline -0.006 -11"><span class='ocrx_word' id='word_1_473' title='bbox 173 2429 208 2465; x_wconf 67' lang='grc' dir='ltr'><strong>δι</strong></span> <span class='ocrx_word' id='word_1_474' title='bbox 244 2425 446 2476; x_wconf 86' lang='lat' dir='ltr'><strong>singularis</strong></span> <span class='ocrx_word' id='word_1_475' title='bbox 476 2426 557 2464; x_wconf 90' lang='lat' dir='ltr'><strong>siue</strong></span> <span class='ocrx_word' id='word_1_476' title='bbox 587 2425 888 2474; x_wconf 84' lang='lat' dir='ltr'><strong>supernaturalis</strong></span> <span class='ocrx_word' id='word_1_477' title='bbox 915 2431 1033 2474; x_wconf 89' lang='lat' dir='ltr'><strong>atque</strong></span> <span class='ocrx_word' id='word_1_478' title='bbox 1061 2423 1274 2474; x_wconf 67' lang='lat' dir='ltr'><strong>gratiOSUS,</strong></span> <span class='ocrx_word' id='word_1_479' title='bbox 1304 2421 1522 2460; x_wconf 78' lang='lat' dir='ltr'><strong>secundum</strong></span> <span class='ocrx_word' id='word_1_480' title='bbox 1551 2431 1669 2469; x_wconf 88' lang='lat' dir='ltr'><strong>quem</strong></span> <span class='ocrx_word' id='word_1_481' title='bbox 1700 2418 1753 2456; x_wconf 88' lang='lat' dir='ltr'><strong>illi</strong></span> <span class='ocrx_word' id='word_1_482' title='bbox 1782 2419 2020 2456; x_wconf 81' lang='lat' dir='ltr'><strong>Chananaea</strong></span> <span class='ocrx_word' id='word_1_483' title='bbox 2049 2428 2124 2466; x_wconf 92' lang='lat' dir='ltr'><strong>pro</strong></span> 
     </span>
     <span class='ocr_line' id='line_1_45' title="bbox 173 2472 2127 2529; baseline -0.006 -12"><span class='ocrx_word' id='word_1_484' title='bbox 173 2487 319 2517; x_wconf 86' lang='lat' dir='ltr'><strong>tessera</strong></span> <span class='ocrx_word' id='word_1_485' title='bbox 351 2486 554 2529; x_wconf 88' lang='lat' dir='ltr'><strong>praesente</strong></span> <span class='ocrx_word' id='word_1_486' title='bbox 592 2478 751 2527; x_wconf 70' lang='lat' dir='ltr'><strong>federis,</strong></span> <span class='ocrx_word' id='word_1_487' title='bbox 779 2478 1105 2528; x_wconf 89' lang='lat' dir='ltr'><strong>promissionum,</strong></span> <span class='ocrx_word' id='word_1_488' title='bbox 1135 2475 1328 2523; x_wconf 49' lang='lat' dir='ltr'><strong>veritatis5</strong></span> <span class='ocrx_word' id='word_1_489' title='bbox 1358 2477 1394 2514; x_wconf 83' lang='lat'>&amp;</span> <span class='ocrx_word' id='word_1_490' title='bbox 1423 2473 1572 2512; x_wconf 90' lang='lat' dir='ltr'><strong>ordinis</strong></span> <span class='ocrx_word' id='word_1_491' title='bbox 1601 2472 1722 2511; x_wconf 88' lang='lat' dir='ltr'><strong>diuini</strong></span> <span class='ocrx_word' id='word_1_492' title='bbox 1750 2472 1979 2518; x_wconf 67' lang='lat' dir='ltr'><strong>vtebantur,</strong></span> <span class='ocrx_word' id='word_1_493' title='bbox 2008 2475 2127 2519; x_wconf 86' lang='lat' dir='ltr'><strong>prout</strong></span> 
     </span>
     <span class='ocr_line' id='line_1_46' title="bbox 174 2522 2125 2580; baseline -0.005 -10"><span class='ocrx_word' id='word_1_494' title='bbox 174 2534 298 2570; x_wconf 87' lang='lat' dir='ltr'><strong>suerat</strong></span> <span class='ocrx_word' id='word_1_495' title='bbox 333 2533 383 2570; x_wconf 90' lang='lat' dir='ltr'><strong>ad</strong></span> <span class='ocrx_word' id='word_1_496' title='bbox 417 2533 534 2570; x_wconf 88' lang='lat' dir='ltr'><strong>finem</strong></span> <span class='ocrx_word' id='word_1_497' title='bbox 574 2531 856 2580; x_wconf 82' lang='lat' dir='ltr'><strong>supernaturali</strong></span> <span class='ocrx_word' id='word_1_498' title='bbox 888 2530 1063 2569; x_wconf 86' lang='lat' dir='ltr'><strong>instituto</strong></span> <span class='ocrx_word' id='word_1_499' title='bbox 1093 2529 1239 2580; x_wconf 88' lang='lat' dir='ltr'><strong>gratiae</strong></span> <span class='ocrx_word' id='word_1_500' title='bbox 1266 2527 1420 2576; x_wconf 89' lang='lat' dir='ltr'><strong>Iudaeis</strong></span> <span class='ocrx_word' id='word_1_501' title='bbox 1447 2526 1680 2572; x_wconf 71' lang='lat' dir='ltr'><strong>habitanda,</strong></span> <span class='ocrx_word' id='word_1_502' title='bbox 1709 2526 1744 2562; x_wconf 82' lang='lat'>&amp;</span> <span class='ocrx_word' id='word_1_503' title='bbox 1773 2524 1943 2563; x_wconf 90' lang='lat' dir='ltr'><strong>colendo</strong></span> <span class='ocrx_word' id='word_1_504' title='bbox 1970 2522 2125 2561; x_wconf 86' lang='lat' dir='ltr'><strong>tradita.</strong></span> 
     </span>
     <span class='ocr_line' id='line_1_47' title="bbox 176 2576 2129 2634; baseline -0.005 -11"><span class='ocrx_word' id='word_1_505' title='bbox 176 2587 268 2623; x_wconf 91' lang='lat' dir='ltr'><strong>Huc</strong></span> <span class='ocrx_word' id='word_1_506' title='bbox 309 2585 477 2634; x_wconf 88' lang='lat' dir='ltr'><strong>respexit</strong></span> <span class='ocrx_word' id='word_1_507' title='bbox 517 2585 748 2623; x_wconf 88' lang='lat' dir='ltr'><strong>nominatim</strong></span> <span class='ocrx_word' id='word_1_508' title='bbox 787 2586 895 2622; x_wconf 90' lang='lat' dir='ltr'><strong>Deus</strong></span> <span class='ocrx_word' id='word_1_509' title='bbox 933 2592 1147 2634; x_wconf 82' lang='lat' dir='ltr'><strong>praecepto</strong></span> <span class='ocrx_word' id='word_1_510' title='bbox 1175 2581 1314 2632; x_wconf 89' lang='lat' dir='ltr'><strong>quinto</strong></span> <span class='ocrx_word' id='word_1_511' title='bbox 1344 2579 1525 2630; x_wconf 90' lang='lat' dir='ltr'><strong>decalogi</strong></span> <span class='ocrx_word' id='word_1_512' title='bbox 1553 2580 1604 2617; x_wconf 92' lang='lat' dir='ltr'><strong>de</strong></span> <span class='ocrx_word' id='word_1_513' title='bbox 1631 2578 1874 2617; x_wconf 85' lang='lat' dir='ltr'><strong>honorandis</strong></span> <span class='ocrx_word' id='word_1_514' title='bbox 1902 2576 2129 2627; x_wconf 83' lang='lat' dir='ltr'><strong>parentibus</strong></span> 
     </span>
     <span class='ocr_line' id='line_1_48' title="bbox 174 2631 2128 2688; baseline -0.005 -13"><span class='ocrx_word' id='word_1_515' title='bbox 174 2640 272 2685; x_wconf 64' lang='lat' dir='ltr'><strong>lato,</strong></span> <span class='ocrx_word' id='word_1_516' title='bbox 307 2640 396 2676; x_wconf 77' lang='lat' dir='ltr'><strong>cum</strong></span> <span class='ocrx_word' id='word_1_517' title='bbox 427 2638 635 2676; x_wconf 89' lang='lat' dir='ltr'><strong>subiiceret</strong></span> <span class='ocrx_word' id='word_1_518' title='bbox 662 2636 964 2688; x_wconf 88' lang='lat' dir='ltr'><strong>promissionem</strong></span> <span class='ocrx_word' id='word_1_519' title='bbox 991 2637 1117 2680; x_wconf 70' lang='lat' dir='ltr'><strong>illam:</strong></span> <span class='ocrx_word' id='word_1_520' title='bbox 1148 2644 1188 2673; x_wconf 91' lang='lat' dir='ltr'><strong>vt</strong></span> <span class='ocrx_word' id='word_1_521' title='bbox 1217 2637 1503 2686; x_wconf 88' lang='lat' dir='ltr'><strong>prolongentur</strong></span> <span class='ocrx_word' id='word_1_522' title='bbox 1531 2633 1615 2671; x_wconf 90' lang='lat' dir='ltr'><strong>dies</strong></span> <span class='ocrx_word' id='word_1_523' title='bbox 1642 2631 1697 2670; x_wconf 84' lang='lat' dir='ltr'><strong>tui</strong></span> <span class='ocrx_word' id='word_1_524' title='bbox 1722 2643 1836 2681; x_wconf 85' lang='lat' dir='ltr'><strong>super</strong></span> <span class='ocrx_word' id='word_1_525' title='bbox 1852 2639 1993 2669; x_wconf 90' lang='lat' dir='ltr'><strong>terram</strong></span> <span class='ocrx_word' id='word_1_526' title='bbox 2009 2640 2128 2678; x_wconf 88' lang='lat' dir='ltr'><strong>quam</strong></span> 
     </span>
     <span class='ocr_line' id='line_1_49' title="bbox 174 2683 2127 2740; baseline -0.005 -11"><span class='ocrx_word' id='word_1_527' title='bbox 174 2693 322 2729; x_wconf 83' lang='lat' dir='ltr'><strong>Iehoua</strong></span> <span class='ocrx_word' id='word_1_528' title='bbox 363 2693 470 2729; x_wconf 88' lang='lat' dir='ltr'><strong>Deus</strong></span> <span class='ocrx_word' id='word_1_529' title='bbox 513 2699 601 2729; x_wconf 88' lang='lat' dir='ltr'><strong>tuus</strong></span> <span class='ocrx_word' id='word_1_530' title='bbox 644 2692 711 2729; x_wconf 84' lang='lat' dir='ltr'><strong>dat</strong></span> <span class='ocrx_word' id='word_1_531' title='bbox 752 2690 835 2729; x_wconf 89' lang='lat' dir='ltr'><strong>tibi.</strong></span> <span class='ocrx_word' id='word_1_532' title='bbox 877 2692 1016 2740; x_wconf 89' lang='lat' dir='ltr'><strong>Neque</strong></span> <span class='ocrx_word' id='word_1_533' title='bbox 1054 2690 1158 2729; x_wconf 91' lang='lat' dir='ltr'><strong>enim</strong></span> <span class='ocrx_word' id='word_1_534' title='bbox 1187 2690 1314 2727; x_wconf 79' lang='lat' dir='ltr'><strong>solum</strong></span> <span class='ocrx_word' id='word_1_535' title='bbox 1343 2688 1394 2726; x_wconf 88' lang='lat' dir='ltr'><strong>ad</strong></span> <span class='ocrx_word' id='word_1_536' title='bbox 1421 2687 1638 2724; x_wconf 85' lang='lat' dir='ltr'><strong>naturalem</strong></span> <span class='ocrx_word' id='word_1_537' title='bbox 1668 2696 1781 2723; x_wconf 90' lang='lat' dir='ltr'><strong>vsum</strong></span> <span class='ocrx_word' id='word_1_538' title='bbox 1809 2684 1910 2722; x_wconf 92' lang='lat' dir='ltr'><strong>illius</strong></span> <span class='ocrx_word' id='word_1_539' title='bbox 1938 2690 2063 2721; x_wconf 89' lang='lat' dir='ltr'><strong>terrae</strong></span> <span class='ocrx_word' id='word_1_540' title='bbox 2092 2683 2127 2719; x_wconf 83' lang='lat'>&amp;</span> 
     </span>
     <span class='ocr_line' id='line_1_50' title="bbox 177 2736 2129 2794; baseline -0.005 -11"><span class='ocrx_word' id='word_1_541' title='bbox 177 2746 393 2784; x_wconf 85' lang='lat' dir='ltr'><strong>naturalem</strong></span> <span class='ocrx_word' id='word_1_542' title='bbox 432 2745 534 2784; x_wconf 88' lang='lat' dir='ltr'><strong>vitae</strong></span> <span class='ocrx_word' id='word_1_543' title='bbox 568 2744 681 2783; x_wconf 89' lang='lat' dir='ltr'><strong>huius</strong></span> <span class='ocrx_word' id='word_1_544' title='bbox 717 2743 1041 2783; x_wconf 87' lang='lat' dir='ltr'><strong>commoditatem</strong></span> <span class='ocrx_word' id='word_1_545' title='bbox 1071 2742 1240 2794; x_wconf 86' lang='lat' dir='ltr'><strong>respexit</strong></span> <span class='ocrx_word' id='word_1_546' title='bbox 1267 2743 1399 2791; x_wconf 65' lang='lat' dir='ltr'><strong>Deus,</strong></span> <span class='ocrx_word' id='word_1_547' title='bbox 1427 2747 1494 2779; x_wconf 88' lang='lat' dir='ltr'><strong>aut</strong></span> <span class='ocrx_word' id='word_1_548' title='bbox 1522 2739 1609 2790; x_wconf 87' lang='lat' dir='ltr'><strong>pios</strong></span> <span class='ocrx_word' id='word_1_549' title='bbox 1636 2738 1812 2777; x_wconf 91' lang='lat' dir='ltr'><strong>animum</strong></span> <span class='ocrx_word' id='word_1_550' title='bbox 1842 2736 1966 2776; x_wconf 91' lang='lat' dir='ltr'><strong>voluit</strong></span> <span class='ocrx_word' id='word_1_551' title='bbox 1993 2736 2129 2774; x_wconf 90' lang='lat' dir='ltr'><strong>aduer-</strong></span> 
     </span>
    </p>

    <p class='ocr_par' dir='ltr' id='par_1_4' title="bbox 2026 2796 2128 2828">
     <span class='ocr_line' id='line_1_51' title="bbox 2026 2796 2128 2828; baseline -0.02 0"><span class='ocrx_word' id='word_1_552' title='bbox 2026 2796 2128 2828; x_wconf 86' lang='lat' dir='ltr'><strong>tere:</strong></span> 
     </span>
    </p>
   </div>
  </div>
 </body>
</html>
