2334 3020
767 99 980 124 Tui-:sss
1023 93 1463 126 THEOLOGICAE.
2009 92 2081 137 269

131 208 430 258 Respondemus
471 206 637 257 primum
675 205 852 244 vniuerse
889 206 995 243 nullo
1025 205 1246 255 Scripturae
1275 207 1366 243 loco
1394 206 1492 244 haec
1521 206 1688 245 actualia
1717 206 1754 244 in
1784 207 1940 246 Christo
1973 207 2073 246 desi—

131 262 276 309 derari,
319 261 385 298 sed
424 261 560 298 contra
595 271 642 296 ex
670 258 869 308 Baptismo
898 258 1006 307 sequi
1035 258 1073 296 in
1102 258 1381 297 communione
1410 258 1566 297 Christi.
1610 260 1764 297 Deinde
1793 260 1993 309 speciatim
2023 262 2071 299 de

134 315 229 364 fide,
257 314 362 352 aliud
389 325 473 351 esse
501 325 588 350 earn
616 311 886 360 considerare,
915 319 955 350 vt
983 319 1039 350 est
1067 319 1156 350 actu
1186 312 1327 360 primo.
1361 314 1417 361 (vt
1448 311 1568 359 aiunt)
1599 312 1704 351 aliud
1731 314 1919 352 secundo.
1950 315 1987 352 Si
2023 314 2073 353 de

134 368 228 411 fide,
257 375 298 405 vt
325 373 383 405 est
410 374 498 404 actu
527 365 673 415 primo,
703 367 928 414 loquamur,
958 365 1120 403 dicimus
1145 377 1229 403 eam
1251 365 1415 414 requiri,
1444 367 1582 404 saltem
1606 366 1645 403 in
1660 366 1809 416 specie,
1827 367 1891 415 (de
1908 368 2075 406 occultis

134 420 237 458 enim
267 421 302 457 ἃ
331 422 488 458 secretis
515 419 609 463 Dei,
639 418 809 456 iudicare
839 431 918 456 non
947 424 1005 456 est
1032 418 1250 467 hominum)
1280 419 1316 455 &
1345 417 1536 468 principio
1566 431 1659 465 suo,
1691 419 1781 469 quia
1810 428 1867 458 est
1893 420 2076 459 accidens

135 473 390 522 inseparabile
418 471 625 517 foederati,
653 483 720 510 seu
748 471 984 521 baptizandi.
1013 471 1052 509 Si
1081 471 1130 509 de
1159 471 1257 521 fide,
1286 478 1327 509 vt
1355 478 1412 510 est
1439 478 1527 510 actu
1551 473 1744 521 secundo,
1761 473 1801 511 id
1820 479 1894 520 est,
1913 474 2080 521 actuali,

136 538 323 576 negamus
368 538 451 564 esse
493 524 718 574 simpliciter
754 524 1034 571 necessariam,
1069 525 1137 563 sed
1174 531 1325 562 tantum
1354 525 1570 563 secundum
1598 525 1717 575 quid,
1744 525 1784 563 id
1811 533 1891 574 est,
1921 526 2077 565 adultis:

137 581 238 617 Nam
278 592 346 628 per
383 590 470 616 eam
499 577 539 615 hi
568 577 639 616 sibi
670 578 814 616 debent
843 578 894 615 ad
924 577 1060 615 foedus
1089 577 1235 616 aditum
1264 590 1412 627 parare.
1455 577 1630 616 Dicimus
1661 578 1811 628 itaque,
1841 579 1870 617 si
1901 580 2078 619 absolute

136 633 285 671 dicatur
311 633 480 670 Infantes
510 643 589 668 non
621 644 704 669 esse
733 630 821 670 fidei
850 643 1036 680 capaces,
1066 633 1202 669 falsum
1231 630 1326 668 illud
1355 644 1456 679 esse,
1486 631 1575 680 quia
1605 632 1721 670 fidem
1750 633 1896 670 habent
1924 632 1960 670 in
1977 632 2080 682 prin-

135 685 238 735 cipio
272 684 447 727 habitus,
477 683 651 733 spiritum
681 686 825 723 habent
852 683 954 722 fidei.
999 684 1128 723 Omne
1156 691 1287 722 autem
1316 684 1549 734 principium
1579 685 1769 723 rationem
1798 686 1918 724 habet
1944 686 2081 736 totius,

135 741 170 776 δε
197 738 246 775 ad
275 737 512 788 categoriam
546 737 603 775 sui
632 737 748 776 totius
778 737 909 775 referri
939 737 1066 776 debet.
1098 737 1362 776 Concedimus
1389 740 1483 776 vero
1513 750 1580 776 eos
1605 738 1766 776 actualis
1790 739 1880 777 fidei
1896 751 1975 776 non
1993 752 2077 778 esse

134 804 315 840 capaces,
357 804 429 828 nec
471 790 636 840 proinde
679 791 786 840 sequi
829 790 1083 840 baptizandos
1125 803 1205 828 non
1248 803 1344 829 esse.
1387 792 1448 829 De
1489 791 1748 840 poenitentia:
1779 792 1966 842 dicimus,
1998 806 2080 831 6336

133 845 273 882 eodem
305 844 425 881 modo
455 844 697 893 poenitentes
726 856 805 894 quo
835 850 924 882 sunt
953 851 1192 894 peccatores.
1237 844 1370 892 Quum
1397 856 1491 893 ergo
1520 843 1595 882 sint
1624 852 1853 893 peccatores
1882 845 2076 896 principio

133 898 172 935 in
207 898 362 935 Adamo
400 896 529 947 priore
568 897 602 934 &
631 897 766 936 habitu
795 898 966 945 tantum,
996 896 1187 947 principio
1217 896 1256 934 in
1284 897 1501 946 posteriore
1530 898 1687 936 Adamo
1716 900 1751 936 &
1779 898 1916 936 habitu
1945 899 2078 947 poeni-

134 958 259 988 tentes
287 963 372 988 esse
400 952 586 996 fatemur,
615 963 695 988 non
724 957 853 989 autem
883 958 986 988 actu.
1015 951 1076 989 De
1104 949 1415 1000 regeneratione„
1445 950 1553 988 aliter
1581 951 1851 989 consideratur
1876 950 1915 989 in
1944 953 2080 990 funda-

138 1010 291 1054 mento,
319 1004 359 1041 id
389 1010 467 1054 est,
498 1004 536 1041 in
565 1004 722 1042 Christo
757 1004 914 1052 habitu,
940 1003 1051 1042 aliter
1079 1006 1118 1041 in
1146 1003 1262 1042 nobis
1290 1010 1393 1042 actu.
1424 1002 1553 1041 Prima
1581 1004 1825 1054 regeneratio
1855 1007 1974 1054 (quae
2001 1005 2078 1044 dici

135 1063 263 1106 potest
299 1056 594 1106 transplantatio
623 1059 645 1094 a
673 1064 802 1095 vetere
830 1057 988 1095 Adamo
1016 1057 1055 1094 in
1083 1059 1249 1105 nouum)
1276 1063 1461 1106 tanquam
1492 1068 1608 1095 causa
1637 1064 1715 1104 est,
1743 1059 1864 1096 altera
1890 1065 2077 1107 tanquam

133 1112 279 1148 fructus
307 1110 492 1159 sequitur.
522 1112 582 1148 De
610 1111 734 1160 prima
761 1110 933 1160 loquitur
957 1110 1132 1148 Christus
1161 1111 1302 1147 Iollan.
1333 1123 1369 1159 3.
1399 1111 1613 1159 Apostolus
1630 1118 1835 1160 Vtramque
1857 1110 2079 1162 coniungit,

134 1165 246 1201 Rom.
276 1164 310 1201 6.
342 1165 431 1201 Hac
458 1170 731 1213 regenerantur
758 1163 922 1202 infantes
948 1163 1081 1213 electi,
1110 1175 1200 1201 cum
1229 1162 1385 1202 Christo
1409 1162 1648 1213 inseruntur,
1671 1165 1707 1202 δε
1731 1163 1843 1202 huius
1865 1163 2084 1214 obsignatio

136 1217 178 1254 fit
208 1215 253 1254 iis
281 1216 375 1254 dum
403 1216 661 1266 baptizantur.

187 1271 226 1308 8.
281 1269 457 1308 Tertium
487 1282 624 1308 eorum
653 1278 925 1320 argumentum
956 1269 1113 1308 maioris
1142 1269 1332 1308 momenti
1359 1281 1440 1307 non
1470 1276 1538 1308 est.
1570 1269 1607 1308 Si
1636 1270 1800 1308 infantes
1828 1282 1909 1308 non
1938 1271 2087 1309 debent

140 1323 292 1361 admitti
327 1323 376 1360 ad
415 1323 589 1361 Coenam
625 1322 808 1372 Domini,
837 1336 911 1361 nec
940 1324 1056 1361 etiam
1085 1323 1231 1360 debent
1268 1322 1319 1360 ad
1346 1323 1612 1372 Baptismum:
1643 1323 1734 1372 quia
1763 1323 1973 1373 (inquiunt)
2002 1324 2086 1374 pari

137 1375 288 1414 ratione
328 1376 378 1413 ad
405 1383 613 1426 Vtrumque
641 1383 805 1426 possunt
833 1375 1003 1415 admitti:
1031 1388 1104 1414 nos
1133 1378 1272 1414 contra
1300 1374 1465 1414 dicimus
1494 1377 1613 1427 longe
1639 1376 1834 1426 disparem
1863 1390 1945 1415 esse
1973 1377 2085 1416 ratio-

137 1442 249 1478 nem,
280 1440 400 1478 quum
431 1431 560 1467 nullae
587 1432 611 1467 a
637 1429 882 1479 baptizandis
910 1429 1156 1479 requirantur
1182 1429 1369 1468 actiones.
1398 1429 1449 1468 Iis
1471 1432 1564 1468 vero
1580 1430 1646 1479 qui
1662 1431 1916 1468 Sacramento
1934 1432 2085 1469 Eucha-

137 1482 265 1521 ristiae
294 1483 611 1528 communicant,
639 1484 737 1522 haec
765 1482 1025 1532 imperantur,
1053 1490 1094 1521 vt
1121 1482 1335 1532 accipiant,
1364 1484 1596 1531 comedant,
1626 1486 1661 1522 &
1689 1483 1848 1534 bibant,
1877 1483 2021 1522 faciant
2045 1483 2084 1522 in

137 1536 387 1584 memoriam7
429 1536 659 1575 annuntient
699 1543 866 1575 mortem
908 1536 1091 1587 Domini,
1129 1537 1298 1586 probent
1335 1549 1377 1574 se
1405 1536 1532 1587 ipsos,
1564 1548 1664 1586 quae
1692 1537 1824 1575 omnia
1851 1537 1891 1575 in
1920 1536 2084 1576 infantes

135 1589 276 1627 cadere
305 1601 386 1626 non
415 1596 589 1639 possunt.
619 1591 824 1628 Praeterea
850 1589 1071 1640 Baptismus
1094 1597 1151 1628 est
1167 1590 1461 1628 Sacramentum
1476 1589 1691 1641 ingressus,
1708 1590 1843 1629 Coena
1857 1598 1915 1629 est
1930 1591 2083 1641 signum

141 1642 531 1681 commemorationis
560 1642 599 1680 in
627 1643 816 1682 Ecclesia.

188 1709 225 1745 9.
279 1697 333 1734 Vt
372 1702 502 1734 autem
532 1708 703 1735 errorem
737 1708 850 1735 suum
879 1697 1059 1742 fulciant,
1088 1702 1266 1735 asserunt
1295 1696 1539 1745 Baptismum
1568 1709 1650 1735 non
1678 1709 1762 1735 esse
1789 1696 1883 1735 noui
1911 1697 2082 1736 foederis

136 1750 450 1787 Sacramentum:
491 1749 558 1788 sed
594 1751 745 1788 tantum
774 1749 926 1800 signum
957 1750 1204 1788 obedientiae
1232 1752 1256 1787 a
1285 1749 1444 1788 Christo
1472 1750 1692 1789 mandatae.
1734 1750 1930 1789 Posterius
1959 1752 2084 1789 exclu-

137 1801 219 1840 sina
255 1802 406 1840 semota
445 1804 720 1853 concedimus3
755 1803 861 1853 prius
890 1816 1092 1853 negamus.
1133 1805 1235 1841 Nam
1265 1815 1365 1852 quae
1394 1810 1483 1841 sunt
1511 1803 1636 1853 sigilla
1663 1805 1687 1841 a
1715 1805 1802 1842 Deo
1832 1803 2005 1842 instituta
2033 1805 2083 1842 ad

134 1855 398 1905 obsignandas
426 1855 465 1893 in
493 1856 673 1894 fidelibus
701 1857 776 1895 Dei
805 1857 1104 1906 promissiones,
1133 1868 1241 1895 nouo
1267 1857 1428 1895 foedere
1456 1858 1599 1905 factas,
1629 1870 1674 1895 ea
1699 1864 1786 1894 sunt
1810 1856 1934 1907 sigilla
1949 1859 2083 1896 Sacra-

135 1909 317 1946 mentalia
354 1910 448 1947 noui
485 1910 664 1950 foederis.
710 1911 930 1960 Baptismus
966 1917 1096 1948 autem
1125 1923 1189 1948 eas
1219 1910 1401 1960 obsignat
1429 1923 1476 1948 ex
1505 1910 1636 1948 diuina
1665 1909 1924 1948 institutione:
1954 1911 2081 1960 Bapti-

135 1963 248 2000 zabat
276 1962 380 2000 enim
407 1963 602 2001 Iohannes
626 1963 663 2001 in
694 1964 983 2012 remissionem,
1013 1964 1052 2001 id
1080 1971 1159 2015 est,
1187 1963 1225 2001 in
1248 1963 1400 2014 signum
1425 1963 1664 2002 remissionis
1678 1971 1951 2013 peccatorum,
1968 1966 2082 2002 Mar.

140 2029 171 2053 1.
203 2017 237 2052 6.
267 2015 486 2065 Baptismus
515 2016 632 2054 etiam
662 2016 801 2055 dicitur
829 2018 1030 2055 lauacrum
1057 2016 1381 2067 regenerationis,
1418 2018 1494 2056 Tit.
1524 2030 1560 2066 3.
1591 2029 1627 2067 5.
1656 2017 1809 2067 signum
1839 2016 2029 2056 insitionis
2045 2017 2083 2055 in

136 2067 278 2107 Christi
307 2081 464 2119 corpus.
492 2071 605 2108 Rom.
636 2072 670 2108 6.
702 2083 738 2119 3.

193 2135 251 2160 10.
308 2122 453 2160 Dicunt
482 2122 598 2160 etiam
630 2123 668 2161 in
698 2123 909 2174 pangendo
938 2125 1116 2174 foedere,
1145 2125 1195 2162 ab
1225 2129 1388 2173 vtraque
1416 2130 1525 2173 parte
1554 2123 1693 2173 Capita
1714 2122 2084 2174 foederis,agnosci

135 2175 277 2213 debere
307 2177 342 2214 ἃ
370 2183 519 2225 partem
548 2189 665 2214 vnam
695 2177 804 2215 alteri
832 2177 1046 2227 spondere:
1076 2178 1248 2215 Infantes
1272 2184 1400 2215 autem
1424 2177 1518 2214 illud
1543 2190 1624 2215 non
1640 2176 1800 2215 faciunt.
1829 2177 2083 2227 Regerimus,

134 2229 291 2266 Foedus
328 2229 571 2267 considerari
608 2231 763 2269 duobus
797 2230 944 2269 modis:
975 2231 1253 2280 communiter,
1282 2242 1371 2268 cum
1402 2243 1569 2280 corpore
1599 2230 1822 2278 Ecclesiae,
1851 2232 1887 2268 &
1917 2230 2082 2280 particu-

133 2282 262 2320 lariter
289 2293 379 2319 cum
410 2282 588 2334 singulis,
618 2285 709 2322 vere
738 2284 923 2322 membris
953 2284 1045 2323 eius.
1076 2285 1176 2322 (jum
1206 2283 1452 2334 baptizantur
1481 2283 1668 2332 infantes,
1685 2285 1793 2322 Deus
1810 2284 1973 2322 offert&
1990 2297 2082 2322 con-

133 2336 206 2373 fert
234 2335 367 2373 omnia
395 2336 501 2373 bona
529 2336 718 2386 foederis,
747 2339 782 2376 &
810 2337 1026 2387 stipulatur.
1060 2337 1121 2375 Illi
1151 2344 1305 2386 autem,
1333 2343 1374 2375 vt
1403 2348 1539 2375 eorum
1569 2336 1725 2375 vocatio
1755 2343 1814 2375 est
1843 2337 2083 2388 communis,

133 2388 188 2426 sic
230 2388 268 2425 in
312 2389 514 2426 communi
547 2391 811 2442 respondent,
847 2393 925 2440 qua
958 2390 996 2428 in
1026 2390 1217 2441 principio
1247 2401 1340 2439 suo,
1369 2389 1393 2428 i.
1421 2389 1660 2440 parentibus,
1688 2389 1909 2440 intelligunt
1937 2391 2082 2429 habere

131 2442 282 2480 foedus.
324 2443 432 2480 Deus
463 2446 555 2481 vero
591 2444 693 2482 hanc
720 2443 974 2494 sponsionem
1003 2450 1204 2494 acceptat,
1235 2443 1364 2482 donec
1392 2456 1461 2493 per
1488 2449 1677 2494 aetatem,
1707 2443 1738 2482 si
1765 2442 1879 2482 electi
1906 2444 2084 2494 fuerunt,

134 2497 169 2533 δι
198 2493 421 2544 particulari
448 2496 656 2534 vocatione
686 2497 832 2545 vocati,
861 2496 1085 2547 particulari
1114 2496 1230 2536 etiam
1259 2497 1538 2546 respondeant.

189 2561 251 2585 11.
306 2547 507 2586 Obiiciunt
535 2556 734 2599 praeterea
761 2550 867 2600 prius
896 2551 1100 2589 docendos
1129 2562 1214 2588 esse
1242 2562 1309 2588 eos
1337 2549 1403 2599 qui
1432 2550 1697 2599 baptizantur,
1727 2550 1952 2588 Secundum
1977 2549 2083 2588 insti-

135 2600 326 2639 tutionem
357 2601 540 2652 Domini,
568 2604 722 2641 Docete
747 2617 884 2642 omnes
911 2610 1069 2654 gentes,
1097 2603 1337 2653 baptizantes
1365 2615 1453 2653 eos,
1476 2604 1548 2642 ἃς.
1576 2605 1716 2642 Mami.
1737 2606 1795 2641 18.
1816 2616 1875 2653 19.
1904 2602 2084 2641 Dicimus

134 2653 302 2704 primum
331 2654 526 2692 Graecum
554 2659 798 2704 μαθητεύειν
825 2669 910 2696 6336
940 2656 1151 2706 discipulos
1181 2658 1322 2695 facere.
1351 2657 1465 2695 Iubet
1493 2657 1596 2695 enim
1620 2657 1673 2695 ibi
1688 2656 1865 2695 Christus
1880 2655 2083 2705 Apostolis

138 2706 236 2755 suis,
272 2719 351 2745 non
380 2714 421 2745 vt
449 2709 617 2746 doceant
646 2709 871 2758 simpliciter
900 2711 1023 2760 (quod
1051 2712 1190 2760 postea
1219 2710 1408 2759 sequitur)
1436 2710 1506 2748 sed
1536 2717 1575 2748 vt
1603 2709 1641 2748 in
1671 2722 1783 2748 suum
1813 2710 1951 2747 foedus
1981 2711 2015 2747 &
2044 2708 2082 2746 in

139 2772 249 2799 suam
278 2760 441 2798 domum
469 2773 607 2800 onmes
635 2762 812 2801 nationes
830 2764 1050 2802 adducant.
1075 2765 1298 2813 Praeterea,
1323 2763 1392 2801 etsi
1408 2763 1671 2802 concedamus
1686 2762 1759 2801 illis
1775 2762 1945 2813 priorem
1960 2775 2083 2812 expo-

1871 2822 2052 2854 sitionem
2066 2846 2075 2864 ,
