2334 3020
273 121 345 167 246
892 127 1105 155 ΤΗΕεΕε
1145 127 1575 157 THEoLonAE.

268 236 451 274 munione
480 233 620 272 Christi
648 235 683 272 &
712 231 872 281 Spiritus
900 231 996 270 eius:
1026 231 1107 270 siue
1135 231 1377 283 imperfecte,
1406 234 1474 272 sed
1490 236 1579 273 vere
1594 241 1748 273 sanctos
1763 235 1801 273 in
1816 235 1990 286 Christo,
2007 236 2191 276 inchoata

266 290 305 327 in
333 288 423 338 ipsis
450 286 712 325 conmunione
740 284 880 323 Christi
908 285 944 322 δι
972 285 1151 335 Spiritus:
1184 285 1264 324 siue
1288 299 1372 325 non
1400 300 1446 324 ex
1475 287 1633 326 veritate
1663 289 1846 333 Sanctos,
1875 289 1945 326 sed
1973 289 2103 339 specie
2127 303 2188 328 so-

267 343 346 380 lnm
375 341 417 390 (f.
452 341 577 388 1714.)
605 338 645 377 id
672 344 749 387 θεῖ,
779 337 985 376 vocatione
1013 339 1048 375 &
1077 337 1318 387 professione
1346 346 1504 378 externa
1531 341 1747 390 appellatos
1777 348 1933 379 sanctos
1961 341 2191 391 aequiuoce,

267 392 444 444 quamuis
484 405 564 429 non
605 392 774 430 habeant
814 397 930 440 caput
957 392 993 429 &
1021 392 1189 430 formam
1218 392 1434 442 Ecclesiae,
1464 392 1504 431 id
1532 399 1608 443 θεῖ,
1637 393 1955 432 communionem
1985 394 2128 433 Christi
2155 397 2191 434 &

271 446 432 497 Spiritus
461 445 552 483 eius.

323 514 356 538 2.
412 500 512 536 Nam
540 499 680 536 horum
708 496 781 535 alia
809 495 963 546 proprie
990 503 1078 535 sunt
1106 497 1299 546 membra,
1330 497 1403 536 alia
1431 498 1658 547 aequiuoce.
1688 499 1848 549 Proprie
1878 506 1966 538 sunt
1996 502 2186 552 membra,

266 553 333 602 qui
356 565 436 590 non
464 552 589 590 solum
618 549 862 588 materialiter
888 557 966 599 atq.
995 548 1231 588 extrinsecus
1254 550 1294 588 in
1322 551 1496 588 Ecclesia
1525 553 1560 590 &
1589 551 1638 590 de
1668 552 1843 591 Ecclesia
1858 553 2052 603 sunt3sed
2070 552 2187 592 etiam

267 604 479 645 formaliter
520 611 599 653 atq.
625 603 854 642 intrinsecus
882 602 921 640 in
950 602 1106 641 Christo
1131 616 1199 653 per
1223 602 1620 643 communicationem
1649 604 1823 654 Spiritus.
1852 605 2068 656 Improprie
2098 610 2192 646 vero

265 658 330 708 qui
372 657 617 696 materialiter
659 657 785 695 solum
817 655 857 693 in
886 655 1061 694 Ecclesia
1089 663 1199 706 sunt,
1225 657 1261 694 δε
1289 657 1338 694 (1θ
1366 655 1542 695 Ecclesia
1571 656 1775 709 dicuntur⁷
1802 658 1893 697 licet
1916 660 2082 697 formam
2113 672 2193 698 non

265 717 421 751 teneant
448 711 559 749 illius.

316 778 352 814 3.
408 765 563 802 Horum
590 769 719 800 autem
749 760 975 800 communio
1004 761 1144 799 dicitur
1173 774 1275 812 esse,
1304 763 1410 800 velut
1437 762 1615 812 proprius
1643 771 1751 801 actus
1780 764 1815 801 &
1832 763 2006 802 officium
2025 764 2193 815 singulo-

260 830 346 856 rum
377 817 641 855 membrorum
668 815 767 853 inter
795 827 835 853 se
864 827 911 852 ex
939 814 1082 853 vnione
1111 814 1268 853 formali
1297 827 1387 853 cum
1409 815 1566 854 Christo
1594 817 1630 854 &
1659 815 1802 866 Spiritu
1831 816 1949 866 ipsius
1977 819 2190 866 profluens.

262 874 330 910 Est
372 870 486 920 igitur
530 870 745 907 Oommzmio
774 872 994 906 sanctorum
1023 875 1133 906 actus
1169 868 1351 906 relatiuus
1379 868 1418 906 in
1447 868 1712 918 ordinatione7
1742 869 2005 919 applicatione
2034 872 2069 908 &
2099 883 2193 909 con-

262 923 493 963 formatione
522 921 690 973 positus,
719 921 960 971 singulorum
990 922 1257 959 membrorum
1286 933 1376 959 cum
1406 933 1475 959 suo
1505 921 1653 971 capite„
1682 923 1717 959 δε
1754 922 1852 960 inter
1880 935 1939 972 εθ,
1968 923 2018 960 ab
2046 923 2191 962 vnione

260 978 324 1016 illa
352 975 613 1025 sanctissima,
643 974 720 1025 qua
749 972 926 1012 Ecclesia
955 986 1029 1011 vna
1054 981 1130 1023 θεῖ,
1160 973 1436 1024 proficiscens⁷
1464 975 1514 1012 ad
1543 974 1706 1025 gloriam
1737 974 1810 1013 Dei
1840 975 1877 1013 in
1907 988 2026 1025 regno
2050 976 2192 1014 Christi

264 1033 299 1069 &
322 1032 443 1069 salute
472 1037 605 1067 nostra
633 1034 836 1066 aeternum
864 1025 1163 1065 testificandam.

317 1097 351 1131 4.
408 1084 551 1120 Actum
588 1079 791 1120 relatiuum
828 1093 874 1118 ac
910 1092 991 1117 non
1025 1079 1239 1130 potentiam
1274 1079 1460 1128 dicimus7
1497 1091 1575 1130 quo
1605 1080 1754 1131 singula
1785 1081 1961 1118 membra
1990 1083 2078 1119 vere
2110 1089 2191 1119 tum

264 1135 538 1187 percipiendo,
569 1142 650 1173 tum
678 1133 891 1181 tradendo,
920 1133 1213 1171 communicant
1241 1144 1330 1171 cum
1359 1132 1515 1171 Christo
1545 1136 1580 1172 &
1608 1133 1707 1171 inter
1735 1146 1776 1171 se
1806 1134 1920 1172 rebus
1943 1134 2126 1172 omnibus
2141 1135 2192 1173 ad

264 1189 540 1240 perfectionem
569 1190 658 1226 cum
688 1199 797 1226 suam
825 1185 1017 1236 ipsorum,
1055 1192 1136 1224 tum
1164 1186 1328 1224 aliorum
1357 1185 1599 1236 singulariter
1627 1189 1662 1225 &
1690 1185 1867 1225 vniuerse
1897 1186 2192 1236 pertinentibus.

271 1257 301 1281 1.
331 1242 499 1289 Ordine,
528 1240 604 1291 qua
632 1240 694 1289 alij
727 1245 817 1278 sunt
844 1238 1010 1277 aliorum
1039 1239 1234 1289 membra,
1263 1241 1298 1277 &
1328 1251 1397 1277 suo
1427 1238 1566 1277 ordine
1594 1242 1629 1278 &
1653 1241 1743 1278 Ioco
1767 1239 1908 1289 singuli
1936 1240 2007 1278 sub
2037 1253 2116 1278 vno
2133 1254 2192 1278 ca-

265 1296 342 1346 pite
372 1295 538 1334 Christo.
572 1309 603 1332 2.
635 1292 927 1343 Applicatione7
956 1292 1033 1341 qua
1060 1292 1122 1342 alij
1150 1304 1240 1330 cum
1269 1291 1350 1330 aliis
1378 1292 2192 1343 communicant7tradendo&accipiendo

265 1348 394 1388 officia
435 1347 586 1386 onmia.
625 1359 726 1395 quae
761 1344 1042 1384 communicari
1075 1345 1182 1383 iubet
1218 1352 1380 1395 augusta
1407 1344 1472 1383 illa
1507 1344 1655 1383 vnionis
1687 1345 1726 1383 in
1751 1345 1906 1384 Christo
1933 1345 2194 1385 necessitudo.

266 1417 301 1452 3.
332 1400 675 1449 Conformatione,
703 1398 780 1448 qua
808 1397 946 1448 singuli
975 1398 1252 1437 conuenienter
1279 1401 1301 1436 a
1329 1398 1485 1437 Christo
1513 1397 1788 1449 informantur,
1816 1400 1851 1437 &
1880 1398 1930 1436 ad
1944 1410 2193 1437 communem

267 1453 621 1494 conformationem
650 1465 690 1490 se
719 1451 792 1502 ipsi
820 1458 1062 1500 comparant.

322 1519 356 1558 5.
411 1509 541 1556 Atque
568 1508 666 1545 haec
694 1518 784 1543 vera
811 1512 868 1542 est
896 1504 993 1542 ratio
1022 1515 1139 1553 quam
1167 1503 1350 1542 describit
1380 1505 1540 1554 Paulus7
1556 1503 1689 1542 dicens
1703 1516 1776 1542 nos
1792 1504 2018 1542 adolescere
2037 1503 2075 1542 in
2091 1516 2194 1554 eum,

266 1562 333 1611 qui
360 1567 418 1599 est
445 1565 582 1610 caput,
610 1558 651 1597 id
679 1564 736 1597 est
764 1556 982 1596 Christum:
1013 1569 1059 1594 ex
1087 1569 1167 1606 quo
1191 1564 1318 1595 totum
1347 1569 1489 1606 corpus
1518 1563 1780 1606 congruenter
1808 1564 2127 1607 coagmentatum
2158 1559 2193 1595 δι

264 1619 514 1664 compactum
556 1625 625 1663 per
664 1623 801 1650 omnes
842 1610 1106 1660 suppeditatas
1148 1609 1439 1659 commissuras,
1469 1622 1516 1647 ex
1543 1610 1580 1648 vi
1604 1610 1705 1648 intus
1735 1616 1874 1660 agente
1903 1623 1975 1659 pro
2014 1621 2194 1648 mensura

263 1666 562 1715 vniuscuiusque
591 1663 757 1702 membri
784 1663 1067 1702 incrementum
1095 1663 1199 1712 capit
1226 1662 1380 1713 corpori
1409 1662 1668 1711 conueniens,
1697 1663 1747 1701 ad
1782 1662 1840 1701 sui
1863 1663 1980 1712 ipsius
2016 1671 2190 1701 exstruc-

267 1721 412 1759 tionem
441 1731 509 1768 per
538 1718 782 1766 charitatem,
812 1727 912 1766 quae
942 1715 1075 1754 omnia
1098 1715 1203 1754 idem
1231 1717 1338 1754 Deus
1366 1714 1444 1766 agit
1472 1715 1510 1753 in
1542 1715 1737 1766 omnibus⁷
1767 1716 1912 1766 Ephes.
1941 1729 1976 1762 4.

316 1774 352 1811 6.
407 1772 534 1810 Huius
565 1778 694 1809 autem
722 1768 1009 1808 communionis
1037 1776 1165 1819 partes
1193 1775 1281 1806 sunt
1310 1769 1420 1807 duae.
1451 1769 1552 1806 Nam
1580 1768 1707 1819 prior,
1738 1776 1795 1807 est
1823 1768 2050 1807 communio
2080 1780 2190 1806 sanc-

262 1834 391 1864 torum
419 1836 508 1863 cum
536 1823 714 1872 Christo7
744 1829 783 1861 vt
811 1822 936 1872 capite
964 1821 1152 1860 omnium.
1182 1821 1395 1870 Posterior,
1423 1828 1648 1860 sanctorum
1676 1821 1775 1860 inter
1802 1833 1856 1860 se.
1887 1820 2108 1870 Vtrobique
2133 1828 2189 1859 est

262 1879 418 1928 duplex.
446 1879 548 1916 Nam
577 1875 804 1916 communio
833 1882 1057 1913 sanctorum
1085 1882 1150 1912 aut
1179 1875 1371 1924 formalis,
1400 1874 1440 1911 id
1467 1880 1544 1923 θεῖ,
1570 1873 1785 1924 Spiritualis
1800 1880 1917 1924 atque
1933 1873 2188 1922 interna„aut

261 1931 465 1970 materialis
509 1937 584 1981 est,
612 1930 652 1968 id
677 1936 752 1977 θεῖ,
782 1927 1022 1979 corporalis7
1052 1935 1209 1966 externa
1237 1929 1272 1966 δε
1296 1927 1567 1977 aspectabilis,
1597 1933 1715 1977 atque
1744 1928 1815 1966 sub
1844 1939 2000 1965 sensum
2028 1927 2187 1964 cadens.

317 1996 351 2033 7.
406 1983 549 2022 Christi
591 1985 647 2031 (vt
688 1981 840 2031 capitis)
882 1983 917 2020 δι
958 1982 1191 2019 Sanctorum
1221 1983 1278 2029 (vt
1306 1981 1574 2019 membrorum
1603 1980 1781 2030 corporis
1809 1979 1928 2029 illius)
1958 1978 2189 2018 communio

262 2045 319 2076 est
361 2037 518 2087 duplex.
553 2037 653 2074 Nam
692 2042 756 2074 aut
799 2042 907 2072 actus
941 2041 998 2072 est
1037 2033 1180 2072 Christi
1208 2046 1298 2084 erga
1327 2039 1505 2082 sanctos,
1534 2040 1574 2071 vt
1602 2035 1783 2072 membra
1810 2031 2007 2083 corporis:
2038 2039 2104 2071 aut
2133 2038 2190 2070 est

263 2091 529 2129 membrorum
557 2102 648 2139 erga
676 2087 899 2136 Christum,
927 2094 968 2125 vt
992 2093 1110 2136 caput
1138 2085 1255 2124 illius:
1285 2086 1403 2136 idque
1430 2092 1593 2136 vtroque
1622 2086 1747 2125 modo
1776 2097 1894 2136 quem
1920 2085 2108 2135 diximus,
2135 2084 2190 2122 in-

264 2143 433 2182 trinseco
461 2149 577 2192 atque
606 2141 837 2180 extrinseco.

314 2199 351 2234 8.
405 2195 533 2233 Huius
561 2192 851 2233 communionis
888 2191 1031 2231 Christi
1060 2205 1150 2242 erga
1179 2198 1335 2230 sanctos
1363 2199 1472 2230 actus
1500 2199 1580 2242 θεῖ,
1610 2192 1719 2241 quod
1748 2191 1852 2231 intus
1880 2190 2039 2241 quidem
2067 2191 2189 2229 verbo

266 2252 301 2288 &
330 2248 472 2298 Spiritu
500 2260 570 2286 suo
599 2247 721 2286 influit
762 2247 800 2285 in
831 2252 979 2284 mentes
1021 2247 1056 2283 &
1085 2245 1207 2283 corda
1235 2244 1427 2295 ipsorum⁷
1456 2243 1589 2283 omnia
1613 2244 1744 2283 officia
1771 2247 1806 2283 δι
1830 2244 2018 2284 beneficia
2044 2243 2190 2294 gratiae

268 2308 468 2352 praestans
495 2301 535 2338 in
565 2300 744 2351 singulis⁷
773 2312 844 2349 pro
873 2299 1035 2336 modulo
1064 2297 1286 2336 donationis
1317 2297 1453 2347 ipsius,
1483 2300 1518 2336 δι
1538 2296 1757 2335 vocationis
1779 2296 2084 2348 ipsorumtforis
2099 2298 2191 2335 vero

268 2362 427 2393 externa
455 2352 785 2392 administratione
812 2351 941 2402 verbi⁷
971 2352 1309 2389 Sacramentorum
1339 2351 1374 2387 &
1403 2350 1519 2388 totius
1547 2350 1693 2388 ordinis
1733 2363 1780 2388 ac
1808 2348 2092 2400 procurationis
2121 2349 2191 2386 Ec-

269 2407 519 2445 clesiasticae.
550 2407 651 2444 Nam
679 2406 786 2455 quod
813 2407 920 2443 Deus
949 2404 986 2441 in
1016 2404 1128 2442 nobis
1156 2403 1234 2454 agit
1263 2416 1331 2453 per
1361 2403 1578 2453 Christum,
1607 2402 1646 2440 id
1675 2403 1849 2442 Christus
1878 2401 1996 2440 efficit
2024 2402 2062 2440 in
2077 2400 2192 2440 nobis

270 2462 371 2499 intus
399 2474 467 2510 per
496 2459 699 2510 Spiritum7
727 2458 819 2496 foris
846 2471 916 2508 per
945 2457 1222 2507 ministerium,
1251 2458 1354 2495 velut
1383 2463 1583 2495 externum
1613 2456 1774 2505 Spiritus
1791 2455 2192 2504 instrumentum.,vo-

270 2517 456 2551 luntatem
498 2525 606 2551 suam
649 2518 806 2550 externa
834 2510 897 2548 illa
924 2509 1258 2548 administratione
1288 2515 1452 2560 testans,
1481 2510 1516 2546 δε
1544 2521 1617 2547 nos
1645 2509 1781 2547 eadem
1805 2520 2025 2558 prouocans
2053 2507 2102 2545 ad
2132 2519 2190 2545 or-

269 2566 398 2604 dinem
414 2597 423 2613 .,
452 2565 753 2615 applicationem
785 2565 819 2601 δι
849 2563 1203 2602 conformationem
1236 2575 1365 2600 veram
1394 2563 1429 2600 &
1458 2568 1634 2600 sanctam
1661 2561 1794 2612 ipsius.

321 2633 357 2668 9.
413 2617 711 2657 Communionis
740 2624 962 2655 sanctorum
992 2628 1084 2666 erga
1113 2615 1310 2654 Christum
1338 2621 1446 2654 actus
1475 2622 1551 2663 θεῖ,
1580 2621 1662 2652 turn
1694 2614 1801 2664 quod
1829 2613 1881 2652 illi
1910 2611 2052 2652 Christi
2076 2613 2192 2650 bene-

268 2672 354 2709 ficia
382 2671 483 2710 intus
510 2671 712 2720 hauriunt,
742 2671 777 2708 δι
802 2669 893 2707 foris
921 2668 1138 2718 accipiunt,
1167 2676 1208 2707 vt
1231 2668 1408 2706 membra
1436 2671 1459 2706 a
1487 2680 1556 2706 suo
1586 2666 1712 2716 capite
1740 2668 1965 2716 informata,
1994 2666 2029 2703 &
2053 2671 2193 2703 vocata

269 2725 318 2762 ad
355 2724 645 2774 perceptionem
681 2722 854 2761 salutaris
892 2721 1058 2773 gratiae,
1097 2729 1178 2760 tum
1214 2721 1321 2770 quod
1359 2720 1553 2758 tenuitatis
1582 2731 1673 2758 suae
1702 2721 1737 2758 &
1767 2718 1997 2757 infirmitatis
2023 2716 2191 2766 conscij,

275 2776 420 2826 seipsos
455 2778 591 2815 sistunt
627 2775 802 2827 quotidie
838 2775 953 2826 capiti
991 2785 1061 2813 suo
1089 2774 1190 2813 intus
1219 2773 1372 2824 spirim,
1401 2782 1442 2812 vt
1470 2774 1509 2812 in
1537 2780 1750 2823 conspectu
1779 2772 1976 2811 Ecclesiae
2003 2769 2096 2809 ioris
2122 2782 2192 2819 per

1961 2823 2190 2873 lectionem,
