2334 3020
725 85 952 115 THESES
994 84 1429 115 THEOLOGICAE.
1972 87 2041 126 231

158 198 220 235 28.
276 193 511 234 Petitionum
554 195 603 234 ad
646 208 717 233 nos
747 194 1003 245 spectantium
1032 193 1156 244 prima
1184 201 1240 232 est
1269 194 1318 232 de
1348 193 1462 232 rebus
1490 193 1689 242 corporeis
1718 194 1752 231 ἃ·
1782 194 1964 233 omnibus
1992 196 2041 232 ad

100 250 219 288 vitam
248 250 350 287 hanc
381 249 683 299 pertinentibus
711 249 852 298 quibus
881 260 952 286 nos
980 248 1125 285 habere
1155 259 1254 297 opus
1282 247 1392 285 nouit
1406 246 1585 284 coelestis
1607 248 1739 285 Pater:
1757 247 1927 297 reliquae
1943 249 2043 286 duae

105 305 210 341 bona
238 303 288 340 ad
321 301 438 340 vitam
468 302 707 351 spiritualem
738 301 955 340 necessaria
991 302 1319 359 complectuntur.

158 369 219 405 ²9·
274 356 453 393 Secunda
481 355 583 394 enim
613 363 688 401 est
720 363 759 392 vt
788 355 889 392 mala
919 353 1123 404 praeterita
1151 354 1300 402 deleat
1330 354 1365 391 δι
1395 353 1564 391 offensas
1579 352 1808 391 commissas
1821 353 1935 392 nobis
1951 367 2044 391 con

102 410 225 447 donet
266 409 393 446 Deus:
437 420 554 456 quam
599 421 680 446 rem
724 409 813 445 ciim
844 407 1090 457 impudenter
1113 413 1246 457 petant
1275 407 1297 455 ij
1328 406 1392 455 qui
1422 418 1502 444 non
1532 404 1604 455 ipsi
1633 405 1833 444 remittunt
1861 406 2045 444 omnibus

104 461 236 500 onmia
264 462 388 510 (quod
420 461 586 499 filiorum
608 461 683 499 Dei
712 461 885 498 officium
916 462 989 510 est)
1018 460 1207 510 professio
1236 460 1388 498 adiecta
1417 467 1492 509 est
1521 471 1594 496 nos
1606 458 1789 497 omnibus
1806 460 1958 497 malain
1974 473 2046 497 nos

102 514 270 553 admisse
298 514 539 552 condonare.

155 581 217 617 30.
275 567 408 604 Tertia
437 567 629 617 denique.
658 574 699 605 vt
728 567 844 605 nobis
872 567 1060 604 aduersus
1085 567 1186 604 mala
1216 567 1342 604 futura
1370 573 1528 616 caueat,
1555 577 1683 614 neque
1698 578 1772 603 nos
1789 565 1827 603 in
1845 574 2044 615 posterum

102 620 300 671 permittat
343 620 536 669 peruersis
579 621 745 659 Satanae
787 619 1103 669 suggestionibus
1134 626 1199 657 aut
1227 619 1428 658 vitiositati
1456 626 1631 669 nostrae,
1660 619 1729 657 sed
1758 618 1896 657 liberet
1925 633 1972 657 ex
2000 619 2044 656 iis

102 674 285 711 omnibus
315 672 496 722 gratiose.

155 739 219 775 31.
276 728 407 774 Atque
438 727 535 764 haec
564 726 734 775 petenda
765 733 854 763 sunt
882 725 1015 763 omnia
1043 725 1094 762 ad
1122 725 1286 775 gloriam
1315 725 1410 764 Dei:
1437 725 1648 775 spiritualia
1676 725 1837 774 quidem
1866 725 2047 776 simplici-

103 787 159 818 ter
188 779 223 816 ἃ
254 778 337 817 sine
368 778 601 828 exceptione
630 780 729 824 vlla3
759 778 982 828 corporalia
1012 781 1106 816 vero
1135 779 1171 817 δι
1199 778 1451 828 temporalia⁷
1479 778 1612 816 addita
1641 778 1889 828 conditione,
1906 792 2047 829 nempe

103 838 295 882 quatenus
325 831 508 880 expedire
537 831 648 870 nouit
676 831 720 869 iis
750 831 816 880 qui
845 831 996 881 singula
1023 831 1222 880 dispensat
1249 831 1390 880 cuique
1413 831 1705 881 sapientissime.

157 898 219 934 32·
275 885 320 922 In
359 884 493 934 primis
522 884 626 922 enim
657 885 720 922 hic
750 883 931 934 religiose
958 883 1088 922 caueri
1117 897 1276 923 necesse
1306 892 1382 934 est,
1410 898 1460 923 ne
1488 886 1578 923 Deo
1608 886 1771 923 modum
1799 893 1865 923 aut
1894 892 2048 935 tempus

106 937 439 988 praescribamus,
484 938 554 976 sed
596 937 760 976 omnino
805 937 1027 975 faciendum
1069 944 1110 975 vt
1138 938 1331 987 patienter
1359 937 1485 988 ipsum
1515 951 1562 976 ac
1601 938 1798 988 suspensis
1828 938 2048 987 desideriis,

107 991 288 1040 quamuis
317 991 490 1041 persuasi
519 993 628 1029 certo
657 1003 730 1029 nos
758 989 932 1029 exaudiri
960 992 1009 1029 ab
1038 1003 1104 1039 eo,
1134 998 1417 1040 exspectemus.

741 1286 846 1324 XLI.
901 1286 987 1323 DE
1038 1286 1427 1324 ORATIONE.

171 1420 278 1463 Cum
318 1421 494 1475 aliquot
531 1422 895 1475 praecedentibus
932 1422 1315 1476 disputationibus
1347 1423 1500 1476 inopia
1535 1430 1709 1472 nostra,
1745 1424 1792 1464 in
1825 1423 1948 1464 nobis
1980 1423 2051 1463 dc-

106 1489 358 1523 monstrata
401 1483 485 1523 sit:
529 1484 573 1524 ὃ·
608 1483 656 1524 in
695 1481 872 1524 Clzrz'sto
906 1484 1032 1536 copia
1065 1497 1214 1524 eorum
1249 1484 1443 1524 omnium
1477 1498 1588 1537 quac
1619 1484 1743 1525 nobis
1774 1485 1837 1524 ad
1863 1484 2051 1524 salutem

106 1549 212 1584 sunt
241 1543 493 1584 necessaria
504 1558 521 1589 ,·
554 1544 699 1584 simul
726 1544 860 1584 etiam
894 1545 1240 1585 instrumentum
1272 1558 1356 1597 quo
1388 1545 1513 1585 nobis
1524 1546 1729 1598 gratiam
1749 1548 1775 1585 ’ἁ
1792 1545 1885 1585 Deo
1897 1545 2052 1598 gratis

107 1603 298 1645 oblatam
330 1604 634 1658 applicamus,
671 1605 798 1645 cuius
831 1611 977 1646 tamen
1010 1605 1325 1660 infirmitatem
1361 1606 1629 1647 conscientia
1662 1612 1817 1646 nostra
1846 1612 2050 1653 testatur,

108 1666 173 1706 ita
206 1672 256 1706 vt
284 1665 381 1705 eius
413 1665 730 1706 incrementum
764 1669 791 1706 a
826 1665 921 1707 Deo
953 1666 1152 1719 quotidie
1177 1666 1411 1720 petendum
1444 1667 1533 1714 sit,·
1565 1666 1625 1706 Id
1651 1667 1757 1719 quia
1773 1667 1837 1721 fit
1853 1666 2053 1707 oratione

106 1727 168 1766 ad
195 1726 339 1767 Deum
355 1758 364 1774 ‚
398 1725 450 1766 de
483 1740 533 1766 ea
566 1726 614 1767 in
640 1727 878 1780 praesenti
908 1727 1214 1781 disputatione
1245 1741 1379 1781 agere
1409 1727 1706 1768 instituimus.

943 1880 1157 1917 THES1s
1198 1881 1227 1917 Ι.

162 2008 224 2044 DE
252 2007 441 2045 Oratione
468 2007 647 2058 religiosa
674 2008 836 2057 acturis,
865 2014 955 2045 ante
985 2010 1122 2047 omnia
1150 2009 1231 2046 eius
1261 2009 1518 2058 definitionem
1549 2010 1601 2047 ob
1632 2010 1772 2047 oculos
1789 2020 1938 2058 ponere
1955 2020 2048 2045 con-

107 2059 233 2110 uenit,
275 2060 325 2097 ad
366 2073 484 2110 quam
526 2069 682 2099 caetera
710 2073 811 2110 quae
840 2061 1028 2110 deinceps
1057 2061 1225 2099 dicenda
1250 2069 1338 2100 sunt
1367 2062 1616 2100 commodius
1648 2063 1873 2100 referantur.
1911 2061 2052 2099 Oratio

109 2113 240 2161 itaque
283 2121 339 2152 est
380 2114 591 2164 praecipua
621 2114 744 2153 diuini
773 2115 900 2152 cultus
928 2127 1017 2164 pars
1041 2114 1106 2152 illa
1135 2127 1211 2164 qua
1239 2117 1262 2153 a
1291 2116 1377 2153 solo
1407 2128 1502 2153 vero
1536 2116 1646 2162 Deo„
1677 2127 1797 2166 quae,
1826 2116 1861 2153 δι
1889 2127 1966 2164 qua
1997 2127 2052 2152 ra-

112 2167 218 2204 tione
247 2166 372 2204 voluit
400 2170 452 2216 (1.
481 2170 596 2206 loan.
627 2179 663 2218 5.
697 2170 759 2215 14)
788 2167 957 2217 petimus
985 2168 1036 2205 ad
1064 2168 1234 2206 nominis
1262 2167 1381 2218 ipsius
1408 2169 1585 2219 gloriam.
1615 2169 1813 2218 Quoniam
1829 2175 1958 2206 autem
1974 2176 2054 2205 tota

113 2221 210 2257 haec
252 2220 302 2258 de
343 2220 523 2259 oratione
553 2220 816 2260 consideratio
847 2221 1015 2259 maxime
1044 2221 1082 2259 in
1112 2233 1183 2259 vsu
1210 2221 1339 2271 posita
1367 2229 1444 2269 est3
1475 2223 1555 2260 duo
1584 2221 1647 2260 hic
1681 2222 1905 2260 summatim
1936 2221 2053 2270 expli-

111 2272 308 2321 cabimus,
337 2274 480 2312 deinde
503 2275 669 2312 abusum
704 2274 957 2324 multiplicem
988 2276 1278 2325 redarguemus.
1307 2277 1352 2313 In
1381 2275 1550 2325 genuino
1579 2283 1710 2314 autem
1737 2276 1778 2323 (f.
1813 2278 1942 2323 1702.)
1959 2276 2053 2312 Ora·

111 2325 228 2364 tionis
272 2338 341 2365 vsu
372 2328 452 2365 duo
481 2327 733 2377 requirimus:
764 2328 933 2377 primum
957 2328 1118 2377 quidem
1147 2335 1292 2366 rectam
1323 2329 1509 2367 orationis
1538 2328 1882 2367 constitutionem:
1912 2328 2055 2366 deinde

112 2381 205 2417 vero
234 2387 366 2428 aptam
396 2380 542 2419 orantis
587 2380 900 2431 dispositionem.

168 2445 203 2470 2.
258 2434 302 2470 In
347 2443 453 2471 recta
481 2433 670 2473 orationis
695 2434 975 2473 constitutione
1005 2435 1085 2473 duo
1115 2434 1427 2472 consideramus.
1455 2434 1647 2485 primum
1674 2437 1712 2473 A
1740 2447 1836 2484 quo:
1861 2434 2054 2483 secundo⁷

117 2485 226 2533 Quid
248 2487 461 2535 petendum
491 2487 552 2526 sit.
583 2489 645 2526 De
678 2488 809 2537 priore
837 2487 891 2525 ita
918 2487 1139 2526 statuimus:
1167 2487 1398 2526 Orationem
1428 2487 1650 2538 religiosam
1678 2501 1758 2526 non
1791 2501 1873 2527 esse
1888 2488 2055 2525 referen-

111 2538 203 2576 dam
245 2538 318 2577 nisi
359 2541 410 2578 ad
453 2552 574 2578 vnum
617 2542 745 2579 solum
785 2553 923 2579 verum
967 2543 1115 2589 Deum,
1159 2542 1334 2589 Patrem
1377 2540 1539 2591 Filium
1569 2543 1604 2579 δι
1633 2541 1819 2592 Spiritum
1848 2543 2056 2580 Sanctum.

109 2591 272 2630 Denter.
309 2603 346 2641 5.
386 2606 445 2642 13.
486 2595 702 2641 Matth.4.
736 2608 795 2634 10.
836 2594 926 2633 Siue
954 2596 1003 2632 ad
1033 2595 1187 2632 Patrem
1215 2572 1343 2632 solun'i
1371 2572 1559 2633 referattir
1586 2594 1840 2643 nominatim
1868 2602 2055 2643 tanquam

109 2643 342 2694 principium
371 2646 406 2683 δι
436 2647 585 2685 fontem
613 2647 843 2697 diuinitatis,
870 2649 1018 2686 Mattlc.
1051 2649 1085 2686 6.
1115 2649 1152 2686 6.
1181 2646 1262 2686 siue
1289 2647 1339 2685 ad
1367 2650 1494 2686 solum
1523 2648 1666 2697 filium
1695 2656 1882 2697 tanquam
1907 2647 2055 2685 Media-

107 2703 233 2735 torem
263 2698 298 2735 δι
325 2699 482 2737 vnicum
510 2699 807 2739 intercessorem
837 2707 1012 2739 nostrum
1042 2702 1146 2750 apud
1177 2702 1307 2739 Deum
1336 2702 1510 2740 Patrem:
1540 2703 1654 2740 Rom.
1688 2715 1747 2740 10.
1769 2701 1961 2751 13.idque
1974 2713 2056 2738 non

111 2752 189 2798 qua
216 2751 362 2802 homo,
392 2760 458 2790 aut
490 2753 612 2791 homo
641 2755 790 2792 tantum
821 2762 928 2801 (nam
956 2767 1115 2792 carnem
1143 2753 1287 2793 Christi
1314 2767 1384 2804 per
1411 2768 1452 2793 se
1479 2755 1706 2805 simpliciter
1717 2754 1961 2793 adorandam
1973 2766 2058 2803 per-

1851 2809 2056 2858 negamus)
