2334 3020
727 99 945 127 THESES
984 98 1418 127 THEOLOGICAE.
1958 101 2029 135 241

101 213 323 258 seruentur,
351 213 440 244 actu
467 205 582 244 etiam
611 205 648 244 in
678 206 875 256 Ecclesia,
910 208 945 245 &
974 205 1023 244 de
1051 206 1227 244 Ecclesia
1254 205 1457 244 Catholica
1472 218 1577 255 esse,
1593 217 1693 255 quae
1708 205 1799 244 inde
1814 207 1864 243 ab
1879 206 2035 244 Adamo

99 262 149 300 ad
177 258 556 299 consummationem
585 270 708 308 vsque
735 258 856 296 seculi
884 260 1067 297 duratura
1095 266 1172 308 est,
1200 260 1307 296 nullo
1336 259 1458 297 modo
1486 265 1543 297 est
1569 258 1863 309 ambigendum.

155 327 212 363 13.
267 314 377 351 Idem
407 311 592 350 iudicium
621 311 824 349 ferendum
853 319 910 350 est
938 313 988 350 de
1002 311 1234 361 quibusdam
1251 311 1711 362 excommunicatis,siue
1727 311 1864 350 iniuste
1881 323 2035 349 excom-

99 365 283 405 municati
318 365 391 403 sint
417 365 466 401 ab
496 372 654 402 externa
681 365 958 403 communione
986 364 1226 414 particularis
1255 365 1477 413 Ecclesiae,
1505 371 1546 402 vt
1573 377 1645 402 nos
1672 367 1696 403 a
1723 366 1921 403 Romana:
1953 363 2035 402 siue

98 420 211 458 iuste:
252 430 341 456 cum
382 416 500 467 ipsius
536 416 735 455 Ecclesiae
773 417 961 456 sententia
1000 431 1081 456 non
1118 417 1166 456 sit
1193 419 1373 456 absoluta
1400 430 1468 456 seu
1497 417 1894 466 definiti(f.1710)ua
1922 419 2037 466 (quae

98 473 216 510 solius
244 470 319 509 Dei
345 473 444 528 est,).
464 471 532 508 sed
564 469 855 508 interlocutoria
883 483 952 520 per
979 472 1156 509 verbum.

157 539 214 572 14.
268 524 369 562 Cum
397 522 512 560 etiam
540 525 563 560 a
591 522 870 561 communione
900 523 1139 561 Sacramenti
1165 524 1337 572 tantum,
1367 530 1432 561 aut
1460 523 1678 572 Ecclesiae
1707 534 1779 561 ceu
1801 510 1943 561 domus
1958 522 2033 560 Dei

100 579 183 626 fiat,
211 589 289 614 non
318 582 446 614 autem
474 576 525 613 ab
553 575 662 613 omni
690 575 1017 614 documentorum
1046 577 1096 614 ad
1127 577 1243 614 fidem
1269 577 1303 614 ἃ
1326 575 1631 625 resipiscentiam
1648 575 1916 614 reuocantium
1931 588 2037 613 com-

100 630 370 668 municatione.
400 629 500 666 Cum
532 628 661 678 deniq.
691 629 965 667 conditionalis
993 629 1062 673 sit,
1090 632 1283 679 semperq.
1313 636 1511 667 remaneat
1540 629 1692 667 interna
1714 628 1844 678 aliqua
1865 640 2038 666 commu-

99 683 243 721 nicatio
284 693 373 719 cum
412 681 588 731 Christo,
632 683 667 719 δι
708 682 883 720 Ecclesia
921 682 1145 731 Catholica,
1183 684 1206 719 a
1234 694 1311 731 qua
1338 682 1522 731 quoniam
1552 683 1729 720 membra
1756 689 1845 720 sunt
1874 681 2039 729 Christi,

98 735 294 780 abscindi,
342 735 478 772 [elcan.
521 747 579 773 10.
611 737 671 773 28.
705 747 787 772 non
816 743 1001 784 possunt,
1029 735 1099 773 etsi
1127 737 1149 772 a
1179 734 1400 785 particulari
1429 735 1606 773 Ecclesia
1634 736 1708 773 hac
1736 742 1802 773 aut
1829 735 1893 772 illa
1921 734 2038 773 diuel-

103 791 254 838 luntur,
299 795 338 826 vt
365 789 440 825 hac
469 787 617 826 ratione
646 787 695 826 ad
722 787 1020 838 poenitentiam,
1053 801 1085 827 1.
1118 789 1208 828 Cor.
1239 798 1273 837 5.
1305 799 1340 838 5.
1369 789 1644 838 perducantur.

158 852 216 891 15.
270 840 443 879 Visibilis
479 841 681 879 Ecclesiae
717 842 881 879 materia
909 848 997 878 sunt
1025 840 1223 890 homines,
1249 853 1329 878 non
1358 842 1485 879 solum
1514 841 1536 890 ij
1567 841 1636 889 qui
1663 840 1964 879 substantialiter
1992 839 2042 877 de

101 893 277 932 Ecclesia
303 901 392 931 sunt
419 893 626 932 vocatione
655 893 826 944 efficaci,
860 894 1006 944 quique
1035 895 1071 932 &
1100 893 1241 943 corde,
1269 895 1306 932 &
1338 906 1506 944 corpore
1533 893 1574 931 in
1603 907 1648 932 ea
1678 901 1786 931 sunt:
1817 893 1885 932 sed
1913 893 1952 931 in
1979 905 2042 943 ge-

100 960 192 986 nere
227 959 364 985 omnes
404 947 550 997 vocati,
578 949 724 985 Mattlc.
757 960 817 985 22.
852 960 911 994 14.
940 947 991 985 ad
1019 946 1569 985 communionem*Ecclesiae
1597 947 1809 997 praeconio
1839 945 2041 997 Euangelij

101 1001 420 1051 profitentesque.

158 1055 216 1092 16.
272 1053 447 1103 Ideoque
475 1053 698 1112 hypocritas
725 1052 970 1091 materialiter
999 1054 1034 1091 &
1062 1064 1230 1102 corpore
1258 1064 1342 1090 esse
1366 1051 1404 1090 in
1433 1051 1629 1102 Ecclesia,
1657 1053 1779 1091 Matt.
1810 1063 1844 1101 7.
1876 1065 1938 1090 22.
1962 1063 2042 1090 non

101 1106 339 1144 inficiamur:
383 1105 526 1144 etenim
564 1105 603 1143 in
637 1105 912 1144 constitutione
947 1104 1147 1145 Ecclesiae
1188 1107 1301 1143 caute
1329 1105 1505 1155 sacrilegi
1533 1117 1622 1143 cum
1651 1105 1722 1154 piis
1752 1105 2039 1156 ingrediuntur,

102 1160 218 1198 Vnde
247 1159 341 1197 scite
369 1160 532 1209 August.
570 1160 696 1198 Multz
719 1160 804 1210 lupz
828 1160 868 1197 in
895 1160 965 1197 lcoc
994 1160 1090 1196 omli
1114 1164 1205 1196 sunt
1216 1159 1459 1196 cumombus.
1488 1159 1739 1208 Quapropter
1755 1159 1853 1196 haec
1869 1157 2047 1196 Ecclesia

96 1214 236 1263 gregi,
263 1213 405 1250 Ezeclz.
436 1225 499 1261 34.
532 1224 591 1260 17.
620 1212 687 1251 vbi
714 1223 827 1261 oues,
856 1213 891 1250 δι
919 1211 1040 1250 hoedi
1067 1210 1181 1249 simul
1207 1218 1317 1262 sunt,
1346 1224 1534 1260 sagenae,
1562 1212 1710 1249 Alattlz.
1746 1224 1803 1260 13.
1830 1223 1893 1260 47.
1914 1211 1953 1248 in
1969 1223 2046 1260 qua

102 1265 218 1315 boni,
255 1266 291 1303 &
320 1264 411 1304 mali
437 1264 581 1316 pisces,
610 1278 744 1315 areae,
772 1266 919 1303 Matth.
956 1277 992 1313 3.
1026 1277 1084 1302 12.
1113 1263 1152 1301 in
1182 1264 1444 1313 qua-triticum
1461 1263 1581 1314 paleis
1597 1264 1853 1315 permixtum3
1883 1266 2047 1315 nuptiis,

104 1319 244 1357 Mattlz.
277 1331 337 1356 22.
373 1332 432 1356 ιο.
460 1317 499 1355 in
531 1317 672 1367 quibus
700 1318 814 1363 boni,
847 1319 882 1356 δι
910 1317 1001 1355 mali
1029 1317 1298 1367 discumbunt,
1326 1319 1658 1369 amplissimaeque
1669 1318 1816 1367 domui,
1848 1318 1995 1356 2.Tim.
2013 1330 2048 1355 2.

106 1385 167 1409 20.
196 1370 235 1409 in
265 1383 342 1420 qua
368 1370 475 1409 varia
501 1377 591 1409 sunt
619 1384 728 1419 vasa,
758 1378 1018 1421 comparatur.

162 1435 219 1472 17,
259 1426 424 1462 ‘Forma
453 1423 681 1463 Catholicae
709 1423 907 1462 Ecclesiae
937 1430 995 1462 est
1022 1423 1101 1461 vita
1129 1422 1272 1462 Christi
1301 1422 1339 1461 in
1365 1423 1549 1462 omnibus
1564 1422 1642 1462 suis
1658 1422 1844 1462 membris
1860 1436 1929 1473 per
1943 1435 2049 1461 com-

105 1477 331 1516 munionem
359 1477 543 1527 Spiritus,
572 1477 747 1527 principij
778 1477 899 1527 vitae,
923 1476 1177 1525 omniumque
1195 1476 1395 1515 actionum
1413 1483 1655 1528 sanctarum,
1670 1483 1806 1526 vtpote
1820 1475 1948 1514 dantis
1963 1489 2047 1514 sen-

104 1542 190 1568 sum
220 1533 449 1580 motumque
474 1530 524 1567 ad
553 1542 681 1568 rerum
707 1529 959 1580 spiritalium,
983 1529 1184 1580 notitiam,
1213 1531 1248 1568 δι
1277 1529 1369 1568 fidei
1397 1529 1676 1568 obedientiam.
1711 1543 1741 1568 1.
1777 1531 1865 1569 Cor.
1898 1543 1956 1569 12.
1992 1543 2049 1567 11.

161 1585 219 1622 18.
273 1584 399 1632 quue
426 1583 539 1621 variis
569 1583 772 1633 gradibus:
803 1596 895 1621 nam
925 1596 1005 1621 non
1034 1583 1168 1633 simul,
1203 1596 1277 1621 nec
1310 1584 1430 1621 semel
1457 1583 1563 1621 illam
1591 1583 1630 1622 in
1657 1595 1817 1622 omnem
1846 1583 2049 1621 veritatem

102 1636 325 1675 introducit.
354 1635 680 1686 Triumphantem
707 1635 866 1686 quidem
895 1637 1065 1686 perfecte
1094 1635 1132 1674 in
1161 1647 1232 1674 suo
1260 1648 1422 1686 genere,
1450 1642 1568 1686 prout
1597 1649 1758 1674 omnem
1782 1635 2048 1674 infirmitatem

102 1690 138 1727 &
165 1696 372 1739 peccatum
410 1689 534 1728 exuit:
578 1689 808 1727 militantem
846 1692 937 1728 vero
965 1688 1211 1739 inchoatiue,
1252 1703 1282 1727 1.
1319 1691 1407 1728 Cor.
1441 1702 1500 1739 13.
1532 1703 1567 1740 9.
1597 1690 1785 1728 duntaxat
1813 1690 1849 1727 &
1877 1687 2046 1727 tenuiori

101 1743 276 1793 quodam
304 1742 445 1792 modo,
473 1749 590 1792 prout
617 1742 770 1780 infirma
797 1749 855 1780 est
883 1743 920 1780 δι
947 1742 1093 1792 aliquid
1120 1742 1262 1781 terreni
1289 1743 1429 1793 habet,
1457 1744 1569 1781 Rom.
1603 1754 1638 1791 7.
1668 1755 1730 1792 23.
1758 1755 1806 1781 ex
1833 1754 1914 1793 quo
1944 1755 2041 1781 sem-

104 1809 174 1846 per
201 1795 319 1846 dicit,
348 1797 495 1833 remitte
523 1797 646 1834 debita
673 1801 808 1834 nostra
822 1826 833 1846 ,
861 1797 983 1834 Matt.
1014 1797 1050 1834 6.
1084 1809 1142 1833 12.

164 1862 221 1898 19.
276 1849 374 1887 Inde
403 1848 570 1886 militans
599 1848 745 1898 duplici
773 1849 822 1887 de
853 1861 972 1887 causa
998 1848 1103 1887 dicta
1131 1856 1201 1887 est.
1230 1851 1263 1888 Ι.
1291 1848 1382 1899 quia
1411 1848 1447 1887 ei
1470 1850 1725 1899 pugnandum
1749 1847 2052 1899 intus,&foris:

107 1903 211 1952 Eplc.
240 1902 278 1940 6.
311 1915 369 1940 11.
407 1915 467 1941 12.
496 1903 578 1940 &a
608 1901 728 1951 intus,
757 1909 894 1941 contra
922 1914 1065 1952 corpus
1089 1901 1259 1952 peccati,
1284 1909 1423 1940 contra
1437 1902 1700 1941 infirmitatem
1715 1902 2055 1952 ignorantiamque

112 1966 242 1993 suam:
272 1955 384 2005 soris,
413 1962 549 1993 contra
578 1956 709 1994 hostes
737 1955 971 2004 Diabolum,
1000 1957 1036 1994 δε
1066 1955 1268 1997 mundum,
1311 1957 1363 1994 II.
1392 1955 1483 2005 quia
1510 1962 1567 1994 est
1595 1956 1770 1995 obnoxia
1800 1955 1928 1994 multis
1959 1954 2057 2005 peri·

118 2007 236 2057 culis,
265 2015 346 2046 tum
376 2008 526 2055 ratione
554 2007 808 2047 imbecillium
839 2010 1130 2059 membrorum,
1159 2015 1241 2047 tum
1269 2008 1581 2047 contradictione
1608 2008 1791 2047 hostium.

166 2074 227 2099 20.
282 2061 454 2100 Visibilis
483 2064 576 2100 vero
601 2073 702 2111 quae
733 2061 877 2111 potiori
905 2075 952 2100 ex
979 2068 1090 2112 parte
1119 2075 1165 2100 ex
1189 2062 1337 2100 vocatis
1352 2073 1443 2100 cum
1459 2061 1633 2101 efficacia
1647 2069 1800 2101 constat
1813 2061 1985 2112 ,duplex
2000 2067 2058 2098 est

111 2115 262 2164 forma,
297 2114 466 2165 interna,
501 2126 601 2164 quae
630 2121 687 2153 est
714 2115 851 2153 eadem
881 2115 1109 2153 Catholicae
1138 2116 1286 2165 forma,
1313 2116 1364 2153 de
1393 2127 1470 2165 qua
1498 2127 1635 2165 supra3
1664 2127 1766 2165 quae
1794 2121 1851 2153 est
1878 2114 1943 2152 illa
1969 2127 2055 2164 pro-

113 2167 227 2206 fessia
254 2181 374 2206 verae
402 2168 477 2206 Dei
507 2167 742 2218 cognitionis
772 2167 971 2207 visibiliter
998 2170 1021 2206 a
1051 2169 1139 2206 Deo
1167 2169 1309 2207 tradita
1336 2168 1839 2207 &acommuniEcclesiae
1853 2175 2056 2218 percepta:

113 2228 243 2259 ortum
272 2221 308 2259 δι
339 2233 590 2271 progressum
620 2221 769 2260 habens
795 2223 883 2260 cum
913 2223 936 2259 a
961 2220 1253 2281 praedicatione
1281 2221 1360 2260 viui
1384 2221 1572 2260 sermonis
1596 2221 1671 2260 Dei
1695 2223 1730 2260 &
1746 2222 1940 2271 efficacis,
1954 2221 2059 2258 Hel».

112 2286 149 2321 4.
184 2287 242 2313 12.
271 2282 354 2312 tum
382 2276 406 2312 a
435 2274 715 2324 Sacramentis,
745 2277 768 2313 a
795 2287 872 2324 qua
899 2275 1059 2324 quidem
1087 2274 1245 2325 politia,
1277 2276 1313 2313 ἅτ
1342 2275 1586 2325 professione
1615 2282 1797 2321 externa,
1823 2282 1864 2314 vt
1890 2277 1914 2312 a
1942 2281 2058 2312 mate-

112 2326 270 2365 rialibus
299 2327 394 2377 suis,
422 2327 580 2366 visibilis
608 2327 761 2366 dicitur.

169 2394 230 2418 21.
287 2380 430 2419 Finalis
458 2391 574 2418 causa
603 2380 803 2420 Ecclesiae
832 2380 870 2418 in
899 2393 1040 2431 genere
1070 2382 1105 2419 &
1133 2380 1282 2431 specie,
1309 2380 1512 2430 primaria,
1541 2388 1599 2420 est
1626 2381 1753 2432 gloria
1776 2380 1850 2420 Dei
1866 2394 1935 2431 per
1951 2380 2060 2418 mise-

114 2433 324 2472 ricordiam
360 2434 580 2483 declarata,
609 2441 650 2472 vt
678 2434 716 2472 in
745 2434 844 2483 hoc,
872 2435 908 2472 δι
936 2435 1067 2472 futuro
1097 2435 1227 2472 secula
1254 2435 1406 2473 colatur
1435 2435 1471 2472 ἃ
1500 2442 1738 2485 agnoscatur
1763 2436 1884 2473 Deus.
1927 2433 2060 2472 Subal-

115 2493 225 2525 terna
253 2500 290 2526 v.
322 2493 380 2525 est
408 2487 585 2537 corporis
613 2487 758 2526 Christi
787 2489 889 2525 salus
918 2489 953 2525 &
981 2488 1154 2537 perfecta
1180 2488 1342 2538 adoptio
1368 2501 1415 2526 ac
1437 2488 1725 2527 consummatio
1741 2487 1870 2538 operis
1885 2486 2062 2538 gratiosi,

116 2553 185 2589 per
230 2552 348 2589 quam
384 2540 628 2579 beatitudine
669 2539 827 2579 aeterna
866 2539 904 2578 in
943 2542 979 2579 &
1013 2541 1085 2578 sub
1114 2539 1241 2590 capite
1272 2540 1428 2579 Christo
1457 2543 1693 2592 perfruatur,
1723 2543 1806 2579 cz‘cm
1842 2541 1954 2578 Deus
1990 2542 2067 2577 erit

117 2595 247 2630 omnia
276 2595 316 2631 in
345 2594 516 2631 omnibus
564 2607 594 2631 1.
633 2595 720 2631 Cor.
755 2604 815 2643 15.
852 2595 911 2631 28.

175 2659 236 2685 22.
292 2648 423 2695 Atque
452 2647 549 2684 haec
579 2647 628 2684 de
657 2647 804 2694 causis,
832 2646 908 2684 iam
937 2646 1071 2696 paucis
1100 2647 1291 2695 quaedam
1323 2648 1505 2685 adiuncta
1533 2647 1920 2699 perstringemus·ea
1933 2653 2062 2684 autem

122 2701 184 2736 vel
213 2699 429 2738 Vniuersali
458 2700 658 2738 Ecclesiae
687 2700 966 2748 attribuuntur,
995 2700 1054 2736 vel
1082 2699 1224 2737 visibili
1251 2700 1452 2739 duntaxat.
1488 2702 1549 2738 Ac
1576 2700 1704 2750 primo
1727 2701 1886 2750 quidem
1901 2699 2064 2737 Vniuer-

124 2753 218 2790 salis
247 2753 425 2791 Ecclesia
453 2753 699 2791 ordinatione
728 2754 803 2790 Dei
844 2754 878 2790 V
874 2766 926 2790 na
954 2752 1115 2801 dicitur,
1144 2753 1249 2804 Eplz.
1279 2767 1315 2800 4.
1344 2767 1379 2800 4.
1408 2753 1548 2804 partim
1572 2754 1719 2792 ratione
1741 2753 1852 2792 vnius
1866 2752 2065 2803 principij,

1056 2819 1077 2854 3
1089 2819 1102 2841 1
1850 2808 1884 2844 ἃ
1913 2804 2064 2842 animae
