2334 3020
792 97 860 124 DE
901 96 1045 122 VERA
1088 92 1439 121 THEOLOGIA.
2031 81 2077 118 61
2115 97 2121 102 ¹

157 205 532 255 manifestissimum,
569 204 638 243 sed
666 206 783 254 longe
811 203 1031 242 inferiorem
1060 215 1129 241 sua
1157 214 1289 252 causa,
1317 215 1363 239 ac
1391 200 1549 239 minime
1577 200 1837 248 adaequatum
1866 198 1900 237 ei
1929 210 2080 247 expres-

157 258 295 308 simus,
339 257 512 297 dicentes
553 258 654 295 hanc
681 269 764 295 esse
792 256 1119 295 communicatam
1148 269 1193 293 eae
1221 257 1390 293 demenso
1423 254 1588 291 Christi:
1618 251 1708 290 huic
1736 251 1838 290 enim
1867 253 1973 289 Deus
2002 262 2081 288 non

155 310 364 350 admetitur
402 309 577 361 spiritum
605 310 820 348 secundum
849 321 1094 348 mensuram:
1124 311 1236 347 Ioum.
1266 321 1314 358 3:
1345 320 1408 356 34.
1437 307 1505 344 sed
1539 305 1714 345 Christus
1742 304 1856 343 nobis
1887 303 2085 354 dispensat

157 377 229 415 pro
258 375 438 403 mensura
465 362 685 402 donationis
713 374 824 413 suae,
852 363 887 400 &
915 362 1030 412 quid,
1059 361 1142 411 cui,
1169 362 1352 411 quando,
1388 366 1575 410 quantum
1604 360 1708 408 vult,
1732 357 2087 408 largi(f.1388.)tur

157 418 337 467 gratiose.
365 418 508 468 Ephes.
537 429 574 463 4.
607 417 665 455 16.
693 415 904 454 Materialis
933 428 1069 463 causa,
1100 414 1180 454 siue
1208 417 1265 463 (vt
1288 414 1326 452 in
1351 415 1466 452 rebus
1481 411 1743 462 spiritualibus
1758 409 1959 449 obseruari
1973 411 2087 457 solet)

157 469 373 509 subiectum
417 468 528 508 huius
558 468 800 520 Theologiae
837 468 1029 507 indicatur
1062 468 1122 507 his
1156 467 1303 517 verbis,
1332 480 1413 504 cum
1442 467 1490 503 iis
1517 467 1586 515 qui
1609 467 1648 504 in
1677 466 1775 502 coelo
1805 465 1966 513 degunt,
1993 468 2088 512 puta

158 523 239 562 siue
278 521 457 572 Angelis,
488 521 568 561 siue
596 521 839 572 hominibus,
869 525 916 561 eo
945 521 1142 560 subnectis
1170 534 1240 571 per
1268 519 1452 571 gratiam,
1482 525 1522 556 vt
1550 518 1808 568 praecedente
1836 523 1969 555 nostra
1996 515 2089 554 defi-

157 575 306 615 nitione
348 574 606 614 distinximus.
648 576 792 614 Forma
832 578 925 614 vero
967 573 1215 624 sequentibus
1248 573 1376 612 verbis
1414 571 1639 622 exponitur,
1674 570 1834 620 quando
1863 568 2088 618 subijcimus

154 630 355 667 secundum
378 629 478 666 lcunc
506 630 729 678 sapientiam
758 634 916 666 aeterna
944 629 1025 666 Dei
1047 629 1191 667 visione
1218 629 1253 666 δε
1276 628 1456 676 gloriosa
1484 626 1654 663 coelestes
1681 622 2013 672 czm'mczsperfrut.
2041 621 2088 659 Id

153 688 283 720 autem
311 687 392 732 est,
422 688 462 720 vt
492 681 705 720 commode
732 682 783 720 ad
811 680 1106 732 intelligentiam
1138 680 1407 719 enunciemus:
1437 677 1661 716 Essentialis
1686 678 1811 714 forma
1834 674 1947 713 huius
1962 675 2090 713 Theo-

153 736 281 785 logiae
320 741 379 773 est
419 733 458 773 in
494 734 684 773 relatione
711 734 858 784 posita,
889 734 970 773 siue
998 733 1246 773 ordinatione
1274 735 1309 772 ἃ
1335 731 1596 782 applicatione
1625 741 1754 768 rerum
1783 727 2010 767 coelestium
2038 728 2089 766 ad

153 789 302 838 Deum,
332 794 530 837 tamquam
558 787 793 837 principium
825 789 860 826 δε
889 788 1087 837 exemplar
1113 799 1225 826 suum
1248 784 1731 835 absolutissimum3aquo
1746 788 1830 820 tota
1842 782 1929 832 lux,
1945 780 2089 831 gratia,

154 842 189 880 δι
217 839 341 891 gloria
368 839 408 878 in
435 854 496 879 res
525 849 673 879 creatas
700 840 948 891 diffunditur,
976 842 1012 879 &
1040 839 1107 889 qui
1133 840 1239 878 idem
1269 850 1428 888 quoque
1456 836 1541 875 finis
1568 836 1741 886 ipsorum
1769 842 1848 884 est,
1876 836 1912 874 &
1936 833 1990 872 rei
2007 846 2072 872 cre

152 899 237 932 atae
265 893 410 932 omnis:
440 905 558 943 quem
587 895 704 932 finem
732 895 859 933 solum
889 892 1186 944 perstrinximus
1201 893 1240 930 in
1256 890 1504 935 definitione,
1523 890 1697 928 dicentes
1712 890 1782 926 Ad
1785 890 1958 937 gloriam
1973 889 2090 925 illius.

154 948 269 985 Haec
297 945 413 997 igitur
439 946 504 985 illa
532 953 590 986 est
617 947 836 998 Theologia
862 946 1040 996 visionis,
1069 958 1187 995 quarn
1216 956 1438 995 speramus,
1466 954 1583 992 quam
1613 941 1830 988 credimus,
1859 941 1898 979 in
1922 952 1999 989 qua
2022 953 2091 990 per

154 999 269 1038 fidem
296 999 632 1050 conquiescimus,
662 1001 697 1038 &
725 1006 856 1038 tamen
886 1000 938 1038 ad
966 1013 1052 1038 eam
1080 998 1375 1046 contendimus,
1406 996 1607 1046 cupientes
1630 993 1839 1033 dissolui&
1856 993 1986 1032 viuere
2001 1005 2090 1031 cum

154 1052 334 1103 Christo,
363 1053 429 1102 qui
458 1055 523 1091 lux
550 1060 626 1103 est,
655 1053 754 1103 vita,
783 1053 985 1103 gloriaque
1011 1059 1163 1091 nostra:
1187 1053 1223 1090 δε
1251 1063 1342 1089 cum
1367 1048 1773 1099 quo,vbipatefact'us
1788 1047 1901 1085 fuerit
1917 1046 2089 1085 secundo

154 1106 324 1144 aduentu
353 1117 442 1157 suo,
473 1107 702 1156 patefiemus
730 1118 804 1145 nos
833 1117 990 1155 quoque
1019 1105 1058 1144 in
1086 1103 1211 1155 gloria
1238 1101 1536 1142 absolutissime.

912 1387 1144 1425 CAPVT
1184 1388 1332 1425 VIII.

663 1510 728 1547 De
764 1510 971 1557 cheologiu
1003 1510 1266 1546 Reuelcztiom's
1298 1509 1336 1545 iu
1368 1509 1440 1545 luzc
1471 1511 1564 1546 vc'tcz.

203 1645 405 1682 Hactenus
445 1644 494 1681 de
528 1641 778 1681 intellectuali
815 1641 1057 1689 Theologiae
1094 1641 1241 1679 lumine
1268 1640 1457 1690 diximus,
1485 1648 1739 1691 permanente
1767 1643 2020 1690 perfectoque
2049 1642 2084 1678 in

150 1696 309 1747 singulis
336 1696 380 1735 iis
408 1708 575 1746 quorum
605 1702 662 1734 est
688 1694 918 1745 Theologia.
954 1696 1056 1732 Nam
1084 1696 1120 1733 ἃ
1150 1707 1384 1744 permanens
1414 1701 1531 1743 atque
1560 1696 1730 1743 perfecta
1758 1701 1815 1733 est
1848 1693 2088 1744 perfectione

150 1749 298 1788 infinita
326 1749 537 1788 essentialis
564 1749 628 1787 illa
660 1748 881 1798 Theologia
907 1748 1004 1797 Dei,
1032 1759 1150 1797 quam
1180 1748 1433 1797 archetypam
1462 1746 1763 1796 appellauimus:
1794 1750 1828 1786 &
1858 1760 2090 1797 permanens

149 1803 241 1841 item
281 1809 396 1860 atque
437 1804 608 1852 perfecta
643 1809 701 1840 est
738 1801 979 1851 perfectione
1011 1800 1120 1851 quasi
1153 1801 1323 1846 infinita,
1354 1800 1497 1838 Christi
1525 1800 1743 1850 Theologia
1771 1800 1995 1849 habitualis,
2025 1799 2090 1838 illa

151 1868 268 1904 quam
304 1855 456 1894 vnionis
484 1856 745 1905 appellamus:
775 1856 811 1894 δε
839 1856 1014 1904 perfecta
1045 1854 1212 1903 denique
1240 1867 1286 1892 ac
1313 1867 1546 1903 permanens
1576 1854 1640 1891 illa
1667 1854 1887 1904 'theologia
1909 1853 2089 1903 visionis,

148 1921 265 1958 quarn
294 1909 436 1959 Angeli
464 1908 503 1946 in
533 1909 647 1947 coelo
675 1909 711 1946 δι
742 1907 898 1958 spiritus
926 1907 1117 1946 iustorum
1143 1907 1341 1957 obtinent,
1366 1906 1607 1957 perfectione
1622 1906 1860 1957 amplissima
1874 1907 2088 1945 secundum

149 1962 311 2000 modum
342 1962 528 2012 ipsorum.
569 1961 766 2011 Expositis
794 1962 924 2011 itaque
952 1960 1026 1999 illis
1054 1960 1372 2011 permanentibus
1400 1959 1643 2010 Theologiae
1671 1973 1786 1998 verae
1812 1960 2088 2009 formis,nunc

146 2015 198 2053 ad
239 2028 371 2054 veram
409 2014 692 2065 'l‘heologiam,
732 2014 910 2064 quamuis
939 2027 1020 2052 non
1047 2020 1365 2064 permanentem,
1393 2013 1595 2052 veniamus
1623 2026 1722 2062 opus
1751 2019 1827 2064 est,
1856 2020 1896 2051 vt
1924 2013 2087 2051 modum

147 2067 366 2118 Sapientiae
405 2075 561 2107 nostrae
588 2067 718 2117 aliqua
746 2067 1108 2117 circumscriptione
1136 2067 1273 2106 melius
1300 2066 1494 2116 possimus
1522 2066 1695 2115 assequi.
1724 2066 1955 2105 Rectissime
1984 2066 2086 2104 enim

147 2121 198 2159 ad
226 2120 453 2160 Corinthios
481 2120 654 2160 scribens
682 2122 918 2171 Apostolus,
959 2122 1214 2170 Prophetiue,
1243 2119 1388 2169 inquit,
1417 2121 1628 2161 reddentur
1658 2121 1823 2169 inutiles,
1851 2122 1885 2158 ἃ
1913 2121 2089 2168 liuguae,

147 2175 365 2225 cessabunt,
406 2176 443 2213 δε
485 2175 649 2223 cognitio
690 2176 798 2224 εἷναι.-
842 2175 912 2212 Ex
943 2180 1062 2225 purte
1089 2176 1184 2211 euim
1216 2175 1490 2222 cognoscimus,
1525 2175 1559 2211 ἃ
1587 2186 1634 2210 ex
1651 2178 1772 2222 purte
1791 2174 2090 2222 prophetamus,

138 2233 344 2277 postquam
373 2233 496 2265 autem
525 2229 726 2265 aduenerat
755 2229 860 2277 quod
881 2233 937 2265 est
955 2227 1189 2277 perfectum,
1206 2233 1293 2265 tuuc
1316 2228 1422 2276 quod
1436 2231 1616 2276 exparte
1635 2231 1692 2263 cst
1702 2227 1926 2264 abolebitur.
1963 2227 2089 2274 Quum

149 2293 262 2318 essem
290 2280 445 2330 lufaus,
473 2285 515 2320 vt
539 2281 674 2330 infans
701 2281 908 2331 loquebar,
935 2286 977 2320 vt
1000 2280 1134 2330 z'uffaus
1162 2281 1393 2329 cogitabam,
1422 2285 1464 2318 vt
1487 2279 1621 2329 infans
1647 2280 1869 2317 sentiebam:
1888 2285 2088 2328 postquam

149 2338 272 2370 autem
290 2333 428 2383 factus
453 2347 534 2371 sum
563 2335 645 2384 vir,
673 2339 716 2373 vt
738 2335 891 2371 inutilia
919 2335 1073 2381 sustuli,
1103 2346 1200 2383 quoe
1225 2333 1390 2381 infantis
1417 2338 1552 2370 ercmt:
1581 2333 1770 2370 ceruimus
1797 2334 1892 2369 euim
1909 2338 2090 2381 uuucper

148 2388 337 2435 speculum
365 2387 402 2425 δε
429 2388 628 2437 (refugum,
657 2392 745 2424 tunc
772 2392 895 2424 autem
924 2389 963 2424 in
991 2401 1032 2424 os
1059 2399 1253 2424 cernemus
1281 2399 1431 2423 coram:
1460 2399 1559 2423 nunc
1583 2399 1765 2433 cognosco
1789 2398 1836 2422 ex
1853 2391 1988 2435 purte,
2003 2391 2090 2422 tuuc

148 2440 239 2478 verb
268 2452 489 2488 cognoscam
508 2445 636 2489 prout
655 2441 765 2477 etiam
794 2453 877 2478 sum
906 2441 1081 2490 agnitus,
1115 2453 1146 2477 1.
1180 2440 1270 2477 Cor.
1297 2452 1355 2487 13.
1380 2441 1414 2476 8.
1440 2453 1475 2489 9.
1499 2440 1567 2477 &c.
1597 2439 1688 2476 Non
1705 2438 1812 2487 quod
1828 2437 2087 2488 Theologiam

153 2492 255 2529 hane
281 2498 474 2543 nostram,
503 2493 554 2530 de
581 2504 660 2542 qua
686 2492 870 2542 deinceps
899 2492 1042 2531 dicturi
1057 2504 1208 2539 sumus,
1225 2505 1271 2530 ex
1292 2493 1368 2530 vlla
1383 2491 1678 2542 imperfectione
1694 2491 1910 2530 secundum
1925 2491 2090 2541 seipsam

153 2543 369 2583 iudicemus
395 2546 596 2584 laborare:
626 2559 718 2584 nam
744 2545 785 2584 in
813 2558 861 2584 eo
888 2545 975 2596 ipso
1004 2545 1112 2596 quod
1139 2545 1275 2594 habet,
1304 2544 1491 2595 quicquid
1518 2545 1657 2595 habet,
1678 2551 1735 2582 est
1750 2543 2087 2594 perfectissimum.

152 2597 230 2635 Sed
256 2597 444 2647 perfectio
471 2597 552 2636 eius
578 2610 671 2637 cum
700 2605 835 2637 nostra
861 2598 1048 2637 tenuitate
1076 2600 1112 2637 &
1139 2597 1435 2648 imperfectione
1462 2604 1758 2648 contemperata
1781 2604 1858 2635 est:
1883 2597 1972 2647 quia
1987 2596 2088 2647 prin-

149 2649 252 2700 cipia
282 2651 409 2688 solum
439 2650 742 2699 perfectissimae
771 2651 871 2690 illius
899 2651 938 2689 in
966 2652 1080 2690 coelo
1108 2651 1350 2701 Theologiae
1379 2650 1702 2701 comprehendit3
1731 2650 1872 2699 quibus
1888 2649 2088 2700 principiis

151 2702 332 2752 perfectis
363 2702 522 2752 quidem
549 2703 589 2742 in
615 2717 655 2742 se
684 2704 798 2756 ipsis,
827 2705 897 2743 sed
924 2703 1160 2755 imperfectis
1188 2704 1403 2743 secundum
1431 2704 1627 2753 quendam
1655 2704 1841 2752 modum,
1867 2704 1917 2741 ad
1942 2705 2088 2753 perfec-

149 2755 298 2795 tionem
335 2757 545 2795 coelestem
575 2756 790 2796 euehimur.
834 2757 1184 2806 Quemadmodum
1213 2756 1317 2796 enim
1344 2764 1505 2796 naturae
1532 2764 1687 2796 nostrae
1718 2755 1907 2807 principia
1933 2755 2088 2804 insunt,

1984 2820 2084 2858 quae
