2334 3020
238 56 281 91 18
859 65 1169 92 FRANCISCI
1207 66 1364 98 JUNII
1407 62 1554 92 VITA.

234 172 367 221 audio,
395 185 467 210 nec
494 172 582 209 inde
609 172 772 220 proficio
800 171 973 209 nihilum.
999 171 1216 220 Regredior
1232 171 1415 221 domum,
1445 170 1614 209 incertus
1628 171 1721 221 quid
1736 185 1869 222 agam,
1896 171 1990 220 quid
2005 173 2149 224 legam,

235 235 313 272 quo
341 224 468 262 studio
497 235 678 273 occuper.
707 225 752 261 In
780 235 928 261 nouum
955 225 1249 261 Testamentum
1277 223 1502 272 imprudens
1532 223 1684 275 incido,
1724 225 1831 273 quod
1861 231 1971 273 pater
1997 226 2152 275 legebat

234 278 430 326 frequens,
460 277 494 313 ἅ*
521 276 559 314 in
587 277 773 314 conclaue
801 275 897 314 illud
925 276 1142 314 subiecerat
1169 275 1293 314 oculis
1323 275 1418 313 meis
1446 277 1652 326 legendum
1678 278 1717 325 (fi
1743 279 1842 315 forte
1866 276 2029 327 gratiam
2043 280 2150 318 Deus

233 330 309 366 hoc
339 330 457 367 modo
485 331 642 378 faceret)
669 328 964 378 prudentissime
992 335 1162 366 mentem
1191 340 1299 366 suam
1328 328 1377 365 de
1406 340 1467 366 me
1496 329 1531 365 &
1557 329 1729 367 animum
1759 341 1870 368 suum
1886 329 2150 382 dissimulans,

234 395 280 419 ex
309 393 386 430 quo
413 381 539 419 letalia
567 380 771 431 impictatis
799 380 897 418 illius
925 381 1091 431 semina,
1119 392 1216 431 quae
1243 383 1331 418 ante
1359 379 1508 418 radices
1537 390 1692 432 egerant
1720 383 1758 420 in
1788 395 1867 433 me,
1909 383 2149 422 animaduer-

234 441 342 472 terat.
384 433 538 473 Sciebat
565 435 666 472 enim
695 433 752 471 vir
779 433 1098 484 sapientissimus,
1128 446 1209 471 non
1236 431 1380 470 intrudi
1405 432 1606 485 pietatem,
1635 436 1703 473 sed
1729 434 1905 473 instillari
1933 435 2147 475 mentibus:

235 500 313 524 non
350 486 529 537 impingi,
572 488 641 525 sed
677 486 846 524 infundi:
886 499 966 524 non
994 486 1197 536 imperari,
1235 485 1303 523 sed
1331 484 1481 523 doceri:
1510 499 1589 524 non
1617 487 1726 539 cogi,
1755 489 1822 526 sed
1850 487 2002 526 suaderi
2028 490 2147 527 velle:

235 552 280 577 ac
309 543 516 589 propterea
542 551 630 577 cum
659 538 809 577 silentio
839 540 874 576 δε
901 539 1204 577 dissimulatione
1231 537 1451 576 incredibili
1477 542 1714 587 procurabat
1741 540 1890 579 omneis
1917 541 1996 579 vias
2012 541 2150 590 quibus

237 605 297 630 me
337 593 386 630 ad
429 604 562 631 verum
590 599 716 630 castae
745 591 938 641 religionis
968 604 1122 631 sensum
1151 592 1186 628 ἃ
1214 591 1321 640 pium
1347 592 1494 628 cultum
1522 592 1747 632 adduceret.
1776 594 1854 631 Hic
1881 606 1975 644 ergo
2002 606 2150 632 nouum

234 645 328 682 illud
368 652 635 684 testamentum
677 644 857 682 diuinitus
899 645 1074 683 oblatum
1115 644 1265 694 aperio:
1306 643 1412 681 aliud
1452 644 1579 692 agenti
1616 646 1772 684 exhibet
1801 659 1840 684 se
1869 646 1963 684 mihi
1990 654 2150 697 aspectu

231 697 355 746 primo
384 698 691 747 augustissimum
727 697 821 735 illud
858 704 973 747 caput
1001 698 1158 736 Ioannis
1185 695 1455 747 Euangelistae
1483 696 1518 733 81
1546 698 1747 748 Apostoli,
1776 700 1822 737 In
1850 699 2041 749 principio
2070 707 2151 738 erat

231 751 423 800 Verbum,
451 751 522 788 &o
552 752 658 802 Lego
684 756 832 799 partem
860 750 1016 800 capitis,
1047 752 1081 788 δι
1112 751 1164 789 ita
1192 761 1448 788 commoneor
1475 750 1628 800 legens,
1657 758 1697 789 vt
1725 759 1882 801 repente
1910 752 2150 791 diuinitatem

229 803 459 852 argumenti,
496 804 531 840 &
568 803 699 853 scripti
726 802 965 841 maiestatem
993 803 1343 852 auctoritatemque
1372 801 1558 839 senserim
1585 803 1705 853 longo
1734 804 1938 842 interuallo
1968 805 2151 844 omnibus

228 855 468 904 eloquentiae
505 857 696 894 humanae
724 855 945 895 fluminibus
988 863 1250 906 praeeuntem.
1291 855 1491 893 Horrebat
1520 866 1684 907 corpus,
1713 858 1891 906 stupebat
1918 857 2086 908 animus,
2115 859 2150 896 δι

227 915 352 945 totum
379 907 485 945 illum
516 908 619 946 diem
646 909 701 947 sic
728 908 942 959 afficiebar,
969 916 1011 946 vt
1039 909 1105 958 qui
1131 922 1276 959 essem,
1306 908 1388 958 ipse
1417 907 1512 945 mihi
1539 907 1708 947 incertus
1723 910 1875 948 viderer
1889 923 1984 949 esse.
2001 912 2147 949 Recor—

228 961 338 998 datus
367 972 407 998 es
436 961 550 1011 mihi,
580 961 749 1000 Domine
777 963 884 1000 Deus
913 961 985 1011 mi,
1014 975 1085 1011 pro
1114 961 1304 1000 immensa
1332 960 1596 999 misericordia
1623 967 1706 1012 tua,
1736 973 1928 1011 ouemque
1956 964 2147 1012 perditam

227 1012 265 1050 in
302 1025 459 1063 gregem
486 1021 595 1052 tuum
624 1014 814 1064 recepisti.
843 1015 902 1052 Ex
931 1027 978 1052 eo
1006 1022 1201 1065 tempore,
1230 1026 1350 1064 quum
1380 1013 1419 1050 in
1447 1026 1509 1050 me
1538 1015 1643 1052 Deus
1672 1022 1751 1053 tam
1777 1023 1958 1064 potenter
1986 1016 2146 1065 Spiritus

229 1065 286 1103 sui
323 1065 462 1104 virtute
502 1066 670 1106 irruisset
711 1067 785 1105 alia
824 1067 997 1117 frigidius
1031 1067 1287 1117 negligentius
1315 1068 1442 1117 legere
1471 1067 1505 1103 ἂι
1533 1072 1699 1106 tractare
1728 1068 1860 1118 coepi:
1891 1069 1939 1106 de
1967 1068 2025 1106 his
2052 1073 2145 1107 vero

228 1129 326 1167 quae
362 1119 412 1156 ad
439 1119 621 1168 pietatem
650 1120 843 1170 pertinent
870 1121 1040 1170 cogitare
1069 1121 1252 1170 amplius,
1282 1121 1317 1158 &
1345 1118 1541 1157 ardentius
1570 1119 1608 1157 in
1637 1120 1690 1158 eis
1718 1122 1872 1159 versari.
1913 1123 2042 1170 Atque
2070 1122 2146 1160 hoc

229 1170 385 1219 quidem
414 1172 580 1210 studium
608 1181 648 1211 vt
674 1173 946 1211 animaduertit
975 1181 1083 1222 pater
1110 1186 1191 1212 non
1220 1173 1457 1212 mediocrem
1484 1184 1530 1209 ex
1545 1184 1592 1209 eo
1608 1175 1847 1223 voluptatem
1863 1174 1985 1223 cepit:
2001 1181 2149 1212 tantum

230 1224 278 1261 de
317 1236 404 1261 meo
442 1237 617 1275 regressu
643 1227 693 1264 ad
721 1225 904 1275 pietatem
933 1225 1005 1264 sibi
1033 1228 1268 1277 gratulatus,
1297 1233 1483 1276 quantum
1511 1238 1557 1263 ex
1586 1225 1759 1265 discessu
1787 1227 2079 1277 transfugioque
2104 1228 2154 1265 ad

230 1275 464 1325 impietatem
507 1279 692 1318 doluerat.
736 1279 812 1317 Sed
840 1285 969 1316 tamen
998 1279 1055 1317 vir
1083 1280 1210 1317 bonus
1239 1292 1298 1317 res
1326 1280 1515 1317 humanas
1544 1278 1715 1326 spirabat
1745 1293 1918 1331 semper,
1948 1280 1983 1317 &
2012 1292 2075 1318 me
2102 1280 2153 1318 ad

231 1341 295 1366 eas
323 1329 517 1378 adspirare
546 1331 583 1368 in
611 1333 687 1369 hoc
716 1344 803 1369 meo
832 1331 1027 1369 literarum
1057 1331 1186 1370 studio
1215 1332 1408 1382 cupiebat.
1437 1330 1590 1368 ostendi
1616 1344 1686 1380 per
1713 1333 1884 1383 amicos,
1914 1344 2082 1382 quorum
2097 1332 2154 1370 in-

230 1388 405 1421 teruentu
435 1385 692 1433 explorandae
720 1383 908 1422 voluntati
935 1397 1043 1423 meae
1072 1386 1251 1423 Vtebatur
1277 1391 1405 1435 pater,
1434 1383 1530 1421 mihi
1558 1384 1730 1423 animum
1758 1398 1842 1424 esse
1866 1386 1916 1423 ad
1930 1385 2154 1435 linguarum

230 1434 264 1470 &
292 1433 456 1473 aliorum
484 1436 795 1475 adiumentorum
824 1436 970 1488 studia,
999 1440 1209 1486 antequam
1238 1450 1300 1476 me
1329 1445 1455 1475 totum
1484 1436 1549 1474 vlli
1566 1437 1696 1476 studio
1711 1437 2151 1488 grauioritransdarem.

230 1487 377 1524 Placuit
418 1489 637 1527 consilium:
683 1491 794 1528 datur
836 1489 929 1527 mihi
970 1492 992 1528 a
1021 1497 1129 1540 patre
1157 1490 1284 1541 optio,
1312 1498 1438 1529 vtrum
1473 1489 1668 1527 Lutetiam
1698 1492 1951 1530 Geneuamne
1979 1491 2152 1540 proficis-

229 1551 352 1576 cerer:
395 1541 430 1577 &
471 1541 509 1579 in
551 1544 623 1580 hac
665 1542 944 1581 deliberatione
985 1542 1130 1592 aliquid
1171 1543 1357 1593 temporis
1396 1542 1660 1592 consumitur,
1691 1543 1757 1582 illo
1786 1558 1867 1583 rem
1895 1543 2038 1582 iudicio
2064 1556 2152 1582 meo

228 1591 494 1640 permittente:
537 1607 599 1632 me
626 1601 750 1633 totum
779 1595 963 1633 iudicium
993 1595 1065 1647 illi,
1096 1602 1136 1634 vt
1165 1595 1302 1646 debui,
1333 1597 1546 1634 deferente.
1573 1596 1619 1632 In
1647 1598 1832 1636 vtramuis
1859 1604 2012 1647 partem
2041 1596 2152 1634 multi

230 1655 405 1683 suasores
433 1647 527 1684 mihi
555 1649 590 1685 δε
617 1649 832 1686 hortatores
859 1648 1040 1698 aderant,
1069 1660 1237 1698 quorum
1264 1649 1304 1686 hi
1331 1648 1464 1698 huius,
1494 1647 1547 1686 illi
1575 1655 1704 1687 autem
1732 1649 1831 1689 illius
1860 1649 2033 1688 stationis
2047 1661 2151 1687 com-

230 1696 434 1736 moditates
477 1703 592 1749 quam
634 1700 920 1751 diligentissime
961 1702 1252 1750 praedicabant.
1282 1701 1486 1740 Lutetiana
1515 1703 1772 1741 commoratio
1803 1704 1952 1741 duabus
1982 1702 2150 1740 maxime

232 1749 280 1786 de
309 1750 432 1788 causis
460 1759 541 1790 tum
570 1752 664 1790 mihi
691 1755 966 1792 commendata
994 1762 1067 1793 est:
1096 1768 1192 1804 vna,
1220 1755 1327 1804 quod
1343 1754 1523 1804 expedita
1537 1754 1586 1791 ad
1601 1753 2149 1806 notitiam,existimationem,

234 1801 267 1837 δι
296 1802 465 1842 honores
492 1805 554 1843 via
583 1806 730 1844 munita
758 1806 852 1844 mihi
880 1820 963 1845 esse
992 1807 1200 1845 videretur:
1231 1809 1372 1857 altera,
1403 1808 1509 1856 quod
1524 1806 1578 1843 ibi
1593 1814 1719 1845 essent
1733 1808 1947 1859 frequentia
1960 1807 2151 1845 literariae

233 1852 413 1893 scientiae
436 1857 603 1908 lumina,
624 1858 695 1896 viri
710 1861 827 1909 longe
844 1859 1077 1910 doctissimi,
1093 1871 1257 1909 quorum
1274 1860 1472 1898 auditione
1488 1860 1522 1897 ἃ
1538 1861 1819 1900 consuetudine
1832 1860 2056 1901 suauissima
2071 1862 2153 1908 (fol.

239 1907 313 1955 11.)
328 1908 492 1958 amplius
520 1911 644 1949 excoli
672 1912 821 1950 animus
852 1924 958 1950 meus
987 1921 1140 1963 posset,
1171 1915 1288 1963 quam
1317 1920 1382 1951 aut
1411 1914 1599 1951 Geneuae
1626 1919 1692 1950 aut
1706 1913 1797 1953 alibi
1812 1925 1986 1964 vsquam.
2016 1915 2061 1951 In
2077 1913 2154 1951 hoc

234 1959 397 1998 consilio
438 1963 555 2001 ferme
585 1970 665 2001 erat
692 1965 871 2014 princeps
900 1966 948 2002 D.
978 1966 1204 2004 Ludouicus
1233 1967 1452 2009 Russardus
1480 1966 1546 2003 IC.
1575 1977 1653 2015 quo
1683 1968 1818 2005 vtebar
1846 1964 2152 2006 familiarissime.

233 2011 519 2053 Commouebat
547 2028 608 2053 me
636 2015 847 2066 interdum,
876 2029 997 2066 quum
1026 2025 1104 2056 tam
1134 2020 1255 2056 multa
1283 2018 1625 2057 celeberrimorum
1654 2017 1827 2058 virorum
1848 2019 2008 2058 nomina
2023 2031 2153 2057 recen-

232 2072 352 2113 seret,
381 2067 416 2103 &
441 2069 660 2118 ἐριστικούς
683 2071 844 2121 ἀγῶνας,
861 2069 1000 2118 quibus
1017 2077 1098 2108 tum
1119 2072 1322 2109 feruebant
1337 2071 1475 2110 literati
1489 2071 1686 2117 Lutetiae,
1703 2080 1931 2122 exponeret:
1956 2071 2151 2109 Lutetiam

230 2128 312 2153 esse
342 2121 593 2168 τὀῑκουμένης
623 2121 827 2170 ἐπιτομήν,
855 2122 1026 2161 literatos
1054 2123 1139 2161 illos
1167 2124 1202 2161 ἃ
1232 2137 1394 2174 magnos
1415 2124 1518 2162 viros
1535 2123 1732 2162 esseillius
1748 2126 2045 2176 sidera3eorum
2060 2126 2152 2162 vero

230 2169 440 2208 certamina
468 2185 550 2210 esse
578 2180 785 2221 perpetuos
801 2175 1000 2213 doctrinae
1029 2177 1302 2215 reconditioris
1331 2177 1497 2227 imbres,
1526 2176 1666 2225 quibus
1694 2177 1872 2217 iuuentus
1887 2191 1977 2217 cum
1995 2177 2153 2216 vtilitate

228 2232 379 2259 summa
420 2222 616 2263 imbuitur.
659 2226 897 2264 Geneuensis
939 2229 1198 2267 commoratio
1234 2231 1283 2267 ab
1321 2229 1402 2268 aliis
1431 2230 1590 2278 quidem
1618 2230 1869 2284 laudabatur3
1910 2232 1978 2270 sed
2005 2242 2078 2268 nec
2106 2242 2152 2267 ea

227 2279 327 2322 arte,
355 2287 428 2313 nec
457 2277 556 2314 adeo
586 2278 842 2326 frequentium
871 2281 1174 2319 commodorum
1203 2283 1237 2319 δι
1265 2282 1581 2321 adiumentorum
1609 2284 1920 2323 accumulatione
1940 2284 2150 2332 locupleta-

229 2327 369 2385 bantur
411 2341 609 2367 sermones
650 2329 716 2378 qui
743 2331 847 2379 apud
876 2345 938 2370 me
967 2334 1014 2371 de
1044 2346 1089 2371 ea
1117 2335 1372 2373 habebantur.
1401 2336 1507 2373 Dum
1537 2337 1632 2373 haec
1661 2344 1846 2385 geruntur
1872 2337 1999 2386 domi,
2041 2342 2150 2384 patre

229 2386 408 2427 cupiente
449 2394 686 2431 cognoscere
728 2383 931 2422 consilium
962 2397 1112 2435 meum,
1154 2391 1292 2436 me'que
1320 2388 1568 2437 acquiescere
1596 2389 1786 2427 voluntati
1813 2390 1954 2440 patris;
1991 2388 2150 2438 priuatis

231 2431 279 2467 de
307 2432 431 2490 causis
460 2437 617 2483 repente
644 2441 753 2484 pater
781 2436 969 2474 celeribus
997 2438 1104 2487 equis
1133 2439 1327 2476 Lutetiam
1355 2440 1468 2489 petit:
1498 2448 1705 2490 postquam
1720 2441 1758 2479 in
1775 2442 1966 2482 mandatis
1982 2440 2150 2480 dedisset

230 2489 361 2534 matri,
403 2492 443 2522 vt
485 2499 547 2524 me
589 2487 729 2525 sineret
769 2487 807 2525 in
848 2490 1033 2528 vtramuis
1074 2497 1224 2539 partem
1263 2492 1477 2543 proficisci,
1519 2500 1634 2542 prout
1669 2493 1818 2533 animus
1855 2498 2002 2534 futurus
2038 2500 2150 2532 esset.

230 2536 365 2585 Itaque
392 2537 547 2576 ineunte
574 2539 736 2588 Martio,
768 2542 1021 2579 commodum
1049 2544 1163 2581 rebus
1191 2543 1286 2581 meis
1311 2545 1535 2584 comitatum
1551 2553 1686 2584 nactus
1701 2550 1790 2585 ante
1806 2549 1927 2587 domo
1945 2548 2147 2586 Geneuam

228 2591 344 2636 quam
373 2591 565 2629 Lutetiam
593 2591 885 2643 proficiscendi,
914 2601 1105 2633 annuente
1133 2602 1254 2634 matre
1283 2597 1317 2633 &
1346 2599 1556 2647 probante,
1586 2598 1721 2648 reliqui
1743 2608 1946 2649 paternam
1963 2602 2148 2648 domum,

230 2647 268 2677 vt
310 2642 495 2681 Geneuae
537 2644 687 2694 linguas
727 2647 903 2694 (quarum
945 2646 1161 2685 incredibili
1201 2649 1329 2687 studio
1358 2651 1610 2699 flagraueram
1639 2651 1729 2689 inde
1755 2655 1778 2690 a
1807 2657 1945 2703 puero)
1973 2652 2148 2691 discendi

227 2693 387 2732 facultas
423 2703 535 2734 esset.
573 2696 797 2734 Discedenti
835 2705 957 2736 mater
995 2711 1075 2737 non
1105 2700 1269 2749 amplius
1298 2703 1416 2739 ferme
1445 2705 1561 2751 quam
1591 2703 1772 2741 viaticum
1802 2707 1984 2756 dederat,
2009 2716 2148 2755 prope-

2043 2756 2147 2794 diem
