2334 3020
750 141 962 169 'russas
1005 136 1443 166 THEOLOGICAE.
2002 121 2070 166 167

148 253 294 290 Natura
321 252 415 289 vero
444 257 526 289 tota
554 249 727 299 superior
754 251 789 287 &
819 247 997 297 inferior,
1025 246 1063 284 in
1092 246 1180 296 ge(f.
1216 241 1546 291 1646.)neratione
1574 237 1743 278 hominis
1766 243 2076 288 operans,natu-

149 304 275 343 raliter
304 303 382 354 agit
410 303 517 353 quod
546 315 594 341 ex
621 309 758 341 natura
786 308 859 350 est,
889 312 1006 350 quam
1033 296 1261 348 Philosophi
1289 295 1389 334 Solis
1417 294 1575 333 nomine
1600 291 1867 342 designarunt,
1883 289 2080 340 dicentes,

150 358 217 396 Sol
244 359 279 396 δι
307 358 428 395 homo
455 356 577 407 gignit
602 354 814 393 hominem.
844 355 982 392 Homo
1011 351 1177 401 denique
1204 357 1329 400 totus,
1355 360 1476 398 quum
1504 347 1573 385 fuit
1599 345 1692 383 vitio
1713 356 1784 382 suo
1805 346 1827 382 a
1847 343 1922 382 Dei
1935 342 2077 382 iustitia

151 414 186 448 δι
214 409 378 460 puritate
406 416 564 447 naturae
595 407 833 447 abalienatus
861 406 1022 456 (primus
1049 406 1207 454 inquam
1236 405 1357 442 homo
1386 401 1530 448 Adam)
1558 400 1664 438 velut
1677 404 1901 447 corruptum
1916 404 2075 434 naturae

148 464 460 512 instrumentum,
491 461 610 500 edidit
623 461 823 500 hominem
838 459 1019 498 vitiosum
1032 471 1042 510 ;
1057 471 1130 496 nec
1144 462 1273 507 potest
1287 457 1409 494 homo
1424 452 1650 492 naturaliter
1663 450 1736 488 nisi
1749 449 1931 488 vitiosum
1947 449 2075 487 edere.

203 519 238 554 8.
293 516 543 564 Quapropter
570 514 637 564 qui
664 519 869 564 peccatum
898 512 1000 550 istud
1027 524 1109 550 esse
1136 508 1439 548 inuoluntarium
1468 504 1692 555 simpliciter
1716 503 1995 553 pronunciant,
2011 503 2077 539 fal-

151 570 280 606 luntur
307 568 535 618 plurimum,
564 579 684 617 quum
714 567 817 606 idem
845 566 952 604 vario
981 570 1160 614 respectu
1188 560 1449 600 voluntarium
1478 562 1512 597 &
1541 555 1843 596 inuoluntarium
1872 555 2076 604 diciopor-

148 629 244 672 teat,
273 621 353 658 siue
380 620 690 671 generationem,
718 619 799 658 siue
828 619 1144 657 constitutionem
1172 615 1253 654 eius
1280 612 1502 664 respexeris.
1533 612 1634 649 Nam
1664 611 1699 648 δι
1729 609 1987 648 voluntarium
2009 607 2079 645 suit

149 674 266 712 totius
293 674 443 724 generis
470 673 508 711 in
536 674 690 711 Adamo
721 679 926 723 peccante,
955 684 1002 709 ex
1030 668 1230 709 communi
1257 674 1344 706 ortu
1367 665 1561 716 (quamuis
1587 664 1624 701 in
1640 661 1822 712 singulari
1837 668 1926 699 ortu
1941 667 2076 698 nostro

150 739 230 764 non
258 726 306 764 sit
332 726 606 774 voluntarium)
635 728 670 764 &
699 726 735 764 in
765 724 878 764 nobis
906 724 1083 774 singulis,
1111 735 1158 761 ex
1185 733 1264 771 quo
1291 730 1442 769 sumus,
1470 725 1528 756 est
1557 715 1835 766 voluntarium,
1866 713 2080 763 quamuisa

152 779 244 817 vitio
271 786 428 817 naturae
455 779 611 826 oblato,
640 781 675 817 δι
703 791 783 817 non
812 781 835 816 a
862 779 1061 816 voluntate
1090 782 1235 824 ortum,
1265 773 1305 811 id
1334 779 1408 821 est,
1439 769 1639 821 singularis
1666 775 1825 807 naturae
1852 774 1963 816 actu,
1990 778 2075 804 non

153 832 361 870 voluntatis
388 839 509 870 motu.

202 898 237 934 9.
293 886 430 934 Neque
471 885 535 923 h‘ic
577 896 675 934 opus
717 891 793 933 est,
821 892 862 922 vt
898 884 947 921 de
984 882 1143 921 traduce
1180 879 1346 918 Animae
1376 877 1500 927 (quod
1526 875 1635 914 multi
1662 874 1828 925 faciunt)
1858 874 2073 911 laboretur:

152 939 241 975 cum
277 944 477 987 peccatum
505 951 584 976 non
614 938 662 976 sit
689 937 870 975 materiae
897 943 962 974 aut
989 935 1126 985 partis,
1154 933 1223 971 sed
1250 933 1367 970 totius
1392 929 1593 979 suppositi.
1634 929 1735 970 Nam
1764 929 1799 964 δι
1830 927 1937 964 Deus
1950 932 2075 963 totum

152 991 362 1028 humanum
395 1003 518 1040 genus
552 991 590 1028 in
625 997 759 1028 natura
787 989 996 1028 collocauit
1023 988 1297 1037 deposuitque,
1327 985 1433 1022 velut
1459 983 1498 1020 in
1527 981 1657 1019 radice
1688 981 1723 1017 δι
1751 979 1942 1029 principio
1970 991 2075 1016 com-

153 1043 260 1081 muni
287 1043 424 1093 ipsius:
455 1044 491 1081 Sc
526 1051 661 1082 natura
699 1056 746 1081 ex
782 1041 988 1080 creationis
1015 1043 1100 1090 lege
1128 1038 1303 1077 ordinate
1331 1043 1457 1074 totum
1481 1046 1603 1084 genus
1626 1032 1829 1070 hominum
1856 1032 2077 1081 depositum

155 1109 273 1146 penes
310 1109 350 1135 se
378 1096 525 1134 fundit:
553 1103 679 1135 totum
706 1095 925 1144 hominem,
953 1094 1134 1143 inquam,
1163 1094 1198 1130 δι
1225 1098 1353 1128 totum
1380 1087 1574 1136 hominis,
1603 1085 1790 1135 quicquid
1819 1091 1978 1122 naturae
2007 1091 2081 1122 est:

154 1162 294 1199 nempe
336 1150 443 1199 quod
483 1150 680 1188 materiale
716 1155 773 1188 est
810 1146 1078 1195 materialiter,
1106 1144 1213 1194 quod
1241 1141 1540 1181 immateriatum
1570 1146 1627 1177 est
1649 1137 1870 1176 causaliter:
1900 1140 1935 1175 δε
1962 1138 2083 1174 homo

154 1203 373 1253 singularis,
402 1204 506 1241 velut
532 1209 692 1241 naturae
719 1201 1015 1239 instrumentum
1044 1200 1094 1237 ab
1122 1211 1168 1236 ea
1195 1202 1369 1245 motum,
1398 1194 1599 1232 hominem
1621 1191 1763 1240 fundit,
1789 1190 1855 1239 qui
1869 1190 2084 1228 secundum

157 1263 334 1293 naturam
373 1257 494 1294 homo
536 1255 604 1294 sit:
642 1254 858 1293 secundum
894 1253 1085 1290 rationem
1123 1253 1218 1288 vero
1254 1246 1495 1298 particularis
1529 1244 1792 1293 instrumenti,
1821 1249 2025 1292 corruptus
2053 1244 2088 1279 ἃ

156 1307 314 1347 vitiosus
340 1309 482 1359 homo,
500 1307 691 1350 ,videlicet
718 1320 799 1345 non
827 1306 992 1356 amplius
1020 1307 1137 1354 quam
1166 1314 1256 1341 suas
1283 1307 1412 1351 partes
1436 1306 1636 1350 praestans
1657 1297 1708 1336 ad
1731 1296 1873 1346 speciei
1895 1295 1935 1333 in
1950 1302 2086 1333 natura

156 1361 354 1411 depositae
395 1364 418 1399 a
458 1363 545 1399 Deo
582 1359 930 1411 propagationem:
971 1356 1306 1408 quemadmodum
1336 1354 1376 1392 in
1405 1351 1645 1392 coordinatis
1674 1349 1878 1400 omnibus,
1907 1361 1968 1387 res
1994 1349 2087 1386 infe-

156 1414 276 1453 riores
304 1425 500 1464 nunquam
529 1413 603 1452 nisi
630 1413 709 1452 suis
737 1412 933 1463 partibus,
962 1413 997 1450 δε
1024 1409 1261 1461 superiores,
1291 1407 1567 1457 defunguntur.

214 1481 272 1506 10.
324 1468 385 1505 De
419 1468 514 1505 Fine
537 1466 643 1505 istius
671 1466 825 1505 habitus
853 1465 892 1504 in
921 1464 1171 1514 corruptione
1199 1465 1234 1501 δι
1262 1460 1447 1499 iniustitia
1474 1458 1609 1510 positi,
1645 1456 1734 1507 quia
1761 1455 2004 1494 inordinatus
2031 1461 2089 1493 est

157 1520 332 1570 habitus,
368 1520 463 1558 nihil
491 1520 648 1570 proprie
676 1519 753 1558 dici
780 1525 926 1569 potest:
956 1518 1022 1557 sed
1053 1518 1192 1555 effecta
1220 1527 1291 1566 pro
1320 1516 1397 1552 fine
1418 1513 1518 1552 illius
1547 1510 1790 1561 exponenda.
1834 1509 1932 1547 Sunt
1959 1515 2090 1546 autem

159 1574 296 1611 effecta
336 1573 427 1610 tria:
466 1575 589 1612 Actus
626 1573 795 1623 peccati,
823 1574 991 1620 Remus,
1020 1572 1055 1609 ἅτ
1084 1572 1233 1618 Poena,
1261 1567 1300 1606 vi
1329 1565 1588 1616 corruptionis
1617 1566 1652 1602 &
1679 1562 1882 1601 iniustitiae
1911 1561 2090 1599 homines

159 1625 332 1676 singulos
360 1626 442 1665 sine
471 1627 547 1665 fine
575 1626 870 1676 prosequentia,
899 1624 971 1663 nisi
998 1637 1067 1673 per
1092 1623 1167 1662 Dei
1194 1622 1360 1673 gratiam
1386 1621 1610 1658 liberentur.

217 1692 276 1717 11.
331 1680 391 1718 De
433 1681 536 1718 Actu
577 1679 728 1730 peccati
765 1680 870 1728 apud
905 1689 1042 1716 omnes
1071 1682 1243 1726 constat,
1273 1676 1308 1713 &
1336 1680 1419 1712 tota
1446 1672 1643 1723 Scriptura
1671 1672 1786 1720 plena
1813 1675 1881 1707 est.
1923 1670 2091 1706 Reatum

160 1733 399 1782 appellamus
434 1734 565 1771 labem
593 1746 641 1771 ex
668 1739 832 1782 peccato
861 1734 896 1770 δι
929 1731 1043 1769 simul
1069 1742 1159 1768 cum
1187 1735 1353 1779 peccato
1380 1733 1530 1774 natam,
1560 1723 1669 1775 quasi
1697 1722 1896 1761 vinculum
1923 1722 1974 1759 ad
2002 1733 2092 1771 poe-

161 1798 252 1823 nam
296 1785 495 1836 obligans,
513 1803 515 1806 ·
536 1787 572 1824 &
611 1785 651 1823 in
691 1798 822 1836 poena
855 1785 938 1835 ipsa
974 1783 1243 1834 constringens
1269 1793 1379 1820 reum
1407 1779 1568 1830 peccati.
1606 1779 1719 1826 Quae
1747 1789 1807 1814 res
1834 1776 1884 1813 ab
1910 1775 2091 1824 exemplo

161 1838 313 1897 peccati
350 1839 509 1877 actualis
551 1838 674 1889 magis
715 1838 896 1877 illustrari
931 1843 1070 1888 potest.
1113 1837 1216 1874 Nam
1253 1841 1460 1885 peccatum
1488 1833 1639 1871 actuale
1668 1829 1820 1879 transit,
1849 1828 1917 1866 sed
1945 1834 2093 1865 reatum

160 1891 281 1941 gignit
313 1891 351 1930 vi
379 1905 447 1931 sua
472 1898 784 1942 permanentem,
813 1903 892 1941 quo
919 1903 1007 1930 reus
1031 1891 1082 1929 ad
1111 1902 1281 1940 poenam
1309 1891 1344 1927 δι
1372 1887 1411 1925 in
1439 1899 1569 1937 poena
1583 1884 1831 1935 ipsa,donec
1845 1880 2092 1928 satisfecerit,

163 1944 366 2004 obligatur.
404 1947 557 1996 Poena,
586 1945 666 1984 siue
694 1948 751 1994 (vt
777 1946 992 1995 Apostolus
1019 1946 1151 1992 vocat)
1180 1941 1414 1992 stipendium
1442 1938 1613 1990 peccati,
1642 1943 1699 1975 est
1726 1948 1852 1985 mors,
1881 1933 1943 1972 cui
1970 1935 2092 1972 homo

164 2004 314 2047 peccatl
342 1998 583 2049 mancipatus
611 2006 669 2037 est
697 1998 841 2037 iudicio
870 1997 958 2036 Dei.

221 2063 277 2089 12.
333 2053 425 2090 Hoc
466 2059 595 2090 autem
632 2059 836 2102 peceatum
865 2052 903 2089 in
931 2050 1156 2100 Scripturis,
1186 2050 1221 2087 &
1249 2054 1454 2099 peccatum
1483 2058 1670 2095 peccans,
1700 2045 1735 2081 &
1765 2043 1891 2081 fomes
1919 2039 2094 2090 peccati,

163 2104 198 2140 &
238 2105 301 2141 lex
342 2105 485 2156 carnis,
527 2107 561 2143 δε
602 2104 920 2155 concupiscentia
955 2103 1106 2143 dicitur.
1150 2103 1280 2151 Quam
1317 2113 1400 2139 rem
1435 2098 1581 2149 optime
1619 2095 1860 2147 Augustinus
1889 2094 1939 2132 de
1966 2092 2095 2132 verbis

165 2157 345 2206 Apostoli
372 2157 688 2208 circumscripsit,
717 2158 872 2209 dicens,
902 2158 1062 2207 Semper
1088 2167 1219 2206 pugna
1246 2161 1304 2194 est
1327 2154 1366 2191 in
1391 2164 1557 2202 corpore
1578 2150 1713 2189 mortis
1733 2148 1865 2199 huius,
1889 2146 1996 2197 quod
2012 2145 2095 2196 ipsa

163 2211 497 2262 concupiscentia,
539 2223 629 2249 cum
664 2223 741 2261 qua
776 2210 856 2249 nati
889 2222 1040 2261 sumus,
1068 2209 1168 2247 finiri
1196 2221 1277 2247 non
1306 2212 1435 2257 potest
1462 2216 1581 2254 quam
1609 2203 1676 2241 diu
1702 2202 1889 2240 viuimus:
1920 2199 2094 2250 quotidie

165 2263 287 2322 minui
316 2271 463 2315 potest,
490 2264 590 2302 finiri
615 2277 697 2302 non
724 2271 865 2314 potest.
908 2265 1021 2312 Quae
1049 2270 1178 2301 autem
1208 2269 1264 2300 est
1291 2257 1611 2308 concupiscentia
1638 2267 1727 2294 cum
1755 2267 1831 2305 qua
1845 2253 1924 2292 nati
1939 2250 2094 2291 sumus?

166 2317 313 2355 V1t1um
350 2317 483 2368 vtique
524 2325 598 2356 est:
636 2317 744 2367 quod
771 2318 974 2367 paruulum
1002 2316 1174 2354 habilem
1203 2312 1482 2363 concupiscere
1511 2311 1624 2360 facit,
1652 2310 1829 2348 adultum
1859 2307 1974 2346 etiam
2004 2318 2096 2343 con-

165 2369 429 2418 cupiscentem
469 2370 608 2409 reddit.
650 2371 757 2409 Sicut
797 2369 901 2408 enim
942 2370 980 2408 in
1017 2370 1133 2407 oculo
1171 2367 1278 2406 caeci
1305 2365 1343 2404 in
1379 2371 1496 2403 nocte
1524 2363 1660 2401 vitium
1690 2360 1888 2401 caecitatis
1915 2366 1992 2405 est,
2024 2357 2094 2397 etsi

165 2434 247 2459 non
289 2430 470 2474 apparet,
507 2436 581 2462 nec
616 2423 846 2462 discernitur
879 2423 980 2461 inter
1005 2423 1203 2461 videntem
1230 2422 1265 2459 δι
1295 2430 1480 2467 caecum,
1507 2415 1581 2454 nisi
1607 2417 1694 2454 luce
1719 2413 1920 2453 veniente:
1963 2411 2026 2450 Sic
2055 2411 2094 2448 in

166 2485 287 2524 puero
314 2477 451 2514 uitium
478 2489 560 2515 esse
588 2489 668 2515 non
695 2483 876 2527 apparet,
903 2476 1034 2514 donec
1061 2475 1195 2513 aetatis
1226 2470 1481 2523 prouectioris
1494 2477 1648 2519 tempus
1662 2474 1856 2507 occurrat.
1893 2465 2094 2514 Quamob-

166 2540 248 2566 rem
283 2529 367 2578 pius
400 2529 562 2579 quisque
604 2529 741 2568 merito
784 2530 975 2568 exclamat
1003 2540 1093 2567 cum
1122 2528 1318 2577 Apostolo
1349 2523 1542 2574 quotidie,
1581 2524 1679 2572 Quis
1706 2534 1763 2559 me
1791 2521 1927 2571 mjpiet
1951 2529 1999 2555 ex
2025 2519 2096 2554 isto

166 2588 328 2632 corpore
355 2582 519 2620 mortis?
553 2584 717 2620 Gralz'as
744 2597 820 2631 ago
848 2584 934 2620 Deo
954 2589 1033 2633 peu·
1061 2582 1188 2618 lesum
1220 2580 1417 2618 Christum
1449 2577 1659 2614 Dominum
1689 2580 1877 2612 nostrum.

1865 2841 1953 2878 XX.
2010 2840 2096 2877 DE
