2334 3020
268 123 338 160 168
877 133 1091 160 THEsEs
1131 134 1562 162 THEOLOGICAE.

705 271 790 307 XX.
847 271 932 307 DE
975 271 1301 310 PECCATO
1344 273 1743 312 ORIGINALI.

1003 385 1217 421 THESIS
1258 386 1453 423 PRIMA.

317 509 348 534 1.
405 498 737 545 QVEMADMODVM
771 498 945 536 omnium
973 499 1167 538 bonorum
1196 513 1330 538 caussa
1358 501 1510 540 bonitas
1538 503 1612 541 Dei
1648 503 1790 541 existit:
1821 504 2040 551 (Augustin.
2066 504 2189 542 Ench.

261 563 290 586 c.
332 551 408 598 23.)
445 550 507 587 Sic
535 550 710 588 omnium
739 552 931 589 malorum
959 553 1069 602 origo
1099 559 1154 591 est
1183 555 1234 591 ab
1262 554 1491 592 immutabili
1520 557 1628 594 bono
1656 556 1839 593 deficiens
1867 555 1963 594 boni
1992 557 2186 594 mutabilis

263 603 458 640 voluntas:
489 603 627 653 Angeli
654 603 842 653 primurn,
871 611 953 642 tum
981 605 1163 644 hominis.
1206 607 1335 644 Adam
1364 606 1466 644 enim
1490 609 1636 658 bonus,
1665 609 1733 646 sed
1749 607 1982 646 mutabiliter
1997 609 2036 657 (f.
2059 610 2186 658 1647.)

265 656 412 705 bonus,
441 658 464 693 a
492 657 579 694 Deo
607 664 776 707 creatus,
803 658 909 695 bona
936 657 1146 707 spiritualia
1172 670 1270 708 quae
1298 659 1371 697 sibi
1398 661 1434 698 &
1462 660 1540 698 suis
1568 668 1790 710 acceperat,
1819 664 1841 698 a
1868 662 1956 699 Deo
1985 661 2190 710 deficiens,

267 707 339 745 sibi
381 710 416 746 δι
457 709 532 746 suis
573 708 757 760 perdidit,
799 716 1000 759 totamque
1041 723 1148 749 suam
1186 712 1343 761 stirpem
1381 714 1606 762 peccando,
1648 713 1686 751 in
1715 727 1755 752 se
1781 720 1968 762 tanquam
1996 713 2036 751 in
2063 714 2190 753 radice

264 761 417 811 vitians,
446 773 572 811 poena
601 762 735 800 mortis
763 763 798 800 Sc
827 763 1086 802 damnationis
1114 764 1336 802 obstrinxit:
1367 772 1409 803 ut
1436 766 1620 815 quicquid
1634 767 1752 815 prolis
1776 779 1822 804 ex
1837 779 1885 804 eo
1901 767 1936 804 &
1954 766 2067 804 simul
2082 767 2188 805 dam-

265 819 355 851 nata
392 813 558 864 coniuge
598 824 841 866 nasceretur,
882 816 1069 866 originale
1109 824 1314 867 peccatum
1355 819 1538 869 traheret,
1576 830 1654 868 quo
1683 831 1752 868 per
1780 832 1928 857 errores
1957 820 2191 869 doloresque

265 866 438 904 diuersos
464 873 547 905 tum
575 868 625 905 ad
651 868 816 917 primam
844 875 927 906 tum
954 869 1005 907 ad
1034 871 1243 908 secundam
1271 871 1487 909 traheretur
1513 878 1694 910 mortem.

320 933 351 956 2.
407 919 514 958 Hinc
542 921 584 958 fit
612 927 651 958 vt
679 920 910 970 impressum
939 922 1077 972 stigma
1106 924 1141 960 81
1169 924 1383 962 cauterium
1411 924 1528 974 ipsius
1556 926 1594 964 in
1622 926 1750 962 Deum
1779 925 2073 974 conspirationis
2101 938 2186 963 nas-

264 978 395 1009 centes
423 985 558 1010 omnes
585 980 830 1025 constemus,
859 975 937 1014 imo
968 978 1057 1014 ante
1086 988 1240 1014 vsuram
1261 976 1375 1027 lucis,
1392 977 1550 1026 originis
1572 977 2009 1027 excipiamusiniuriam.
2041 979 2187 1016 Omnes

265 1024 296 1062 si
323 1024 480 1073 quidem
508 1025 547 1063 in
575 1039 623 1064 eo
650 1027 919 1076 peccauimus,
947 1028 986 1065 in
1014 1040 1092 1077 quo
1122 1040 1219 1067 vnus
1246 1030 1367 1067 homo
1397 1042 1532 1068 omnes
1560 1030 1710 1068 fuimus.
1740 1031 1841 1068 Nam
1861 1031 1967 1080 quod
1991 1030 2184 1080 Pelagiani

264 1084 488 1126 argutantur
514 1086 718 1128 peccatum
744 1080 783 1117 in
811 1094 947 1119 omnes
976 1082 1189 1131 peruasisse
1217 1095 1296 1120 non
1324 1082 1481 1132 originis
1509 1083 1622 1133 vitio,
1652 1084 1721 1121 sed
1743 1083 1968 1121 imitationis
1991 1085 2189 1133 exemplo,

263 1131 313 1168 ab
340 1130 425 1179 ipso
453 1133 647 1181 Apostolo
674 1133 873 1185 refellitur,
902 1134 967 1183 qui
993 1136 1098 1185 Eph.
1130 1149 1161 1172 2.
1192 1148 1228 1184 3.
1256 1142 1371 1173 vocat
1398 1149 1470 1174 nos
1497 1136 1634 1174 natura
1661 1135 1760 1174 filios
1789 1135 1880 1174 irae.
1909 1138 2055 1174 Natura
2071 1136 2186 1186 igitur

264 1182 304 1220 in
331 1183 446 1222 nobis
473 1184 567 1222 vitio
596 1185 738 1224 infecta
765 1193 842 1237 est,
874 1199 952 1236 quo
982 1189 1016 1225 δι
1044 1188 1199 1237 culpam
1229 1189 1264 1225 δι
1290 1189 1366 1227 Dei
1394 1188 1490 1227 iram
1519 1190 1656 1239 culpae
1688 1188 1882 1227 vindicem
1912 1189 2187 1227 contraximus.

317 1248 351 1284 3.
408 1237 459 1274 Et
492 1240 594 1276 certe
630 1245 835 1289 peccatum
872 1239 1069 1290 Originale
1097 1253 1181 1279 esse
1208 1248 1360 1290 praeter
1387 1254 1433 1280 ea
1461 1254 1561 1292 quae
1589 1241 1754 1280 diximus
1783 1242 1985 1280 euincunt:
2015 1241 2186 1280 Primum

264 1290 418 1339 effecta,
455 1297 616 1339 peccata
652 1291 833 1330 nimirum
870 1293 1054 1343 actualia,
1090 1307 1135 1332 ex
1172 1294 1250 1332 hoc
1276 1307 1357 1332 non
1387 1295 1590 1344 vbertatis,
1619 1296 1690 1333 sed
1716 1295 1918 1344 egestatis,
1948 1296 1983 1332 &
2012 1294 2188 1333 miseriae

263 1342 371 1379 fonte
398 1344 685 1395 promanantia,
713 1344 752 1382 in
781 1346 1039 1396 omnibusque
1067 1348 1103 1385 δε
1131 1347 1239 1385 omni
1266 1354 1389 1386 aetate
1417 1348 1608 1399 viuentia,
1636 1349 1686 1386 ab
1709 1361 1754 1385 ea
1777 1348 1838 1386 die
1858 1347 2010 1397 quahic
2025 1348 2188 1397 quisque

263 1395 497 1445 concipitur,
526 1408 647 1446 vsque
674 1399 725 1435 ad
753 1411 838 1436 eam
867 1410 966 1448 quae
999 1398 1036 1436 in
1065 1400 1191 1438 sinum
1219 1401 1350 1439 matris
1378 1401 1597 1439 communis
1624 1400 1819 1450 recipitur.
1847 1401 2028 1439 Secundo
2054 1413 2188 1439 conse—

264 1448 439 1498 quentia,
467 1449 547 1498 Ipsi
574 1449 677 1487 enim
707 1449 871 1489 infantes
900 1453 1138 1490 daemonum
1167 1453 1341 1491 incursus
1370 1465 1486 1504 saepe
1513 1454 1732 1504 patiuntur,
1762 1467 1876 1504 saepe
1904 1453 2080 1504 corporis
2103 1465 2186 1492 cru-

263 1499 426 1538 ciatibus
453 1509 640 1540 vexantur
668 1503 864 1554 maximis,
893 1505 1110 1543 moriuntur
1139 1505 1317 1555 denique.
1347 1507 1452 1557 Ergo
1481 1507 1634 1556 peccati
1656 1510 1713 1544 rei
1728 1513 1832 1544 sunt:
1849 1520 1939 1545 nam
1956 1507 2187 1557 stipendium

263 1553 415 1602 peccati
441 1567 565 1605 mors,
595 1555 665 1594 etsi
693 1564 896 1606 peccatum
923 1557 963 1595 in
992 1558 1044 1596 eis
1073 1571 1155 1597 sese
1183 1571 1252 1608 per
1280 1566 1446 1597 aetatem
1474 1573 1555 1598 non
1578 1560 1728 1610 prodit:
1758 1560 1944 1609 Alioquin
1960 1560 2063 1598 idem
2079 1560 2186 1609 quod

263 1606 438 1645 Christus
465 1615 686 1657 paterentur
713 1609 899 1660 infantes,
928 1610 1074 1650 scilicet
1101 1610 1246 1660 innoxij
1276 1613 1427 1662 peccati
1451 1626 1620 1663 poenam
1650 1612 1902 1662 sustinerent,
1923 1614 2030 1662 quod
2046 1612 2189 1650 Christi

263 1660 572 1709 praerogatiuam
598 1669 767 1701 eneruat.
809 1663 943 1702 Tertio
972 1663 1012 1702 id
1041 1664 1249 1703 ostendunt
1275 1665 1447 1704 remedia
1474 1667 1524 1704 ad
1552 1667 1629 1704 hoc
1659 1666 1953 1715 expurgandum
1981 1673 2185 1716 peccatum

261 1713 285 1748 a
312 1713 399 1750 Deo
428 1712 619 1765 instituta,
649 1715 902 1754 Circumcisio
930 1718 1001 1755 sub
1030 1718 1136 1766 lege,
1170 1718 1265 1757 Gen.
1297 1729 1355 1766 17.
1385 1718 1602 1768 Baptismus
1630 1720 1701 1756 sub
1730 1730 1836 1756 nouo
1853 1720 2022 1757 foedere.
2053 1719 2133 1758 Col.
2152 1731 2187 1757 2.

263 1764 343 1802 Cur
370 1764 474 1803 enim
502 1767 645 1817 flagitet
672 1769 796 1806 infans
825 1769 1007 1807 auxilium
1035 1770 1198 1820 gratiae,
1226 1771 1298 1808 nisi
1327 1772 1416 1820 quia
1444 1771 1578 1810 vitium
1607 1771 1750 1821 patitur
1778 1773 1827 1809 ab
1856 1769 2029 1822 origine?

314 1831 350 1864 4.
405 1819 498 1856 Hoc
524 1827 654 1859 autem
681 1828 885 1870 peccatum
913 1832 970 1861 est
996 1822 1156 1861 vitiosus
1184 1831 1342 1861 naturae
1370 1825 1523 1863 habitus
1551 1837 1621 1874 per
1650 1824 1793 1862 Adami
1821 1827 1970 1874 lapsum
1994 1824 2034 1862 in
2050 1836 2184 1861 omnes

260 1870 437 1908 homines
474 1875 702 1923 transfusus,
738 1886 817 1924 quo
856 1882 963 1914 reatu
999 1875 1115 1925 ipsius
1152 1876 1346 1923 obstricti,
1384 1884 1466 1915 tum
1501 1876 1713 1927 soriginaria
1748 1877 1890 1916 iustitia
1914 1877 2075 1927 priuati,
2103 1884 2185 1914 tum

260 1923 408 1975 iniusti,
438 1929 586 1975 totique
614 1927 806 1978 corrupti,
833 1927 988 1966 infinitis
1016 1929 1144 1979 malis,
1169 1929 1284 1967 morti
1307 1941 1464 1980 quoque
1489 1938 1667 1969 aeternae
1687 1930 1847 1979 obnoxij
1873 1930 2086 1979 nascimur,
2115 1928 2187 1967 nisi

260 1989 330 2025 per
357 1976 552 2016 Christum
582 1979 802 2018 liberemur.

314 2039 348 2078 5.
402 2031 593 2070 Habitmn
629 2044 816 2072 vocamus
852 2047 933 2072 non
970 2046 1117 2073 meram
1154 2035 1430 2084 priuationem:
1472 2050 1562 2075 narn
1599 2037 1936 2086 quemadmodum
1978 2042 2182 2085 peccatum

261 2083 412 2120 actuale
439 2096 519 2122 non
549 2086 688 2124 dicitur
715 2086 752 2124 in
780 2087 909 2136 aliquo
941 2100 1024 2126 esse
1055 2101 1101 2126 ex
1129 2101 1176 2126 eo
1204 2089 1289 2126 solo
1319 2089 1426 2137 quod
1452 2089 1602 2128 Iustitia
1631 2096 1782 2139 careat,
1810 2097 1904 2127 tunc
1933 2089 2037 2128 enim
2065 2088 2183 2137 lapidi

262 2142 466 2184 peccatum
493 2138 655 2189 inesset,
684 2139 752 2177 sed
779 2141 887 2188 quod
915 2141 1057 2179 habeat
1084 2140 1352 2179 conditionem
1381 2143 1494 2193 mali,
1521 2143 1559 2180 in
1590 2155 1666 2192 qua
1694 2144 1782 2180 cum
1811 2143 1971 2182 deberet
1985 2153 2066 2180 esse
2080 2140 2181 2179 iusti·
2233 2148 2237 2150 “

259 2186 332 2237 tia,
367 2200 448 2225 non
485 2191 683 2240 reperitur.
724 2191 787 2230 Sic
822 2202 1025 2242 peccatum
1063 2193 1249 2244 originale
1277 2207 1356 2232 non
1385 2197 1509 2233 solum
1536 2195 1699 2234 iustitiae
1728 2195 1922 2245 originalis
1950 2194 2183 2244 priuatiuum

261 2247 338 2277 est:
376 2241 444 2278 sed
481 2242 743 2293 dispositionis
780 2246 815 2283 δι
850 2247 1003 2285 habitus
1042 2246 1244 2285 cuiusdam
1271 2247 1321 2284 ad
1349 2249 1493 2286 fructus
1522 2248 1686 2286 iustitiae
1715 2248 1931 2286 contrarios
1959 2246 2183 2297 positiuum.

259 2293 344 2329 Nec
371 2293 474 2331 enim
501 2304 707 2344 peccatum
735 2299 790 2346 (vt
815 2299 1027 2347 loquuntur
1055 2299 1299 2347 Scholastici)
1329 2300 1599 2339 omnimodam
1627 2299 1722 2339 boni
1737 2301 1996 2350 priuationem
2011 2298 2182 2356 inducit:

260 2345 329 2382 sed
355 2353 514 2386 naturae
542 2350 795 2399 aptitudinem
824 2353 859 2389 &
888 2359 1017 2390 actum
1039 2351 1216 2401 ‘aliquem
1243 2351 1442 2403 relinquit,
1472 2353 1759 2392 circumstantia
1773 2360 1903 2392 tamen
1918 2352 2183 2392 bonimorahs

258 2397 463 2446 priuatum.
492 2402 715 2440 Naturalem
741 2406 834 2441 vero
862 2406 1100 2454 appellamus
1124 2417 1203 2443 non
1224 2406 1332 2453 quod
1346 2414 1506 2444 naturae
1522 2406 1669 2456 primae
1683 2406 1962 2445 institutionem
1978 2411 2183 2454 sequatur,

260 2450 328 2488 sed
368 2453 476 2499 quod
515 2462 674 2493 naturae
714 2463 918 2505 corruptae
960 2458 1120 2495 modum
1156 2457 1209 2495 ita
1242 2466 1520 2509 consequatur,
1563 2465 1604 2496 vt
1630 2458 1827 2497 neminem
1855 2465 2014 2496 naturae
2045 2457 2182 2494 ordine

260 2510 504 2551 procreatum
531 2510 554 2545 a
582 2519 652 2546 suo
680 2508 862 2558 contagio
891 2510 1068 2560 excipiat.

313 2557 347 2592 6.
403 2558 614 2598 llffaz‘eriale
648 2560 759 2598 huius
793 2563 944 2610 peccati
970 2570 1048 2614 est,
1077 2564 1154 2612 qua
1182 2575 1254 2601 nos
1281 2562 1450 2613 attingit,
1482 2570 1585 2602 totus
1612 2565 1755 2615 homo,
1783 2563 1925 2602 Anima
1952 2561 2181 2620 praecipue,

259 2610 335 2655 qua
374 2609 606 2662 principium
643 2620 699 2652 est
736 2621 856 2652 actus.
898 2615 1073 2665 Corpore
1110 2614 1273 2664 deinde,
1308 2618 1385 2664 qua
1412 2616 1710 2655 instrumentum
1738 2624 1794 2655 est
1823 2628 1901 2667 quo
1932 2614 2063 2654 omnia
2091 2621 2179 2664 agit.

257 2659 340 2698 Etsi
378 2674 458 2700 non
495 2678 542 2703 eo
577 2665 720 2715 Illyrici
754 2667 982 2706 sententiam
1017 2682 1062 2706 ex
1098 2668 1418 2706 Manichaeorum
1455 2682 1580 2708 coeno
1610 2669 1787 2707 haustam
1814 2668 2052 2709 admittimus
2067 2697 2077 2716 ,
2105 2677 2182 2715 qua

257 2720 462 2761 peccatum
490 2716 612 2767 ipsam
640 2731 725 2756 esse
752 2718 904 2758 animae
933 2720 1187 2760 substantiam
1215 2727 1435 2771 corruptam
1464 2722 1613 2771 statuit,
1629 2721 1803 2771 imperite
1818 2720 2073 2762 substantiam
2089 2730 2179 2756 cum

255 2765 457 2806 affectione
492 2772 615 2810 malae
651 2770 860 2823 qualitatis,
898 2776 933 2811 δι
965 2775 1150 2824 languore
1177 2774 1430 2812 confundens.
1461 2776 1640 2814 Formale
1669 2782 1727 2813 est
1756 2777 1897 2825 ἀνομία
1924 2774 2005 2812 siue
2034 2771 2180 2810 inordi—

2087 2831 2178 2861 nata
