2334 3020
771 90 987 117 THESES
1026 89 1453 117 THEOLOGICAE.
2018 92 2118 116 121·

195 213 230 251 9.
286 199 388 238 Cum
421 205 553 237 autem
581 210 628 236 ex
655 203 793 236 natura
820 196 868 235 sit
897 209 1053 236 morum
1081 196 1314 236 naturalium
1342 203 1586 247 nostrorum,
1616 209 1662 235 ex
1691 196 1894 246 Scriptura
1921 198 2014 234 vero
2044 195 2091 234 sit

143 251 494 304 supernaturalium
535 262 690 289 morum
732 253 767 289 &
808 251 859 289 ad
900 251 1020 289 vitam
1063 257 1261 289 aeternam
1299 249 1573 301 pertinentium
1607 249 1843 301 auctoritas,
1873 251 1979 288 certe
2008 248 2090 299 ipsa

143 307 315 345 Naturae
343 318 433 344 cum
461 303 661 354 Scriptura
689 304 727 342 S.
757 304 1000 354 comparatio
1030 304 1123 353 de(f.
1150 305 1260 352 1607.
1264 305 1491 354 )1nonstrat,
1514 311 1555 341 vt
1571 302 1666 341 n1h1l
1681 314 1837 341 morum
1854 301 2088 341 naturalium

144 367 268 409 extra,
310 365 482 409 praeter,
509 364 576 395 aut
603 364 742 395 eontra
769 364 970 408 naturam,
999 357 1180 406 adeoque
1208 357 1280 396 nisi
1308 359 1331 395 a
1359 363 1498 395 natura
1525 357 1708 406 docetur
1738 356 1791 394 ita
1818 362 2088 406 supernatura-

142 412 259 464 lium,
300 411 367 461 qui
407 410 457 449 ad
502 410 620 448 vitam
654 411 822 448 futuram
851 417 1048 460 spectant,
1079 411 1174 449 nihil
1203 417 1342 469 extra,
1359 417 1533 469 praeter,
1562 417 1628 448 aut
1657 416 1796 448 contra
1826 409 2088 459 Scripturam,

140 465 236 503 nihil
263 465 335 502 nisi
363 476 411 502 ex
438 462 636 513 Scriptura
672 463 807 502 doceri
835 463 980 502 debere
1008 471 1075 502 aut
1104 476 1242 514 posse:
1270 462 1344 501 nisi
1372 463 1459 513 quis
1488 464 1586 502 forte
1607 469 1785 500 naturam
1802 462 1842 521 in
1858 474 1929 501 suo
1947 475 2091 512 geneie

140 519 373 568 perfectam,
416 516 656 566 Scripturam
698 518 791 555 vero
833 516 960 555 minus
1003 518 1215 566 perfectam
1255 523 1417 567 statuat,
1456 529 1504 554 ac
1531 515 1696 566 proinde
1725 514 1850 566 magis
1881 515 1919 553 in
1951 521 2090 553 natura

141 572 290 621 Deum,
317 572 435 620 quam
464 569 503 607 in
532 569 730 620 Scriptura
758 570 942 620 sapuisse.

198 637 255 662 10.
311 624 456 661 Earum
494 625 586 661 vero
628 623 925 672 Traditionum,
967 634 1068 673 quae
1097 624 1148 662 ad
1177 621 1424 673 disciplinam
1454 622 1668 673 pertinent,
1698 621 1971 670 distinctiones
2000 621 2088 659 illac

141 683 230 715 sunt
257 676 460 726 propriae,
489 688 589 725 quae
616 678 640 713 a
671 676 884 715 Pontificiis
912 677 952 714 in
979 678 1054 715 hac
1083 688 1220 716 caussa
1249 675 1393 714 adferri
1421 678 1560 714 solent.
1596 690 1628 714 1.
1657 676 1728 715 has
1757 688 1842 714 esse
1858 681 2090 726 perpetuas,

140 737 181 768 vt
208 730 391 779 (exempli
419 731 571 778 caussa)
601 742 732 769 sacros
760 737 895 769 coetus
923 729 1079 779 haberi,
1109 731 1181 768 &e
1210 730 1295 768 illas
1318 729 1597 780 temporarias,
1617 736 1658 768 vt
1687 729 1824 767 haberi
1849 729 1888 766 in
1911 728 2091 778 publico,

141 790 207 821 aut
247 790 421 833 secreto,
463 789 554 821 ante
594 783 796 822 meridiem
838 785 898 822 vel
940 790 1030 833 post
1070 784 1143 821 &c.
1195 797 1227 820 2.
1258 784 1326 821 has
1358 782 1591 821 vniuersales
1620 795 1725 832 esse,
1755 785 1791 821 &
1821 781 2088 832 particularcis

140 836 234 874 illas.
278 849 313 885 3.
354 835 448 874 alias
488 848 572 874 esse
613 837 880 887 Necessarias,
915 837 951 874 δε
978 836 1070 875 alias
1100 836 1272 875 LiberaS.
1318 836 1419 873 Nam
1455 846 1714 885 quaecunque
1749 835 1839 874 fidei
1871 836 1906 872 δε
1935 846 2089 873 morum

142 896 253 939 sunt,
281 901 327 927 ea
356 888 513 939 proprie
541 897 630 928 sunt
659 888 896 940 necessaria,
925 896 991 927 aut
1017 888 1144 939 primo
1173 891 1209 928 δε
1235 901 1305 939 per
1333 901 1394 939 se,
1423 896 1488 926 aut
1509 887 1753 927 secundario.
1771 899 1874 938 quae
1890 887 2091 926 ordinatae

142 949 232 981 sunt
259 943 311 980 ad
339 942 575 992 principium
603 954 716 981 suum
746 941 1050 982 immutabiliter.

199 1009 256 1034 11.
312 996 413 1034 Cum
441 1002 573 1034 autem
603 996 810 1046 disciplina
836 995 933 1034 nihil
961 996 1008 1034 sit
1036 995 1143 1034 aliud
1171 997 1290 1044 quam
1318 994 1419 1033 iusta
1447 994 1685 1045 auxiliatrix,
1714 1001 1832 1044 atque
1862 994 2091 1033 administra

142 1049 234 1087 fidei
277 1049 312 1086 ἃ
341 1061 519 1099 morum,
549 1056 654 1088 certa
682 1049 746 1087 hic
776 1047 974 1087 distinctio
1003 1051 1026 1086 a
1054 1048 1170 1086 nobis
1198 1047 1390 1086 statuitur.
1434 1049 1537 1085 Nam
1566 1059 1825 1097 quaecunque
1854 1048 2092 1086 documenta

144 1102 375 1152 disciplinae
416 1108 524 1147 sunt,
560 1113 660 1152 quae
688 1114 852 1153 genere,
879 1101 1027 1151 specie,
1057 1102 1093 1139 ἃ
1122 1103 1200 1139 fine
1228 1112 1299 1139 suo
1329 1106 1574 1150 perpetuam,
1606 1100 1865 1139 vniuersalem
1895 1102 1931 1138 δι
1959 1113 2090 1138 ncces-

142 1155 282 1193 sariam
325 1154 614 1193 ordinationem
656 1154 1053 1203 coniunctionemque
1090 1155 1238 1192 habent
1272 1164 1363 1192 cum
1399 1154 1534 1203 regula
1562 1153 1655 1192 fidei
1683 1154 1718 1191 δε
1748 1165 1926 1204 morum,
1955 1165 2090 1191 corum

142 1221 222 1246 non
264 1215 322 1246 est
359 1207 536 1246 traditio:
566 1221 657 1246 nam
685 1208 722 1246 in
753 1207 961 1257 Scripturis
991 1207 1110 1246 sacris
1138 1208 1425 1257 comprehensa
1453 1214 1543 1244 sunt
1571 1209 1752 1257 expresse
1782 1213 1848 1245 aut
1876 1206 2091 1256 analogice.

143 1262 412 1310 Quaecunque
451 1263 544 1299 vero
585 1261 624 1298 in
665 1260 964 1299 circumstantiis
999 1261 1128 1310 posita
1164 1267 1275 1309 sunt,
1304 1271 1440 1299 eorum
1471 1260 1702 1298 traditiones
1731 1259 1770 1298 in
1799 1259 1978 1298 Ecclesia
2006 1273 2090 1297 essc-

141 1322 207 1353 aut
235 1327 318 1353 esse
347 1326 483 1364 posse,
513 1321 781 1352 verumtamen
809 1314 1081 1365 temporaleis,
1109 1314 1381 1363 particulares,
1411 1315 1447 1351 &
1475 1314 1618 1352 liberas
1646 1313 1911 1364 agnoscimus.

200 1381 258 1406 12.
311 1369 443 1416 Atque
479 1368 617 1404 harum
649 1367 808 1417 quidem
835 1366 1090 1406 traditionum
1118 1379 1219 1416 quae
1244 1367 1282 1405 in
1310 1366 1610 1405 circumstantiis
1634 1373 1840 1405 versantur
1856 1367 1918 1404 lex
1934 1367 2054 1404 fertur
2070 1368 2091 1402 a

143 1423 263 1458 Paulo
299 1434 329 1459 1.
362 1422 449 1458 Cor.
472 1433 530 1466 14.
558 1420 601 1457 τὸ
629 1421 841 1469 εὗσχημονῆ
867 1423 930 1457 καὶ
956 1421 999 1458 τὸ
1025 1423 1118 1458 κατά
1145 1422 1275 1470 τάξιν,
1291 1421 1501 1458 honestum
1517 1420 1687 1458 decus&
1704 1420 1827 1470 ordo,
1844 1419 2001 1469 quaein
2017 1419 2092 1456 sin-

141 1473 238 1523 gulis
266 1473 450 1511 Ecclesiis
479 1485 551 1522 pro
580 1473 863 1512 commoditate
892 1473 1063 1522 ipsarum
1092 1480 1352 1523 procurantur
1372 1480 1489 1522 atque
1505 1473 1735 1512 ordinantur
1751 1473 1790 1511 in
1806 1486 1847 1511 re
1863 1479 2090 1522 praesente,

142 1534 182 1565 vt
208 1527 313 1564 idem
341 1528 556 1576 Apostolus
584 1525 678 1564 dicit
713 1539 745 1564 1.
775 1526 866 1565 Cor.
901 1540 962 1566 11.
989 1528 1100 1565 AVam
1128 1527 1197 1576 (ait
1223 1526 1371 1577 optime
1402 1527 1550 1565 Seneca
1578 1526 1758 1576 Epistola
1789 1528 1868 1574 22.)
1897 1527 2086 1575 quaedam

141 1594 215 1618 non
256 1581 334 1618 msi
364 1581 389 1616 ὰ
416 1585 624 1630 praesente
650 1584 798 1618 monsta
799 1587 931 1620 antur.
968 1581 1065 1618 [Vola
1083 1585 1214 1631 potest
1239 1581 1404 1618 medicus
1425 1586 1499 1629 per
1528 1582 1706 1630 epistolas
1738 1581 1814 1618 cibi
1840 1585 1910 1618 aul
1937 1580 2091 1616 balnaei

141 1638 284 1683 tempus
310 1634 386 1681 ellg
371 1646 431 1670 et
432 1644 470 1670 e:
506 1646 603 1672 vemt
630 1634 820 1683 tanfflenda
848 1639 914 1672 est.
971 1635 1084 1671 Vetas
1104 1634 1358 1684 prouerbium
1386 1639 1460 1684 est,
1484 1635 1746 1682 gladiatorem
1761 1634 1801 1670 in.
1816 1646 1940 1671 arena
1957 1639 2093 1681 carpere

140 1688 351 1724 consillum.
393 1686 470 1724 Sed
509 1687 647 1724 harum
689 1693 821 1724 tamen
863 1686 1116 1725 traditionum
1152 1693 1279 1725 certus
1314 1686 1456 1725 modus
1485 1694 1603 1736 atque
1632 1686 1786 1724 duratio
1816 1686 1988 1724 tenenda
2017 1692 2086 1722 est.

140 1740 306 1790 Modus,
336 1746 378 1777 vt
404 1746 605 1778 externum
633 1739 836 1778 hominem
865 1739 1045 1778 dicantur
1073 1740 1244 1791 abligare
1272 1740 1323 1778 ad
1351 1740 1493 1778 iustum
1524 1740 1696 1790 ipsarum
1719 1752 1832 1777 vsum
1849 1740 1889 1777 in
1905 1739 2090 1786 veritate,

140 1795 176 1831 δι
215 1792 479 1843 simplicitate,
520 1792 601 1831 sine
642 1793 936 1844 superstitione,
976 1793 1058 1832 sine
1095 1793 1319 1843 tyrannide,
1359 1793 1400 1831 id
1428 1800 1484 1832 est
1513 1799 1768 1843 permanente
1796 1793 1919 1831 libera
1949 1768 2091 1829 interni

140 1846 309 1885 hominis
350 1846 608 1884 conscientia:
652 1846 805 1885 duratio
842 1849 953 1897 vero,
990 1854 1032 1885 vt
1057 1847 1245 1897 tantisper
1271 1847 1311 1884 in
1340 1847 1517 1884 Ecclesia
1545 1847 1772 1885 obtineant.
1803 1847 1897 1883 (lum
1931 1857 2090 1893 verum,

141 1906 339 1949 sanctum,
367 1899 509 1937 iustum
536 1899 831 1958 legitimumque
858 1902 975 1938 finem
1000 1911 1112 1938 suum
1127 1907 1405 1950 assequantur.
1423 1906 1526 1938 statu
1542 1902 1634 1938 vero
1655 1907 1807 1938 mutato
1823 1901 2090 1948 abrogentur.

140 1966 190 1991 ne
230 1965 343 2003 vero,
384 1959 542 2003 sancto,
584 1953 707 2004 iusto,
749 1953 1001 2003 legitimoque
1036 1953 1325 2003 praeiudicent,
1363 1961 1404 1991 vt
1431 1960 1612 2002 serpente
1642 1965 1766 1990 aeneo
1797 1954 1943 1990 factum
1974 1950 2090 1988 fuisse

139 2005 304 2056 legimus
330 2008 353 2043 a
381 2019 473 2056 rege
501 2006 680 2044 Ezechia.
713 2019 747 2044 2.
777 2009 878 2057 Reg.
912 2021 973 2045 10.

684 2269 772 2310 VII.
827 2272 914 2308 DE
955 2268 1561 2308 TRADITIONIBVS.

893 2376 1110 2414 THESIS
1151 2384 1349 2412 PRIMA.

202 2504 234 2530 1.
289 2494 496 2531 TRADITIO
524 2504 624 2542 quae
651 2492 815 2531 Graecis
844 2508 898 2531 ma
900 2495 1080 2544 ράδοσις,
1109 2491 1302 2531 Hebraeis
1331 2492 1483 2541 Lekac,
1512 2492 1551 2530 id
1577 2498 1657 2541 est,
1682 2489 1904 2540 perceptio,
1922 2487 2092 2547 generali

144 2544 426 2595 significatione
467 2559 586 2584 omne
621 2546 661 2583 id
700 2510 994 2597 complectitur,
1024 2546 1133 2595 quod
1161 2545 1305 2594 scripto
1334 2545 1397 2582 vel
1427 2521 1510 2582 sirie
1539 2546 1685 2595 scripto
1716 2544 1765 2581 ad
1795 2556 1868 2581 nos
1895 2541 2090 2591 peluenit:

143 2599 374 2657 plerumque
401 2606 531 2637 tamen
559 2598 607 2637 de
636 2599 814 2637 doctrina
840 2612 922 2637 non
949 2599 1113 2649 scripta,
1138 2599 1208 2636 sed
1237 2610 1304 2636 ore
1332 2599 1483 2635 tantum
1513 2600 1548 2636 &
1578 2598 1687 2648 quasi
1711 2609 1781 2647 per
1797 2607 1936 2634 manus
1952 2594 2092 2632 tradita

144 2652 183 2689 in
211 2653 329 2701 vulgo
357 2652 557 2702 accipitur

200 2718 234 2742 2.
289 2705 465 2743 Traditio
498 2705 629 2754 itaque
663 2705 862 2755 definitur,
892 2707 1055 2744 verbum
1084 2704 1160 2742 Dei
1189 2705 1299 2754 quod
1329 2717 1410 2742 non
1439 2704 1510 2742 fuit
1539 2705 1590 2743 ab
1620 2704 1784 2742 authore
1814 2701 2024 2751 scriptum,
2051 2699 2091 2737 id

145 2763 223 2808 est,
249 2760 273 2795 a
300 2759 408 2808 Deo,
437 2765 503 2796 aut
529 2760 579 2797 ab
608 2770 656 2796 eo
680 2758 862 2809 homine,
891 2760 960 2797 abs
989 2771 1068 2808 quo
1100 2758 1269 2807 primum
1299 2757 1370 2795 fuit
1399 2757 1604 2796 Ecclesiae
1631 2756 1830 2795 traditum.

1109 2812 1153 2848 16
1739 2823 1775 2860 3.
1817 2808 2090 2847 Traditionum
