2334 3020
201 71 249 118 46
845 80 913 106 DE
952 80 1100 107 VERA
1142 79 1488 108 THEOLOGIA.

205 187 383 228 stantiam
409 185 650 236 Theologiae
679 185 836 224 minime
863 185 1069 236 pertinent.
1109 187 1179 224 Est
1207 185 1309 224 enim
1336 185 1573 237 Theologia,
1599 192 1641 225 vt
1667 185 1824 225 scientia
1837 186 1983 237 omnis,
1999 199 2127 227 rerum

207 239 490 290 communium,
517 238 593 276 Dei
619 243 749 276 autem
777 251 905 277 sermo
933 238 973 277 in
1000 240 1115 277 rebus
1142 238 1257 276 etiam
1284 238 1576 288 particularibus
1601 251 1683 278 non
1709 251 1798 278 raro
1826 246 2052 290 occupatur.

255 294 316 330 De
356 292 430 330 hac
465 291 579 341 igitur
605 291 842 341 Theologia,
868 290 994 340 prima
1021 292 1119 329 haec
1147 291 1320 340 quaestio
1346 291 1498 329 videtur
1525 292 1639 330 nobis
1667 292 1908 342 expedienda
1934 306 2034 342 esse,
2061 295 2125 332 An

201 345 328 394 aliqua
355 344 401 382 sit
427 357 473 382 ea
500 355 599 393 quae
626 343 845 393 Theologia
871 345 894 381 a
912 344 1026 383 nobis
1047 345 1166 393 vulgo
1189 343 1423 382 nominatur.
1446 356 1537 382 nam
1557 355 1646 383 cum
1661 357 1797 383 eorum
1812 357 1911 394 quae
1923 346 2124 385 nominan-

200 406 262 436 tur
289 409 467 435 sermone
493 402 650 446 nostro,
686 396 760 433 alia
786 396 881 446 sint,
910 398 945 435 δι
973 397 1046 434 alia
1072 408 1153 435 non
1180 397 1255 434 sint
1282 396 1322 434 in
1348 397 1495 435 Natura
1522 409 1671 449 rerum,
1699 397 1772 436 alia
1799 398 1886 437 sciri
1913 399 2061 448 possint
2088 402 2125 438 &

198 450 272 488 alia
309 462 391 488 non
431 449 597 499 possint;
638 450 776 486 frustra
816 449 865 487 de
906 461 953 487 ea
993 462 1034 488 re
1070 451 1094 486 a
1120 449 1234 488 nobis
1263 455 1457 500 ageretur,
1486 461 1585 498 quae
1611 463 1686 488 nec
1714 457 1814 489 esset
1841 451 1945 502 ipsa,
1972 464 2046 490 nec
2073 453 2123 490 ab

198 503 356 541 homine
384 502 471 541 sciri
499 509 642 552 posset.
675 502 788 540 Thes.
819 514 878 539 11.
905 503 1005 540 Esse
1031 507 1154 539 autem
1187 502 1432 550 Theologiam
1458 503 1538 540 Res
1564 504 1668 552 ipsae
1682 505 1731 542 ἐφ’
1745 517 1946 542 consensus
1960 506 2123 544 emnium

194 557 421 607 populorum
449 556 600 596 docent;
628 555 732 592 Res:
759 567 848 592 nam
877 555 927 593 ἐφ’
952 555 1064 593 Deus
1092 559 1163 601 est,
1193 555 1243 592 ἐφ’
1272 556 1366 592 idem
1385 556 1622 605 pm'nczpz'mn
1637 561 1693 594 est
1703 558 1822 595 omnis
1836 558 1927 595 boui
1937 558 1976 595 in
1990 570 2123 596 rerum

198 609 383 659 Natura,
425 609 474 646 ἐφ’
514 609 700 656 loquitur,
743 607 793 644 ἐφ’
835 609 922 656 agit
961 613 1000 647 vt
1024 608 1159 645 Deus:
1194 607 1431 654 Com-ansus,-
1459 621 1547 645 nam
1577 621 1701 646 omnes
1728 611 1783 647 ita
1809 622 1887 648 esse
1913 616 2128 659 agnoscunt

199 662 383 699 Ναίιιναε
408 662 499 698 luce.
528 660 706 699 Pluribus
733 659 891 709 quidem
919 660 1156 710 argumentis
1183 673 1333 711 rerum,
1361 660 1491 709 eisque
1511 661 1839 713 luculentissimis,
1868 663 2126 702 demonstrari

198 720 328 763 posset
353 713 610 761 Theologiam
642 713 746 751 illam
768 725 850 752 esse
878 726 925 751 ex
952 713 1131 765 veritate,
1147 714 1253 751 cuius
1268 713 1588 763 significationem
1603 715 1724 753 modo
1741 715 2125 766 circumscripsimus,

199 767 275 805 Sed
314 767 411 804 haec
451 766 530 804 duo
558 767 597 805 in
625 766 843 817 praesentia
870 779 984 816 posse
1012 766 1190 805 videntur
1217 766 1269 804 ad
1296 778 1518 805 sermonem
1543 766 1760 806 institutum
1786 768 1901 808 nobis
1928 770 2125 822 sufficere,

195 819 342 868 reliqua
368 819 407 857 in
436 818 540 856 aliud
566 826 720 870 tempus
749 819 794 870 (si
821 820 928 858 Deus
954 821 1077 868 volet)
1104 818 1314 858 reiecturis.
1342 820 1450 858 Prius
1480 820 1520 868 (f.
1549 822 1677 870 1375.)
1698 827 1968 871 argumentum
1984 828 2041 860 est
2060 835 2125 860 res

193 875 309 922 ipsae.
349 871 371 910 i.
416 871 634 912 subiectum
673 871 791 922 ipsius
831 873 1093 923 Theologiae:
1134 872 1330 911 Posterius
1370 884 1572 911 consensus
1600 875 1836 923 populorum
1879 877 2064 926 omnium,
2090 877 2126 914 &

194 924 350 963 scientia
389 924 581 964 Naturalis
621 925 720 964 illius
761 925 941 975 subiecti,
984 932 1173 975 quatenus
1200 925 1296 963 illud
1321 926 1538 964 subiectum
1565 925 1604 963 in
1632 926 1894 976 cognitionem
1921 928 2126 966 hominum

193 977 324 1015 venire
351 983 491 1027 potest.
520 979 613 1017 Non
643 985 700 1016 est
728 984 858 1017 autem
888 978 1068 1029 dubium,
1101 978 1194 1028 quin
1223 990 1359 1017 eorum
1387 989 1487 1028 quae
1501 985 1589 1017 sunt
1602 979 1791 1017 habeatur
1805 980 1932 1029 aliqua
1946 980 2124 1019 scientia:

196 1033 231 1069 &
272 1029 438 1068 Scientia
479 1043 615 1070 eorum
656 1031 703 1070 sit
742 1031 782 1069 in
808 1030 853 1080 ijs
881 1032 948 1081 qui
975 1031 1121 1082 sciunt,
1151 1044 1222 1081 pro
1251 1031 1373 1070 modo
1402 1034 1437 1070 &
1465 1037 1581 1081 captu
1607 1032 1794 1082 ipsorum.
1824 1032 1864 1071 Si
1891 1045 1986 1082 ergo
2014 1034 2125 1072 Deus

197 1087 271 1134 est,
315 1085 350 1122 δε
390 1082 513 1122 sciens
555 1092 633 1136 est,
674 1085 804 1122 Deum
848 1091 954 1123 certe
995 1084 1183 1123 scientem
1210 1084 1267 1123 sui
1295 1085 1411 1135 ipsius
1442 1097 1524 1122 esse
1552 1084 1727 1123 dicamus
1754 1097 1826 1135 pro
1855 1086 1977 1124 modo
2005 1085 2123 1136 ipsius

198 1149 357 1175 necesse
383 1142 460 1188 est,
489 1136 537 1175 Id
566 1144 624 1177 est
650 1143 801 1188 autem,
829 1137 1041 1188 infinitum,
1069 1151 1117 1176 ac
1145 1137 1331 1176 scientem
1359 1137 1417 1176 sui
1443 1138 1590 1176 infinita
1618 1140 1654 1176 &
1676 1139 1792 1188 plane
1807 1138 1937 1177 diuina
1953 1139 2123 1179 scientia.

200 1190 239 1228 Si
278 1191 385 1228 Deus
419 1191 650 1242 prz'nczpz'um
690 1195 747 1229 est
783 1192 903 1229 omnis
944 1192 1034 1229 boni
1066 1193 1107 1229 in
1134 1191 1299 1228 Natura
1325 1204 1478 1241 rerum,
1506 1191 1653 1241 optime
1678 1204 1725 1230 ex
1754 1204 1802 1230 eo
1831 1192 2101 1231 concludimus
2115 1223 2126 1241 ,

199 1255 336 1281 omnes
375 1249 589 1295 creaturas,
618 1256 716 1293 quae
752 1244 902 1282 bonum
929 1244 1146 1282 intellectus
1173 1249 1290 1294 atque
1318 1244 1500 1283 scientiae
1529 1245 1579 1283 ab
1605 1244 1672 1283 illo
1701 1245 1890 1295 principio
1920 1245 2127 1284 Vniuersali

200 1296 394 1347 obtinent,
435 1296 563 1346 aliqua
602 1298 738 1335 saltem
777 1297 852 1335 Dei
890 1299 925 1335 &
966 1297 1207 1347 Theologiae
1248 1297 1406 1336 scientia
1446 1309 1528 1336 esse
1564 1297 1773 1349 praeditas,
1808 1310 1884 1348 qua
1911 1305 2127 1348 agnoscant

198 1350 368 1399 singulae
395 1349 491 1387 illud
517 1350 748 1400 principium
776 1361 889 1388 suum
914 1350 1017 1389 vnde
1044 1357 1328 1400 processerunt.
1364 1351 1403 1389 Si
1430 1352 1537 1389 Deus
1565 1352 1754 1402 loquitur,
1783 1353 1818 1390 &
1845 1352 2016 1401 loquitur
2043 1364 2125 1390 non

199 1415 258 1441 res
300 1403 425 1440 solum
465 1403 730 1454 particulares,
772 1403 841 1442 sed
882 1405 918 1442 δε
946 1415 1175 1442 communes
1202 1404 1254 1441 ad
1279 1416 1411 1442 veram
1437 1404 1555 1454 ipsius
1580 1403 1845 1453 cognitionem
1870 1405 2124 1454 pertinentes:

199 1455 238 1494 Si
266 1455 433 1504 denique
460 1458 546 1504 agit
569 1462 611 1496 vt
633 1457 744 1494 Deus
772 1469 864 1506 erga
891 1464 1086 1495 creaturas
1114 1469 1268 1507 omnes,
1298 1467 1462 1506 quarum
1476 1456 1535 1494 his
1554 1457 1722 1495 obscura
1743 1457 1904 1507 vestigia
1918 1457 2125 1497 maiestatis

200 1519 308 1558 suae,
335 1508 406 1546 illis
433 1515 580 1547 certam
608 1509 816 1560 imaginem
843 1509 1035 1559 impressit
1061 1509 1101 1547 in
1129 1515 1267 1547 natura
1294 1510 1464 1559 ipsarum
1493 1510 1653 1548 omnino
1683 1511 1941 1560 Theologiam
1971 1517 2127 1561 oportet

199 1573 299 1610 esse,
329 1572 445 1610 quam
473 1564 508 1600 δε
535 1575 596 1601 res
624 1569 775 1601 creatae
803 1562 1017 1612 percipiant
1046 1563 1424 1613 communicatione,
1453 1564 1488 1600 δε
1515 1564 1622 1601 Deus
1648 1563 1846 1612 possideat
1868 1563 1908 1601 in
1923 1576 2006 1602 sese
2021 1570 2128 1602 tanta

199 1614 454 1665 perfectione,
494 1621 535 1654 vt
575 1626 702 1665 neque
742 1616 1001 1666 apprehendi,
1043 1627 1171 1665 neque
1213 1615 1382 1654 enarrari
1422 1615 1543 1665 possit
1579 1628 1652 1665 pro
1681 1616 1867 1666 dignitate
1893 1616 2028 1667 ipsius,
2058 1617 2127 1656 sed

200 1667 383 1717 destringi
416 1668 541 1706 solum
568 1681 640 1718 pro
668 1669 830 1707 modulo
857 1668 1087 1707 infirmitatis
1113 1674 1281 1707 nostrae.
1323 1668 1670 1717 Quemadmodum
1697 1675 1827 1707 autem
1854 1676 2126 1719 argumentum

200 1719 362 1758 subiecti
401 1719 499 1759 illius
535 1721 771 1760 admirabilis
799 1721 1058 1772 Theologiam
1085 1734 1169 1761 esse
1197 1723 1493 1772 confirmamus,
1522 1722 1576 1760 sic
1604 1722 1718 1760 etiam
1745 1729 1976 1773 argumento
2004 1723 2128 1762 nostri

201 1772 371 1821 ipsorum
412 1775 447 1812 &
487 1782 647 1813 naturae
686 1782 841 1814 nostrae
870 1787 1004 1814 omnes
1031 1775 1289 1826 Theologiam
1317 1775 1486 1824 aliquam
1510 1787 1592 1813 esse
1620 1775 1877 1825 agnoscimus.
1918 1776 2020 1814 Nam
2048 1776 2127 1815 siue

201 1826 387 1863 Naturam
428 1828 641 1866 secundum
681 1828 869 1866 rationem
911 1840 1161 1867 communem
1202 1835 1351 1878 spectes
1391 1828 1644 1866 Vniuersitatis
1677 1828 1802 1880 istius,
1829 1829 1926 1867 haec
1950 1830 2127 1879 profecto

201 1886 351 1916 enarrat
391 1880 554 1928 gloriam
593 1881 688 1931 Dei,
729 1883 765 1919 &
806 1881 915 1931 quasi
950 1883 1165 1931 proclamat
1191 1894 1309 1929 voce,
1335 1888 1565 1930 exsertoque
1592 1881 1713 1931 digito
1743 1889 2024 1920 commonstrat
2052 1895 2126 1921 ser-

201 1943 360 1969 monem
387 1932 495 1971 illum
522 1933 790 1983 rationemque
817 1934 867 1972 de
895 1934 1116 1986 diuinitate,
1144 1946 1262 1984 quam
1289 1934 1548 1984 Theologiam
1563 1935 1818 1984 appellamus:
1844 1934 1924 1973 siue
1938 1936 2127 1973 Naturam

201 1996 448 2023 communem
490 1994 639 2036 spectes
667 1987 826 2025 humani
853 1987 1020 2037 generis:
1050 1995 1158 2026 tanta
1186 1995 1243 2026 est
1270 1987 1309 2025 in
1338 2000 1385 2026 eo
1414 1992 1579 2026 naturae
1606 1989 1692 2037 lux,
1720 1989 1755 2026 δι
1783 1987 2001 2026 communis
2028 1987 2127 2026 adeo

200 2036 422 2086 ingenerata
448 2039 577 2090 notio,
605 2047 647 2078 ut
675 2052 811 2078 omnes
835 2041 1012 2079 homines
1026 2048 1107 2079 tam
1123 2040 1298 2079 docuerit
1315 2053 1396 2079 esse
1410 2039 1668 2090 Theologiam
1683 2041 1851 2089 aliquam
1866 2040 2127 2091 Diuinamque

199 2089 447 2141 sapientiam,
482 2094 598 2141 quam
635 2093 752 2131 docet
780 2106 862 2132 esse
889 2094 1037 2131 Deum:
1068 2093 1156 2132 Siue
1184 2092 1352 2142 denique
1380 2106 1453 2132 nos
1480 2093 1585 2143 ipsos
1614 2097 1940 2143 recognoscamus
1968 2094 2127 2145 singuli,

200 2143 235 2179 δε
264 2143 371 2191 quasi
398 2145 698 2195 peruestigemus
726 2146 892 2195 penitius
919 2153 1093 2185 tortuosa
1120 2147 1185 2184 illa
1212 2146 1422 2196 penetralia
1450 2148 1484 2184 δι
1512 2145 1770 2184 abditissimos
1794 2159 1966 2185 recessus
1988 2147 2126 2185 mentis

199 2202 372 2245 nostrae,
409 2196 514 2234 Nihil
546 2198 586 2236 in
618 2198 732 2237 nobis
760 2201 929 2237 futurum
958 2207 1015 2238 est
1042 2200 1150 2249 quod
1177 2212 1258 2237 non
1287 2199 1466 2237 ostendat
1493 2199 1750 2249 Theologiam
1779 2212 1879 2249 esse,
1908 2202 1943 2238 &
1972 2207 2127 2238 contra-

200 2247 372 2286 dicentes
399 2249 551 2288 euincat
578 2251 896 2291 manifestissime.
924 2254 1051 2291 Tanta
1078 2260 1134 2291 est
1161 2253 1330 2292 Naturae
1357 2252 1435 2299 vis,
1463 2253 1589 2290 Tanta
1616 2251 1797 2291 veritatis.

250 2301 381 2350 Atque
407 2302 504 2340 haec
533 2304 689 2352 quidem
717 2305 771 2343 sic
797 2305 838 2343 in
865 2306 1065 2344 communi
1092 2312 1186 2344 nota
1214 2313 1322 2356 sunt,
1351 2308 1387 2344 δε
1407 2305 1563 2355 singulis
1591 2306 1715 2344 aDeo
1733 2305 1926 2357 exposita,
1950 2313 1992 2344 vt
2007 2318 2126 2344 nemo

198 2353 342 2403 homo,
371 2355 546 2403 quamuis
574 2357 677 2395 rudis
705 2365 770 2395 aut
797 2359 898 2396 ferus
925 2361 960 2397 &
988 2360 1038 2398 ab
1066 2358 1173 2397 omni
1199 2358 1437 2396 humanitate
1453 2358 1616 2409 alienus,
1640 2359 1818 2408 ignorare
1833 2358 1975 2409 possit,
1998 2359 2124 2410 illam,

198 2406 247 2444 de
275 2418 352 2456 qua
380 2407 559 2459 dicimus,
587 2411 845 2460 Theologiam
873 2411 1066 2450 exsistere.
1092 2411 1170 2450 Sed
1197 2422 1296 2461 quae
1323 2412 1363 2450 in
1391 2411 1591 2450 communi
1613 2412 1801 2449 docemur
1824 2411 1937 2450 insita
1951 2412 2122 2450 Naturae

197 2459 304 2510 luce,
335 2472 381 2497 ea
407 2461 645 2510 particularis
674 2464 843 2501 Naturae
871 2464 911 2502 in
939 2464 1096 2514 singulis
1124 2464 1310 2503 caecitate
1338 2466 1373 2502 δι
1400 2464 1619 2502 infirmitate
1648 2465 1924 2516 obscurantur,
1953 2467 1989 2504 δε
2016 2477 2124 2514 prae-

196 2511 399 2561 stinguitur
440 2515 735 2562 quodammodo
776 2516 876 2554 acies
917 2517 1055 2556 mentis
1089 2525 1265 2568 nostrae,
1294 2530 1343 2555 ne
1370 2516 1411 2555 id
1437 2517 1563 2566 ipsum
1592 2517 1700 2567 quod
1726 2518 1874 2556 Natura
1902 2517 2120 2556 communis

199 2564 335 2612 docet,
378 2569 482 2605 recte
523 2569 708 2618 percipiat
751 2570 988 2619 particularis
1028 2571 1066 2609 in
1105 2582 1344 2620 vnoquoque
1370 2569 1557 2608 nostrum.
1602 2583 1648 2609 ex
1676 2583 1754 2620 quo
1782 2572 1842 2621 fit,
1870 2579 1912 2609 vt
1938 2570 2120 2610 Veritatis

197 2618 342 2667 aliquid
382 2626 582 2670 tamquam
622 2635 691 2671 per
730 2623 906 2661 vmbram
947 2626 967 2662 e
1007 2624 1223 2674 longinquo
1260 2623 1477 2662 videamus:
1508 2623 1576 2661 sed
1603 2636 1672 2673 per
1699 2624 1879 2663 tenebras
1905 2624 2056 2662 innatas
2084 2626 2120 2662 δι

197 2670 487 2711 circumstantes
526 2686 619 2725 nos,
659 2687 740 2713 non
780 2675 851 2714 nisi
889 2677 984 2715 falso
1020 2677 1219 2715 videamus
1246 2677 1351 2715 illam
1377 2677 1522 2727 ipsam,
1550 2687 1667 2725 quam
1694 2676 1890 2726 videmus,
1918 2677 2119 2715 veritatem

196 2724 283 2763 Dei.
322 2725 369 2763 Id
394 2738 467 2765 nos
494 2727 744 2766 enunciamus
770 2728 810 2766 in
837 2729 941 2767 hunc
968 2730 1150 2781 modum,
1183 2730 1296 2769 lees.
1323 2741 1378 2768 111.
1407 2730 1500 2768 Etsi
1523 2734 1645 2768 autem
1674 2730 1722 2767 ab
1750 2731 1921 2768 omnibus
1949 2731 2120 2767 creditur

2043 2797 2121 2822 esse
