<?xml version="1.0" encoding="UTF-8"?>
<!DOCTYPE html PUBLIC "-//W3C//DTD XHTML 1.0 Transitional//EN"
    "http://www.w3.org/TR/xhtml1/DTD/xhtml1-transitional.dtd">
<html xmlns="http://www.w3.org/1999/xhtml" xml:lang="en" lang="en">
 <head>
  <title>
</title>
<meta http-equiv="Content-Type" content="text/html;charset=utf-8" />
  <meta name='ocr-system' content='tesseract 3.04.00' />
  <meta name='ocr-capabilities' content='ocr_page ocr_carea ocr_par ocr_line ocrx_word'/>
</head>
<body>
  <div class='ocr_page' id='page_1' title='image "./opusculatheologi00juni/opusculatheologi00juni_0045.png"; bbox 0 0 2334 3020; ppageno 0'>
   <div class='ocr_carea' id='block_1_1' title="bbox 819 103 2126 144">
    <p class='ocr_par' dir='ltr' id='par_1_1' title="bbox 819 103 2126 144">
     <span class='ocr_line' id='line_1_1' title="bbox 819 103 2126 144; baseline -0.002 -10"><span class='ocrx_word' id='word_1_1' title='bbox 819 106 1082 135; x_wconf 79' lang='lat' dir='ltr'><strong>FRANCISCI</strong></span> <span class='ocrx_word' id='word_1_2' title='bbox 1120 106 1254 140; x_wconf 88' lang='lat' dir='ltr'>JUN11</span> <span class='ocrx_word' id='word_1_3' title='bbox 1296 106 1427 133; x_wconf 84' lang='lat' dir='ltr'><strong>VITA.</strong></span> <span class='ocrx_word' id='word_1_4' title='bbox 2038 106 2080 144; x_wconf 82' lang='lat'><strong>15</strong></span> <span class='ocrx_word' id='word_1_5' title='bbox 2121 103 2126 107; x_wconf 79' lang='grc'><em>’</em></span> 
     </span>
    </p>
   </div>
   <div class='ocr_carea' id='block_1_2' title="bbox 148 209 2091 2763">
    <p class='ocr_par' dir='ltr' id='par_1_2' title="bbox 148 209 2091 2763">
     <span class='ocr_line' id='line_1_2' title="bbox 155 209 2086 267; baseline -0.004 -12"><span class='ocrx_word' id='word_1_6' title='bbox 155 217 273 267; x_wconf 69' lang='lat' dir='ltr'><strong>ratio,</strong></span> <span class='ocrx_word' id='word_1_7' title='bbox 301 217 367 255; x_wconf 92' lang='lat' dir='ltr'><strong>vbi</strong></span> <span class='ocrx_word' id='word_1_8' title='bbox 393 217 429 254; x_wconf 69' lang='grc' dir='ltr'><strong>δι</strong></span> <span class='ocrx_word' id='word_1_9' title='bbox 456 216 647 254; x_wconf 91' lang='lat' dir='ltr'><strong>librorum</strong></span> <span class='ocrx_word' id='word_1_10' title='bbox 675 214 789 264; x_wconf 76' lang='lat' dir='ltr'><strong>copia</strong></span> <span class='ocrx_word' id='word_1_11' title='bbox 816 215 1065 253; x_wconf 75' lang='lat' dir='ltr'>abundabam</span> <span class='ocrx_word' id='word_1_12' title='bbox 1087 215 1123 252; x_wconf 90' lang='lat'>&amp;</span> <span class='ocrx_word' id='word_1_13' title='bbox 1150 214 1256 252; x_wconf 87' lang='lat' dir='ltr'><strong>varia</strong></span> <span class='ocrx_word' id='word_1_14' title='bbox 1269 213 1334 251; x_wconf 86' lang='lat' dir='ltr'><strong>illa</strong></span> <span class='ocrx_word' id='word_1_15' title='bbox 1348 212 1491 261; x_wconf 84' lang='lat' dir='ltr'><strong>studia,</strong></span> <span class='ocrx_word' id='word_1_16' title='bbox 1508 223 1675 262; x_wconf 88' lang='lat' dir='ltr'><strong>quorum</strong></span> <span class='ocrx_word' id='word_1_17' title='bbox 1690 209 1884 249; x_wconf 88' lang='lat' dir='ltr'><strong>desiderio</strong></span> <span class='ocrx_word' id='word_1_18' title='bbox 1899 210 2086 259; x_wconf 85' lang='lat' dir='ltr'><strong>flagrabat</strong></span> 
     </span>
     <span class='ocr_line' id='line_1_3' title="bbox 154 263 2087 320; baseline -0.005 -12"><span class='ocrx_word' id='word_1_19' title='bbox 154 270 324 320; x_wconf 88' lang='lat' dir='ltr'><strong>animus,</strong></span> <span class='ocrx_word' id='word_1_20' title='bbox 353 268 449 307; x_wconf 87' lang='lat' dir='ltr'><strong>citra</strong></span> <span class='ocrx_word' id='word_1_21' title='bbox 476 268 800 318; x_wconf 79' lang='lat' dir='ltr'>impedimentum</span> <span class='ocrx_word' id='word_1_22' title='bbox 829 269 1070 306; x_wconf 80' lang='lat' dir='ltr'><strong>excolebam.</strong></span> <span class='ocrx_word' id='word_1_23' title='bbox 1109 267 1169 306; x_wconf 92' lang='lat' dir='ltr'><strong>Ibi</strong></span> <span class='ocrx_word' id='word_1_24' title='bbox 1191 279 1310 316; x_wconf 89' lang='lat' dir='ltr'><strong>quum</strong></span> <span class='ocrx_word' id='word_1_25' title='bbox 1331 267 1382 305; x_wconf 88' lang='lat' dir='ltr'><strong>ad</strong></span> <span class='ocrx_word' id='word_1_26' title='bbox 1404 265 1546 305; x_wconf 87' lang='lat' dir='ltr'><strong>variam</strong></span> <span class='ocrx_word' id='word_1_27' title='bbox 1570 263 1863 314; x_wconf 74' lang='lat' dir='ltr'><strong>multiplicemq.</strong></span> <span class='ocrx_word' id='word_1_28' title='bbox 1880 263 2087 300; x_wconf 89' lang='lat' dir='ltr'><strong>lectionem</strong></span> 
     </span>
     <span class='ocr_line' id='line_1_4' title="bbox 153 315 2090 370; baseline -0.004 -10"><span class='ocrx_word' id='word_1_29' title='bbox 153 322 391 361; x_wconf 80' lang='lat' dir='ltr'>insaturabili</span> <span class='ocrx_word' id='word_1_30' title='bbox 414 320 545 360; x_wconf 89' lang='lat' dir='ltr'><strong>animo</strong></span> <span class='ocrx_word' id='word_1_31' title='bbox 569 321 832 370; x_wconf 88' lang='lat' dir='ltr'><strong>attenderem,</strong></span> <span class='ocrx_word' id='word_1_32' title='bbox 856 320 1002 370; x_wconf 75' lang='lat' dir='ltr'><strong>optime</strong></span> <span class='ocrx_word' id='word_1_33' title='bbox 1017 322 1110 359; x_wconf 80' lang='lat' dir='ltr'><strong>sane</strong></span> <span class='ocrx_word' id='word_1_34' title='bbox 1125 327 1241 370; x_wconf 87' lang='lat' dir='ltr'><strong>atque</strong></span> <span class='ocrx_word' id='word_1_35' title='bbox 1256 319 1485 370; x_wconf 76' lang='lat' dir='ltr'><strong>tempestiue</strong></span> <span class='ocrx_word' id='word_1_36' title='bbox 1500 319 1624 368; x_wconf 90' lang='lat' dir='ltr'><strong>(quod</strong></span> <span class='ocrx_word' id='word_1_37' title='bbox 1640 317 1789 356; x_wconf 88' lang='lat' dir='ltr'><strong>dictum</strong></span> <span class='ocrx_word' id='word_1_38' title='bbox 1804 315 2090 353; x_wconf 84' lang='lat' dir='ltr'>adolescentiae</span> 
     </span>
     <span class='ocr_line' id='line_1_5' title="bbox 153 370 2086 424; baseline -0.005 -10"><span class='ocrx_word' id='word_1_39' title='bbox 153 377 262 424; x_wconf 86' lang='lat' dir='ltr'><strong>volo)</strong></span> <span class='ocrx_word' id='word_1_40' title='bbox 306 374 479 413; x_wconf 90' lang='lat' dir='ltr'><strong>eruditus</strong></span> <span class='ocrx_word' id='word_1_41' title='bbox 514 373 577 412; x_wconf 88' lang='lat' dir='ltr'><strong>ille</strong></span> <span class='ocrx_word' id='word_1_42' title='bbox 613 373 672 412; x_wconf 91' lang='lat' dir='ltr'><strong>vir</strong></span> <span class='ocrx_word' id='word_1_43' title='bbox 699 375 909 412; x_wconf 89' lang='lat' dir='ltr'><strong>obseruato</strong></span> <span class='ocrx_word' id='word_1_44' title='bbox 938 373 1094 424; x_wconf 82' lang='lat' dir='ltr'><strong>ingenio</strong></span> <span class='ocrx_word' id='word_1_45' title='bbox 1123 386 1213 411; x_wconf 85' lang='lat' dir='ltr'><strong>mco</strong></span> <span class='ocrx_word' id='word_1_46' title='bbox 1242 372 1437 412; x_wconf 89' lang='lat' dir='ltr'><strong>consuluit</strong></span> <span class='ocrx_word' id='word_1_47' title='bbox 1465 371 1559 410; x_wconf 90' lang='lat' dir='ltr'><strong>mihi</strong></span> <span class='ocrx_word' id='word_1_48' title='bbox 1587 372 1636 409; x_wconf 89' lang='lat' dir='ltr'><strong>de</strong></span> <span class='ocrx_word' id='word_1_49' title='bbox 1663 370 1880 408; x_wconf 87' lang='lat' dir='ltr'><strong>studiorum</strong></span> <span class='ocrx_word' id='word_1_50' title='bbox 1909 380 2086 406; x_wconf 90' lang='lat' dir='ltr'><strong>meorum</strong></span> 
     </span>
     <span class='ocr_line' id='line_1_6' title="bbox 153 421 2086 478; baseline -0.004 -12"><span class='ocrx_word' id='word_1_51' title='bbox 153 435 236 467; x_wconf 84' lang='lat' dir='ltr'><strong>tota</strong></span> <span class='ocrx_word' id='word_1_52' title='bbox 263 428 434 478; x_wconf 87' lang='lat' dir='ltr'><strong>ratione,</strong></span> <span class='ocrx_word' id='word_1_53' title='bbox 462 427 597 465; x_wconf 90' lang='lat' dir='ltr'><strong>dicens</strong></span> <span class='ocrx_word' id='word_1_54' title='bbox 623 427 757 465; x_wconf 89' lang='lat' dir='ltr'><strong>videre</strong></span> <span class='ocrx_word' id='word_1_55' title='bbox 785 439 825 464; x_wconf 90' lang='lat' dir='ltr'><strong>se</strong></span> <span class='ocrx_word' id='word_1_56' title='bbox 856 429 974 476; x_wconf 75' lang='lat' dir='ltr'><strong>quam</strong></span> <span class='ocrx_word' id='word_1_57' title='bbox 1004 429 1144 465; x_wconf 88' lang='lat' dir='ltr'><strong>multas</strong></span> <span class='ocrx_word' id='word_1_58' title='bbox 1172 428 1207 465; x_wconf 87' lang='lat'>&amp;</span> <span class='ocrx_word' id='word_1_59' title='bbox 1236 426 1358 465; x_wconf 84' lang='lat' dir='ltr'><strong>varias</strong></span> <span class='ocrx_word' id='word_1_60' title='bbox 1386 425 1572 465; x_wconf 89' lang='lat' dir='ltr'><strong>lectiones</strong></span> <span class='ocrx_word' id='word_1_61' title='bbox 1598 423 1837 461; x_wconf 83' lang='lat' dir='ltr'>instituerem</span> <span class='ocrx_word' id='word_1_62' title='bbox 1860 421 1941 460; x_wconf 89' lang='lat' dir='ltr'><strong>sinc</strong></span> <span class='ocrx_word' id='word_1_63' title='bbox 1965 423 2086 460; x_wconf 89' lang='lat' dir='ltr'><strong>modo</strong></span> 
     </span>
     <span class='ocr_line' id='line_1_7' title="bbox 154 476 2086 530; baseline -0.004 -12"><span class='ocrx_word' id='word_1_64' title='bbox 154 483 189 520; x_wconf 70' lang='grc' dir='ltr'><strong>δε</strong></span> <span class='ocrx_word' id='word_1_65' title='bbox 218 481 301 519; x_wconf 91' lang='lat' dir='ltr'><strong>sine</strong></span> <span class='ocrx_word' id='word_1_66' title='bbox 329 482 428 519; x_wconf 89' lang='lat' dir='ltr'><strong>fine:</strong></span> <span class='ocrx_word' id='word_1_67' title='bbox 457 486 658 530; x_wconf 87' lang='lat' dir='ltr'><strong>expertum</strong></span> <span class='ocrx_word' id='word_1_68' title='bbox 686 493 726 518; x_wconf 88' lang='lat' dir='ltr'><strong>se</strong></span> <span class='ocrx_word' id='word_1_69' title='bbox 755 493 899 529; x_wconf 84' lang='lat' dir='ltr'><strong>magno</strong></span> <span class='ocrx_word' id='word_1_70' title='bbox 924 481 1028 518; x_wconf 89' lang='lat' dir='ltr'><strong>malo</strong></span> <span class='ocrx_word' id='word_1_71' title='bbox 1044 480 1247 530; x_wconf 89' lang='lat' dir='ltr'><strong>suo,mihi</strong></span> <span class='ocrx_word' id='word_1_72' title='bbox 1263 487 1463 518; x_wconf 87' lang='lat' dir='ltr'><strong>auctorem</strong></span> <span class='ocrx_word' id='word_1_73' title='bbox 1492 490 1592 525; x_wconf 88' lang='lat' dir='ltr'><strong>esse,</strong></span> <span class='ocrx_word' id='word_1_74' title='bbox 1622 484 1662 514; x_wconf 87' lang='lat' dir='ltr'><strong>vt</strong></span> <span class='ocrx_word' id='word_1_75' title='bbox 1678 476 1780 514; x_wconf 86' lang='lat' dir='ltr'><strong>idne</strong></span> <span class='ocrx_word' id='word_1_76' title='bbox 1795 477 1964 513; x_wconf 88' lang='lat' dir='ltr'><strong>facerem</strong></span> <span class='ocrx_word' id='word_1_77' title='bbox 1982 488 1989 511; x_wconf 92' lang='lat'>:</span> <span class='ocrx_word' id='word_1_78' title='bbox 2007 477 2086 512; x_wconf 79' lang='lat' dir='ltr'><strong>non</strong></span> 
     </span>
     <span class='ocr_line' id='line_1_8' title="bbox 153 527 2087 584; baseline -0.004 -12"><span class='ocrx_word' id='word_1_79' title='bbox 153 547 294 584; x_wconf 87' lang='lat' dir='ltr'><strong>nempe</strong></span> <span class='ocrx_word' id='word_1_80' title='bbox 320 532 443 571; x_wconf 87' lang='lat' dir='ltr'><strong>iuuari</strong></span> <span class='ocrx_word' id='word_1_81' title='bbox 470 533 548 571; x_wconf 93' lang='lat' dir='ltr'><strong>hoc</strong></span> <span class='ocrx_word' id='word_1_82' title='bbox 576 540 714 583; x_wconf 88' lang='lat' dir='ltr'><strong>pacto,</strong></span> <span class='ocrx_word' id='word_1_83' title='bbox 741 534 811 571; x_wconf 91' lang='lat' dir='ltr'><strong>sed</strong></span> <span class='ocrx_word' id='word_1_84' title='bbox 838 533 1057 583; x_wconf 90' lang='lat' dir='ltr'><strong>perturbari</strong></span> <span class='ocrx_word' id='word_1_85' title='bbox 1083 532 1229 582; x_wconf 86' lang='lat' dir='ltr'><strong>studia,</strong></span> <span class='ocrx_word' id='word_1_86' title='bbox 1257 535 1293 572; x_wconf 69' lang='grc' dir='ltr'><strong>δε</strong></span> <span class='ocrx_word' id='word_1_87' title='bbox 1323 531 1478 583; x_wconf 87' lang='lat' dir='ltr'><strong>ingenia</strong></span> <span class='ocrx_word' id='word_1_88' title='bbox 1493 530 1625 570; x_wconf 89' lang='lat' dir='ltr'><strong>obrui:</strong></span> <span class='ocrx_word' id='word_1_89' title='bbox 1642 529 1681 567; x_wconf 83' lang='lat' dir='ltr'><strong>id</strong></span> <span class='ocrx_word' id='word_1_90' title='bbox 1705 527 1798 566; x_wconf 91' lang='lat' dir='ltr'><strong>mihi</strong></span> <span class='ocrx_word' id='word_1_91' title='bbox 1810 527 1938 577; x_wconf 91' lang='lat' dir='ltr'><strong>potius</strong></span> <span class='ocrx_word' id='word_1_92' title='bbox 1952 539 2087 565; x_wconf 85' lang='lat' dir='ltr'><strong>curan-</strong></span> 
     </span>
     <span class='ocr_line' id='line_1_9' title="bbox 154 580 2088 637; baseline -0.004 -12"><span class='ocrx_word' id='word_1_93' title='bbox 154 588 248 625; x_wconf 90' lang='lat' dir='ltr'><strong>dum</strong></span> <span class='ocrx_word' id='word_1_94' title='bbox 289 599 395 637; x_wconf 90' lang='lat' dir='ltr'><strong>esse,</strong></span> <span class='ocrx_word' id='word_1_95' title='bbox 424 592 464 624; x_wconf 93' lang='lat' dir='ltr'><strong>vt</strong></span> <span class='ocrx_word' id='word_1_96' title='bbox 491 591 640 624; x_wconf 89' lang='lat' dir='ltr'><strong>certum</strong></span> <span class='ocrx_word' id='word_1_97' title='bbox 667 586 835 635; x_wconf 79' lang='lat' dir='ltr'>aliquem</span> <span class='ocrx_word' id='word_1_98' title='bbox 865 586 1081 625; x_wconf 89' lang='lat' dir='ltr'><strong>studiorum</strong></span> <span class='ocrx_word' id='word_1_99' title='bbox 1110 598 1288 624; x_wconf 87' lang='lat' dir='ltr'><strong>meorum</strong></span> <span class='ocrx_word' id='word_1_100' title='bbox 1315 597 1480 636; x_wconf 88' lang='lat' dir='ltr'><strong>scopum</strong></span> <span class='ocrx_word' id='word_1_101' title='bbox 1508 590 1597 622; x_wconf 86' lang='lat' dir='ltr'><strong>ante</strong></span> <span class='ocrx_word' id='word_1_102' title='bbox 1626 583 1763 621; x_wconf 87' lang='lat' dir='ltr'><strong>oculos</strong></span> <span class='ocrx_word' id='word_1_103' title='bbox 1790 593 1978 630; x_wconf 84' lang='lat' dir='ltr'><strong>ponerem</strong></span> <span class='ocrx_word' id='word_1_104' title='bbox 2006 580 2088 630; x_wconf 89' lang='lat' dir='ltr'><strong>ipse</strong></span> 
     </span>
     <span class='ocr_line' id='line_1_10' title="bbox 154 633 2088 690; baseline -0.004 -13"><span class='ocrx_word' id='word_1_105' title='bbox 154 639 266 690; x_wconf 92' lang='lat' dir='ltr'><strong>mihi,</strong></span> <span class='ocrx_word' id='word_1_106' title='bbox 308 639 347 677; x_wconf 92' lang='lat' dir='ltr'><strong>in</strong></span> <span class='ocrx_word' id='word_1_107' title='bbox 382 650 498 689; x_wconf 87' lang='lat' dir='ltr'><strong>quem</strong></span> <span class='ocrx_word' id='word_1_108' title='bbox 540 639 653 677; x_wconf 81' lang='lat' dir='ltr'><strong>vnice</strong></span> <span class='ocrx_word' id='word_1_109' title='bbox 695 641 731 678; x_wconf 59' lang='grc' dir='ltr'>ἃ</span> <span class='ocrx_word' id='word_1_110' title='bbox 773 652 924 689; x_wconf 82' lang='lat' dir='ltr'><strong>semper</strong></span> <span class='ocrx_word' id='word_1_111' title='bbox 953 639 1215 690; x_wconf 68' lang='lat' dir='ltr'><strong>collimarent,</strong></span> <span class='ocrx_word' id='word_1_112' title='bbox 1250 641 1339 678; x_wconf 77' lang='lat' dir='ltr'><strong>cum</strong></span> <span class='ocrx_word' id='word_1_113' title='bbox 1369 638 1552 677; x_wconf 91' lang='lat' dir='ltr'><strong>omnibus</strong></span> <span class='ocrx_word' id='word_1_114' title='bbox 1581 636 1696 675; x_wconf 88' lang='lat' dir='ltr'><strong>simul</strong></span> <span class='ocrx_word' id='word_1_115' title='bbox 1725 633 1858 673; x_wconf 85' lang='lat' dir='ltr'><strong>studiis</strong></span> <span class='ocrx_word' id='word_1_116' title='bbox 1887 646 1961 671; x_wconf 92' lang='lat' dir='ltr'><strong>nec</strong></span> <span class='ocrx_word' id='word_1_117' title='bbox 1989 634 2088 683; x_wconf 79' lang='lat' dir='ltr'><strong>vita,</strong></span> 
     </span>
     <span class='ocr_line' id='line_1_11' title="bbox 153 686 2086 741; baseline -0.004 -11"><span class='ocrx_word' id='word_1_118' title='bbox 153 704 228 731; x_wconf 91' lang='lat' dir='ltr'><strong>nec</strong></span> <span class='ocrx_word' id='word_1_119' title='bbox 268 705 377 731; x_wconf 89' lang='lat' dir='ltr'><strong>mens</strong></span> <span class='ocrx_word' id='word_1_120' title='bbox 418 693 587 730; x_wconf 90' lang='lat' dir='ltr'><strong>humana</strong></span> <span class='ocrx_word' id='word_1_121' title='bbox 627 699 743 741; x_wconf 85' lang='lat' dir='ltr'><strong>queat</strong></span> <span class='ocrx_word' id='word_1_122' title='bbox 783 693 978 731; x_wconf 87' lang='lat' dir='ltr'><strong>sufficere:</strong></span> <span class='ocrx_word' id='word_1_123' title='bbox 1019 692 1092 730; x_wconf 85' lang='lat' dir='ltr'><strong>alia</strong></span> <span class='ocrx_word' id='word_1_124' title='bbox 1119 695 1213 731; x_wconf 81' lang='lat' dir='ltr'><strong>vero</strong></span> <span class='ocrx_word' id='word_1_125' title='bbox 1241 692 1367 730; x_wconf 87' lang='lat' dir='ltr'><strong>studia</strong></span> <span class='ocrx_word' id='word_1_126' title='bbox 1394 693 1429 730; x_wconf 82' lang='lat'>&amp;</span> <span class='ocrx_word' id='word_1_127' title='bbox 1456 689 1612 729; x_wconf 88' lang='lat' dir='ltr'><strong>alterius</strong></span> <span class='ocrx_word' id='word_1_128' title='bbox 1638 686 1856 739; x_wconf 86' lang='lat' dir='ltr'><strong>argumenti</strong></span> <span class='ocrx_word' id='word_1_129' title='bbox 1882 686 2004 724; x_wconf 91' lang='lat' dir='ltr'><strong>libros</strong></span> <span class='ocrx_word' id='word_1_130' title='bbox 2031 686 2086 724; x_wconf 87' lang='lat' dir='ltr'><strong>sic</strong></span> 
     </span>
     <span class='ocr_line' id='line_1_12' title="bbox 153 741 2087 795; baseline -0.004 -12"><span class='ocrx_word' id='word_1_131' title='bbox 153 751 380 795; x_wconf 88' lang='lat' dir='ltr'><strong>tractarem,</strong></span> <span class='ocrx_word' id='word_1_132' title='bbox 407 752 448 783; x_wconf 91' lang='lat' dir='ltr'><strong>vt</strong></span> <span class='ocrx_word' id='word_1_133' title='bbox 471 744 720 784; x_wconf 85' lang='lat' dir='ltr'><strong>ancillaturos</strong></span> <span class='ocrx_word' id='word_1_134' title='bbox 749 745 843 784; x_wconf 91' lang='lat' dir='ltr'><strong>mihi</strong></span> <span class='ocrx_word' id='word_1_135' title='bbox 869 745 919 783; x_wconf 89' lang='lat' dir='ltr'><strong>ad</strong></span> <span class='ocrx_word' id='word_1_136' title='bbox 947 757 1111 795; x_wconf 88' lang='lat' dir='ltr'><strong>scopum</strong></span> <span class='ocrx_word' id='word_1_137' title='bbox 1141 756 1272 783; x_wconf 86' lang='lat' dir='ltr'><strong>meum</strong></span> <span class='ocrx_word' id='word_1_138' title='bbox 1301 743 1567 784; x_wconf 81' lang='lat' dir='ltr'><strong>contendenti.</strong></span> <span class='ocrx_word' id='word_1_139' title='bbox 1608 744 1702 780; x_wconf 91' lang='lat' dir='ltr'><strong>Hoc</strong></span> <span class='ocrx_word' id='word_1_140' title='bbox 1717 753 1790 791; x_wconf 87' lang='lat' dir='ltr'><strong>ego</strong></span> <span class='ocrx_word' id='word_1_141' title='bbox 1806 741 2087 778; x_wconf 89' lang='lat' dir='ltr'><strong>documentum</strong></span> 
     </span>
     <span class='ocr_line' id='line_1_13' title="bbox 153 792 2087 849; baseline -0.004 -13"><span class='ocrx_word' id='word_1_142' title='bbox 153 797 280 848; x_wconf 84' lang='lat' dir='ltr'><strong>reipsa</strong></span> <span class='ocrx_word' id='word_1_143' title='bbox 307 798 483 849; x_wconf 90' lang='lat' dir='ltr'><strong>comperi</strong></span> <span class='ocrx_word' id='word_1_144' title='bbox 510 798 548 836; x_wconf 92' lang='lat' dir='ltr'><strong>in</strong></span> <span class='ocrx_word' id='word_1_145' title='bbox 572 805 655 837; x_wconf 90' lang='lat' dir='ltr'><strong>tota</strong></span> <span class='ocrx_word' id='word_1_146' title='bbox 682 798 761 837; x_wconf 86' lang='lat' dir='ltr'><strong>vita</strong></span> <span class='ocrx_word' id='word_1_147' title='bbox 787 799 963 848; x_wconf 88' lang='lat' dir='ltr'><strong>perutile.</strong></span> <span class='ocrx_word' id='word_1_148' title='bbox 1001 799 1078 836; x_wconf 88' lang='lat' dir='ltr'><strong>Sed</strong></span> <span class='ocrx_word' id='word_1_149' title='bbox 1107 798 1145 836; x_wconf 91' lang='lat' dir='ltr'><strong>in</strong></span> <span class='ocrx_word' id='word_1_150' title='bbox 1173 799 1232 837; x_wconf 91' lang='lat' dir='ltr'><strong>his</strong></span> <span class='ocrx_word' id='word_1_151' title='bbox 1261 806 1393 837; x_wconf 88' lang='lat' dir='ltr'><strong>tamen</strong></span> <span class='ocrx_word' id='word_1_152' title='bbox 1415 795 1614 848; x_wconf 86' lang='lat' dir='ltr'><strong>principiis</strong></span> <span class='ocrx_word' id='word_1_153' title='bbox 1644 796 1723 833; x_wconf 88' lang='lat' dir='ltr'><strong>duo</strong></span> <span class='ocrx_word' id='word_1_154' title='bbox 1751 792 1967 844; x_wconf 87' lang='lat' dir='ltr'><strong>grauissimi</strong></span> <span class='ocrx_word' id='word_1_155' title='bbox 1990 792 2087 842; x_wconf 87' lang='lat' dir='ltr'><strong>peri-</strong></span> 
     </span>
     <span class='ocr_line' id='line_1_14' title="bbox 155 846 2086 902; baseline -0.003 -13"><span class='ocrx_word' id='word_1_156' title='bbox 155 850 428 902; x_wconf 90' lang='lat' dir='ltr'><strong>culosissimiq.</strong></span> <span class='ocrx_word' id='word_1_157' title='bbox 451 851 601 901; x_wconf 87' lang='lat' dir='ltr'><strong>scopuli</strong></span> <span class='ocrx_word' id='word_1_158' title='bbox 629 852 875 890; x_wconf 84' lang='lat' dir='ltr'><strong>offenderunt</strong></span> <span class='ocrx_word' id='word_1_159' title='bbox 903 851 1208 890; x_wconf 85' lang='lat' dir='ltr'><strong>adolescentiam</strong></span> <span class='ocrx_word' id='word_1_160' title='bbox 1238 857 1383 890; x_wconf 83' lang='lat' dir='ltr'><strong>meam:</strong></span> <span class='ocrx_word' id='word_1_161' title='bbox 1408 861 1575 900; x_wconf 91' lang='lat' dir='ltr'><strong>quorum</strong></span> <span class='ocrx_word' id='word_1_162' title='bbox 1603 850 1725 886; x_wconf 88' lang='lat' dir='ltr'><strong>altero</strong></span> <span class='ocrx_word' id='word_1_163' title='bbox 1740 847 1928 896; x_wconf 77' lang='lat' dir='ltr'><strong>perualde</strong></span> <span class='ocrx_word' id='word_1_164' title='bbox 1944 846 2086 884; x_wconf 87' lang='lat' dir='ltr'><strong>exerci-</strong></span> 
     </span>
     <span class='ocr_line' id='line_1_15' title="bbox 155 899 2088 955; baseline -0.004 -12"><span class='ocrx_word' id='word_1_165' title='bbox 155 911 257 944; x_wconf 88' lang='lat' dir='ltr'><strong>tatus</strong></span> <span class='ocrx_word' id='word_1_166' title='bbox 298 916 403 951; x_wconf 84' lang='lat' dir='ltr'><strong>sum,</strong></span> <span class='ocrx_word' id='word_1_167' title='bbox 445 907 568 943; x_wconf 90' lang='lat' dir='ltr'><strong>altero</strong></span> <span class='ocrx_word' id='word_1_168' title='bbox 609 907 710 955; x_wconf 82' lang='lat' dir='ltr'><strong>pene</strong></span> <span class='ocrx_word' id='word_1_169' title='bbox 745 916 968 954; x_wconf 86' lang='lat' dir='ltr'><strong>oppressus.</strong></span> <span class='ocrx_word' id='word_1_170' title='bbox 1008 905 1108 942; x_wconf 91' lang='lat' dir='ltr'><strong>Nam</strong></span> <span class='ocrx_word' id='word_1_171' title='bbox 1155 906 1211 952; x_wconf 89' lang='lat' dir='ltr'><strong>(vt</strong></span> <span class='ocrx_word' id='word_1_172' title='bbox 1238 904 1407 942; x_wconf 85' lang='lat' dir='ltr'><strong>maxima</strong></span> <span class='ocrx_word' id='word_1_173' title='bbox 1435 910 1493 941; x_wconf 91' lang='lat' dir='ltr'><strong>est</strong></span> <span class='ocrx_word' id='word_1_174' title='bbox 1522 902 1622 940; x_wconf 92' lang='lat' dir='ltr'><strong>illius</strong></span> <span class='ocrx_word' id='word_1_175' title='bbox 1649 900 1754 939; x_wconf 89' lang='lat' dir='ltr'><strong>vrbis</strong></span> <span class='ocrx_word' id='word_1_176' title='bbox 1783 901 1818 937; x_wconf 83' lang='lat'>&amp;</span> <span class='ocrx_word' id='word_1_177' title='bbox 1847 899 2088 937; x_wconf 91' lang='lat' dir='ltr'><strong>incredibilis</strong></span> 
     </span>
     <span class='ocr_line' id='line_1_16' title="bbox 155 952 2089 1008; baseline -0.003 -13"><span class='ocrx_word' id='word_1_178' title='bbox 155 960 272 1008; x_wconf 88' lang='lat' dir='ltr'><strong>plane</strong></span> <span class='ocrx_word' id='word_1_179' title='bbox 311 957 483 1007; x_wconf 87' lang='lat' dir='ltr'><strong>licentia)</strong></span> <span class='ocrx_word' id='word_1_180' title='bbox 512 959 703 997; x_wconf 88' lang='lat' dir='ltr'><strong>faeminae</strong></span> <span class='ocrx_word' id='word_1_181' title='bbox 731 959 767 995; x_wconf 87' lang='lat'>&amp;</span> <span class='ocrx_word' id='word_1_182' title='bbox 793 959 947 1007; x_wconf 91' lang='lat' dir='ltr'><strong>puellae</strong></span> <span class='ocrx_word' id='word_1_183' title='bbox 973 957 1141 1006; x_wconf 86' lang='lat' dir='ltr'><strong>aliquot,</strong></span> <span class='ocrx_word' id='word_1_184' title='bbox 1170 961 1214 1006; x_wconf 80' lang='grc' dir='ltr'><strong>τῇ</strong></span> <span class='ocrx_word' id='word_1_185' title='bbox 1241 958 1421 1007; x_wconf 75' lang='grc' dir='ltr'><strong>ἀναιδείᾳ</strong></span> <span class='ocrx_word' id='word_1_186' title='bbox 1449 956 1623 1005; x_wconf 84' lang='lat' dir='ltr'><strong>litantes,</strong></span> <span class='ocrx_word' id='word_1_187' title='bbox 1652 955 1818 992; x_wconf 84' lang='lat' dir='ltr'><strong>ruebant</strong></span> <span class='ocrx_word' id='word_1_188' title='bbox 1846 952 2021 990; x_wconf 81' lang='lat' dir='ltr'><strong>certatim</strong></span> <span class='ocrx_word' id='word_1_189' title='bbox 2050 952 2089 989; x_wconf 91' lang='lat' dir='ltr'><strong>in</strong></span> 
     </span>
     <span class='ocr_line' id='line_1_17' title="bbox 155 1005 2089 1062; baseline -0.004 -13"><span class='ocrx_word' id='word_1_190' title='bbox 155 1023 239 1062; x_wconf 87' lang='lat' dir='ltr'><strong>me,</strong></span> <span class='ocrx_word' id='word_1_191' title='bbox 268 1017 309 1049; x_wconf 90' lang='lat' dir='ltr'><strong>vt</strong></span> <span class='ocrx_word' id='word_1_192' title='bbox 335 1023 464 1049; x_wconf 89' lang='lat' dir='ltr'><strong>meam</strong></span> <span class='ocrx_word' id='word_1_193' title='bbox 485 1018 650 1050; x_wconf 87' lang='lat' dir='ltr'><strong>aetatem</strong></span> <span class='ocrx_word' id='word_1_194' title='bbox 674 1010 1201 1060; x_wconf 83' lang='lat' dir='ltr'><strong>corrumperentzi‘dq.eorum</strong></span> <span class='ocrx_word' id='word_1_195' title='bbox 1223 1010 1397 1059; x_wconf 88' lang='lat' dir='ltr'><strong>ipsorum</strong></span> <span class='ocrx_word' id='word_1_196' title='bbox 1426 1008 1611 1057; x_wconf 87' lang='lat' dir='ltr'><strong>consilio,</strong></span> <span class='ocrx_word' id='word_1_197' title='bbox 1633 1009 1655 1044; x_wconf 77' lang='lat' dir='ltr'><strong>a</strong></span> <span class='ocrx_word' id='word_1_198' title='bbox 1678 1007 1818 1056; x_wconf 90' lang='lat' dir='ltr'><strong>quibus</strong></span> <span class='ocrx_word' id='word_1_199' title='bbox 1833 1005 1928 1043; x_wconf 85' lang='lat' dir='ltr'><strong>mihi</strong></span> <span class='ocrx_word' id='word_1_200' title='bbox 1942 1005 2089 1055; x_wconf 78' lang='lat' dir='ltr'><strong>optime</strong></span> 
     </span>
     <span class='ocr_line' id='line_1_18' title="bbox 155 1058 2089 1114; baseline -0.004 -12"><span class='ocrx_word' id='word_1_201' title='bbox 155 1064 378 1103; x_wconf 89' lang='lat' dir='ltr'><strong>consultum</strong></span> <span class='ocrx_word' id='word_1_202' title='bbox 405 1063 451 1102; x_wconf 92' lang='lat' dir='ltr'><strong>iri</strong></span> <span class='ocrx_word' id='word_1_203' title='bbox 488 1065 713 1102; x_wconf 90' lang='lat' dir='ltr'><strong>confidebat</strong></span> <span class='ocrx_word' id='word_1_204' title='bbox 740 1070 863 1114; x_wconf 87' lang='lat' dir='ltr'><strong>pater.</strong></span> <span class='ocrx_word' id='word_1_205' title='bbox 891 1065 935 1101; x_wconf 92' lang='lat' dir='ltr'><strong>In</strong></span> <span class='ocrx_word' id='word_1_206' title='bbox 964 1064 1105 1101; x_wconf 91' lang='lat' dir='ltr'><strong>horum</strong></span> <span class='ocrx_word' id='word_1_207' title='bbox 1133 1073 1296 1100; x_wconf 90' lang='lat' dir='ltr'><strong>numero</strong></span> <span class='ocrx_word' id='word_1_208' title='bbox 1325 1062 1435 1100; x_wconf 82' lang='lat' dir='ltr'><strong>facile</strong></span> <span class='ocrx_word' id='word_1_209' title='bbox 1464 1061 1646 1111; x_wconf 87' lang='lat' dir='ltr'><strong>princeps</strong></span> <span class='ocrx_word' id='word_1_210' title='bbox 1675 1060 1834 1109; x_wconf 88' lang='lat' dir='ltr'><strong>quidam</strong></span> <span class='ocrx_word' id='word_1_211' title='bbox 1862 1058 1956 1096; x_wconf 91' lang='lat' dir='ltr'>nihil</span> <span class='ocrx_word' id='word_1_212' title='bbox 1983 1058 2089 1096; x_wconf 86' lang='lat' dir='ltr'><strong>dissi-</strong></span> 
     </span>
     <span class='ocr_line' id='line_1_19' title="bbox 156 1115 2090 1168; baseline -0.004 -12"><span class='ocrx_word' id='word_1_213' title='bbox 156 1119 330 1168; x_wconf 88' lang='lat' dir='ltr'><strong>mulans,</strong></span> <span class='ocrx_word' id='word_1_214' title='bbox 371 1117 619 1167; x_wconf 82' lang='lat' dir='ltr'><strong>impudenter</strong></span> <span class='ocrx_word' id='word_1_215' title='bbox 652 1117 886 1167; x_wconf 87' lang='lat' dir='ltr'><strong>obiurgabat</strong></span> <span class='ocrx_word' id='word_1_216' title='bbox 914 1129 976 1154; x_wconf 92' lang='lat' dir='ltr'><strong>me</strong></span> <span class='ocrx_word' id='word_1_217' title='bbox 1017 1115 1212 1166; x_wconf 89' lang='lat' dir='ltr'><strong>quotidie,</strong></span> <span class='ocrx_word' id='word_1_218' title='bbox 1254 1116 1453 1153; x_wconf 87' lang='lat' dir='ltr'><strong>affirmans</strong></span> <span class='ocrx_word' id='word_1_219' title='bbox 1492 1126 1692 1163; x_wconf 87' lang='lat' dir='ltr'><strong>nunquam</strong></span> <span class='ocrx_word' id='word_1_220' title='bbox 1736 1125 1799 1150; x_wconf 89' lang='lat' dir='ltr'><strong>me</strong></span> <span class='ocrx_word' id='word_1_221' title='bbox 1840 1124 1995 1150; x_wconf 90' lang='lat' dir='ltr'><strong>comem</strong></span> <span class='ocrx_word' id='word_1_222' title='bbox 2024 1119 2090 1149; x_wconf 88' lang='lat' dir='ltr'><strong>aut</strong></span> 
     </span>
     <span class='ocr_line' id='line_1_20' title="bbox 156 1164 2089 1220; baseline -0.004 -11"><span class='ocrx_word' id='word_1_223' title='bbox 156 1171 347 1209; x_wconf 91' lang='lat' dir='ltr'><strong>vrbanum</strong></span> <span class='ocrx_word' id='word_1_224' title='bbox 388 1171 493 1220; x_wconf 84' lang='lat' dir='ltr'><strong>fore,</strong></span> <span class='ocrx_word' id='word_1_225' title='bbox 535 1170 662 1208; x_wconf 89' lang='lat' dir='ltr'><strong>donec</strong></span> <span class='ocrx_word' id='word_1_226' title='bbox 703 1182 863 1220; x_wconf 84' lang='lat' dir='ltr'><strong>operam</strong></span> <span class='ocrx_word' id='word_1_227' title='bbox 903 1170 996 1207; x_wconf 89' lang='lat' dir='ltr'><strong>dare</strong></span> <span class='ocrx_word' id='word_1_228' title='bbox 1037 1168 1254 1218; x_wconf 84' lang='lat' dir='ltr'><strong>coepissem</strong></span> <span class='ocrx_word' id='word_1_229' title='bbox 1297 1170 1354 1216; x_wconf 87' lang='lat' dir='ltr'><strong>(vt</strong></span> <span class='ocrx_word' id='word_1_230' title='bbox 1388 1167 1516 1206; x_wconf 88' lang='lat' dir='ltr'><strong>aiebat</strong></span> <span class='ocrx_word' id='word_1_231' title='bbox 1543 1167 1621 1215; x_wconf 91' lang='lat' dir='ltr'><strong>ille)</strong></span> <span class='ocrx_word' id='word_1_232' title='bbox 1650 1165 1869 1215; x_wconf 86' lang='lat' dir='ltr'><strong>amoribus,</strong></span> <span class='ocrx_word' id='word_1_233' title='bbox 1897 1166 1933 1203; x_wconf 61' lang='grc' dir='ltr'><strong>ὃς</strong></span> <span class='ocrx_word' id='word_1_234' title='bbox 1961 1164 2089 1202; x_wconf 90' lang='lat' dir='ltr'><strong>multis</strong></span> 
     </span>
     <span class='ocr_line' id='line_1_21' title="bbox 157 1218 2089 1273; baseline -0.004 -11"><span class='ocrx_word' id='word_1_235' title='bbox 157 1223 426 1273; x_wconf 74' lang='lat' dir='ltr'><strong>sermonibus,</strong></span> <span class='ocrx_word' id='word_1_236' title='bbox 454 1223 677 1272; x_wconf 79' lang='lat' dir='ltr'><strong>artibuSque</strong></span> <span class='ocrx_word' id='word_1_237' title='bbox 704 1222 743 1260; x_wconf 92' lang='lat' dir='ltr'><strong>in</strong></span> <span class='ocrx_word' id='word_1_238' title='bbox 771 1222 1033 1272; x_wconf 85' lang='lat' dir='ltr'><strong>perditionem</strong></span> <span class='ocrx_word' id='word_1_239' title='bbox 1061 1222 1232 1260; x_wconf 89' lang='lat' dir='ltr'><strong>animam</strong></span> <span class='ocrx_word' id='word_1_240' title='bbox 1261 1234 1389 1259; x_wconf 89' lang='lat' dir='ltr'><strong>meam</strong></span> <span class='ocrx_word' id='word_1_241' title='bbox 1417 1220 1791 1268; x_wconf 88' lang='lat' dir='ltr'><strong>sollicitans.Itaque</strong></span> <span class='ocrx_word' id='word_1_242' title='bbox 1807 1218 2089 1255; x_wconf 84' lang='lat' dir='ltr'><strong>dies&amp;noctes</strong></span> 
     </span>
     <span class='ocr_line' id='line_1_22' title="bbox 155 1271 2089 1327; baseline -0.004 -12"><span class='ocrx_word' id='word_1_243' title='bbox 155 1277 394 1327; x_wconf 88' lang='lat' dir='ltr'><strong>appetebant</strong></span> <span class='ocrx_word' id='word_1_244' title='bbox 421 1289 538 1314; x_wconf 88' lang='lat' dir='ltr'><strong>canes</strong></span> <span class='ocrx_word' id='word_1_245' title='bbox 567 1275 654 1314; x_wconf 89' lang='lat' dir='ltr'><strong>illae</strong></span> <span class='ocrx_word' id='word_1_246' title='bbox 680 1275 920 1325; x_wconf 81' lang='lat' dir='ltr'><strong>promiscue,</strong></span> <span class='ocrx_word' id='word_1_247' title='bbox 949 1274 1126 1313; x_wconf 91' lang='lat' dir='ltr'><strong>nescium</strong></span> <span class='ocrx_word' id='word_1_248' title='bbox 1153 1274 1248 1324; x_wconf 88' lang='lat' dir='ltr'><strong>quid</strong></span> <span class='ocrx_word' id='word_1_249' title='bbox 1263 1273 1336 1312; x_wconf 88' lang='lat' dir='ltr'><strong>sibi</strong></span> <span class='ocrx_word' id='word_1_250' title='bbox 1351 1275 1514 1324; x_wconf 89' lang='lat' dir='ltr'><strong>vellent,</strong></span> <span class='ocrx_word' id='word_1_251' title='bbox 1531 1274 1567 1312; x_wconf 69' lang='grc' dir='ltr'><strong>δε</strong></span> <span class='ocrx_word' id='word_1_252' title='bbox 1582 1271 1781 1323; x_wconf 87' lang='lat' dir='ltr'><strong>grauitatis</strong></span> <span class='ocrx_word' id='word_1_253' title='bbox 1797 1272 2089 1319; x_wconf 76' lang='lat' dir='ltr'><strong>honestatisque</strong></span> 
     </span>
     <span class='ocr_line' id='line_1_23' title="bbox 155 1323 2088 1379; baseline -0.004 -11"><span class='ocrx_word' id='word_1_254' title='bbox 155 1330 277 1378; x_wconf 88' lang='lat' dir='ltr'><strong>illius,</strong></span> <span class='ocrx_word' id='word_1_255' title='bbox 304 1341 421 1379; x_wconf 91' lang='lat' dir='ltr'><strong>quam</strong></span> <span class='ocrx_word' id='word_1_256' title='bbox 447 1329 487 1367; x_wconf 92' lang='lat' dir='ltr'><strong>in</strong></span> <span class='ocrx_word' id='word_1_257' title='bbox 515 1330 637 1367; x_wconf 91' lang='lat' dir='ltr'><strong>domo</strong></span> <span class='ocrx_word' id='word_1_258' title='bbox 665 1335 828 1378; x_wconf 89' lang='lat' dir='ltr'><strong>paterna</strong></span> <span class='ocrx_word' id='word_1_259' title='bbox 853 1328 1047 1378; x_wconf 88' lang='lat' dir='ltr'><strong>videram,</strong></span> <span class='ocrx_word' id='word_1_260' title='bbox 1076 1327 1242 1366; x_wconf 90' lang='lat' dir='ltr'><strong>subinde</strong></span> <span class='ocrx_word' id='word_1_261' title='bbox 1269 1327 1556 1366; x_wconf 85' lang='lat' dir='ltr'><strong>recordantem.</strong></span> <span class='ocrx_word' id='word_1_262' title='bbox 1585 1327 1722 1375; x_wconf 89' lang='lat' dir='ltr'><strong>Neque</strong></span> <span class='ocrx_word' id='word_1_263' title='bbox 1751 1324 1791 1362; x_wconf 90' lang='lat' dir='ltr'><strong>id</strong></span> <span class='ocrx_word' id='word_1_264' title='bbox 1815 1323 1976 1362; x_wconf 88' lang='lat' dir='ltr'><strong>seorsim</strong></span> <span class='ocrx_word' id='word_1_265' title='bbox 2005 1330 2088 1361; x_wconf 92' lang='lat' dir='ltr'><strong>ten-</strong></span> 
     </span>
     <span class='ocr_line' id='line_1_24' title="bbox 154 1375 2089 1433; baseline -0.003 -12"><span class='ocrx_word' id='word_1_266' title='bbox 154 1383 290 1422; x_wconf 88' lang='lat' dir='ltr'><strong>tabant</strong></span> <span class='ocrx_word' id='word_1_267' title='bbox 328 1382 517 1433; x_wconf 74' lang='lat' dir='ltr'><strong>singulae,</strong></span> <span class='ocrx_word' id='word_1_268' title='bbox 558 1381 812 1420; x_wconf 90' lang='lat' dir='ltr'><strong>verumetiam</strong></span> <span class='ocrx_word' id='word_1_269' title='bbox 854 1388 985 1420; x_wconf 91' lang='lat' dir='ltr'><strong>ternae</strong></span> <span class='ocrx_word' id='word_1_270' title='bbox 1026 1387 1092 1419; x_wconf 88' lang='lat' dir='ltr'><strong>aut</strong></span> <span class='ocrx_word' id='word_1_271' title='bbox 1133 1387 1343 1431; x_wconf 87' lang='lat' dir='ltr'><strong>quaternae</strong></span> <span class='ocrx_word' id='word_1_272' title='bbox 1383 1380 1498 1419; x_wconf 88' lang='lat' dir='ltr'><strong>simul</strong></span> <span class='ocrx_word' id='word_1_273' title='bbox 1534 1378 1723 1418; x_wconf 90' lang='lat' dir='ltr'><strong>consertis</strong></span> <span class='ocrx_word' id='word_1_274' title='bbox 1752 1377 1931 1415; x_wconf 89' lang='lat' dir='ltr'><strong>manibus</strong></span> <span class='ocrx_word' id='word_1_275' title='bbox 1960 1375 1999 1414; x_wconf 92' lang='lat' dir='ltr'><strong>in</strong></span> <span class='ocrx_word' id='word_1_276' title='bbox 2026 1389 2089 1415; x_wconf 91' lang='lat' dir='ltr'><strong>me</strong></span> 
     </span>
     <span class='ocr_line' id='line_1_25' title="bbox 156 1430 2089 1484; baseline -0.004 -10"><span class='ocrx_word' id='word_1_277' title='bbox 156 1435 354 1474; x_wconf 87' lang='lat' dir='ltr'><strong>irruebant</strong></span> <span class='ocrx_word' id='word_1_278' title='bbox 392 1434 756 1484; x_wconf 81' lang='lat' dir='ltr'><strong>immodestissime,</strong></span> <span class='ocrx_word' id='word_1_279' title='bbox 795 1441 837 1473; x_wconf 91' lang='lat' dir='ltr'><strong>vt</strong></span> <span class='ocrx_word' id='word_1_280' title='bbox 872 1435 1065 1484; x_wconf 87' lang='lat' dir='ltr'><strong>perducto</strong></span> <span class='ocrx_word' id='word_1_281' title='bbox 1093 1435 1144 1472; x_wconf 87' lang='lat' dir='ltr'><strong>ad</strong></span> <span class='ocrx_word' id='word_1_282' title='bbox 1171 1445 1280 1473; x_wconf 90' lang='lat' dir='ltr'><strong>suam</strong></span> <span class='ocrx_word' id='word_1_283' title='bbox 1308 1433 1571 1484; x_wconf 89' lang='lat' dir='ltr'><strong>impuritatem</strong></span> <span class='ocrx_word' id='word_1_284' title='bbox 1599 1432 1730 1471; x_wconf 87' lang='lat' dir='ltr'><strong>animo</strong></span> <span class='ocrx_word' id='word_1_285' title='bbox 1761 1443 1850 1468; x_wconf 90' lang='lat' dir='ltr'><strong>meo</strong></span> <span class='ocrx_word' id='word_1_286' title='bbox 1879 1430 1928 1467; x_wconf 91' lang='lat' dir='ltr'><strong>de</strong></span> <span class='ocrx_word' id='word_1_287' title='bbox 1956 1430 2089 1479; x_wconf 89' lang='lat' dir='ltr'><strong>spoliis</strong></span> 
     </span>
     <span class='ocr_line' id='line_1_26' title="bbox 151 1481 2089 1538; baseline -0.004 -12"><span class='ocrx_word' id='word_1_288' title='bbox 151 1487 311 1538; x_wconf 91' lang='lat' dir='ltr'><strong>pudoris</strong></span> <span class='ocrx_word' id='word_1_289' title='bbox 352 1487 429 1526; x_wconf 91' lang='lat' dir='ltr'><strong>mei</strong></span> <span class='ocrx_word' id='word_1_290' title='bbox 468 1487 762 1538; x_wconf 87' lang='lat' dir='ltr'><strong>triumpharent.</strong></span> <span class='ocrx_word' id='word_1_291' title='bbox 804 1488 985 1526; x_wconf 90' lang='lat' dir='ltr'><strong>Tandem</strong></span> <span class='ocrx_word' id='word_1_292' title='bbox 1026 1490 1120 1526; x_wconf 80' lang='lat' dir='ltr'><strong>vero</strong></span> <span class='ocrx_word' id='word_1_293' title='bbox 1162 1488 1261 1526; x_wconf 79' lang='lat' dir='ltr'><strong>adeo</strong></span> <span class='ocrx_word' id='word_1_294' title='bbox 1300 1500 1363 1525; x_wconf 89' lang='lat' dir='ltr'><strong>me</strong></span> <span class='ocrx_word' id='word_1_295' title='bbox 1390 1487 1529 1537; x_wconf 90' lang='lat' dir='ltr'><strong>puduit</strong></span> <span class='ocrx_word' id='word_1_296' title='bbox 1556 1487 1709 1524; x_wconf 89' lang='lat' dir='ltr'><strong>illarum</strong></span> <span class='ocrx_word' id='word_1_297' title='bbox 1735 1481 2019 1534; x_wconf 85' lang='lat' dir='ltr'><strong>impudentiae,</strong></span> <span class='ocrx_word' id='word_1_298' title='bbox 2048 1489 2089 1520; x_wconf 92' lang='lat' dir='ltr'><strong>vt</strong></span> 
     </span>
     <span class='ocr_line' id='line_1_27' title="bbox 151 1536 2087 1591; baseline -0.004 -12"><span class='ocrx_word' id='word_1_299' title='bbox 151 1552 272 1591; x_wconf 91' lang='lat' dir='ltr'><strong>quum</strong></span> <span class='ocrx_word' id='word_1_300' title='bbox 298 1554 376 1579; x_wconf 90' lang='lat' dir='ltr'><strong>vna</strong></span> <span class='ocrx_word' id='word_1_301' title='bbox 402 1541 531 1580; x_wconf 88' lang='lat' dir='ltr'><strong>multis</strong></span> <span class='ocrx_word' id='word_1_302' title='bbox 557 1540 822 1591; x_wconf 86' lang='lat' dir='ltr'><strong>spectantibus</strong></span> <span class='ocrx_word' id='word_1_303' title='bbox 850 1554 912 1580; x_wconf 91' lang='lat' dir='ltr'><strong>me</strong></span> <span class='ocrx_word' id='word_1_304' title='bbox 940 1540 1128 1580; x_wconf 79' lang='lat' dir='ltr'><strong>amatorie</strong></span> <span class='ocrx_word' id='word_1_305' title='bbox 1157 1547 1260 1579; x_wconf 85' lang='lat' dir='ltr'><strong>esset</strong></span> <span class='ocrx_word' id='word_1_306' title='bbox 1286 1540 1427 1579; x_wconf 90' lang='lat' dir='ltr'><strong>adorsa</strong></span> <span class='ocrx_word' id='word_1_307' title='bbox 1452 1541 1593 1590; x_wconf 85' lang='lat' dir='ltr'><strong>palpo,</strong></span> <span class='ocrx_word' id='word_1_308' title='bbox 1622 1551 1695 1590; x_wconf 86' lang='lat' dir='ltr'><strong>ego</strong></span> <span class='ocrx_word' id='word_1_309' title='bbox 1724 1539 1862 1576; x_wconf 80' lang='lat' dir='ltr'><strong>contra</strong></span> <span class='ocrx_word' id='word_1_310' title='bbox 1878 1536 2087 1585; x_wconf 90' lang='lat' dir='ltr'><strong>colaphum</strong></span> 
     </span>
     <span class='ocr_line' id='line_1_28' title="bbox 150 1589 2089 1645; baseline -0.004 -13"><span class='ocrx_word' id='word_1_311' title='bbox 150 1606 310 1645; x_wconf 88' lang='lat' dir='ltr'><strong>grauem</strong></span> <span class='ocrx_word' id='word_1_312' title='bbox 335 1594 370 1633; x_wconf 88' lang='lat' dir='ltr'><strong>ei</strong></span> <span class='ocrx_word' id='word_1_313' title='bbox 391 1594 755 1645; x_wconf 77' lang='lat' dir='ltr'><strong>impegerim2quem</strong></span> <span class='ocrx_word' id='word_1_314' title='bbox 777 1594 843 1632; x_wconf 88' lang='lat' dir='ltr'><strong>illa</strong></span> <span class='ocrx_word' id='word_1_315' title='bbox 856 1594 1093 1632; x_wconf 87' lang='lat' dir='ltr'><strong>addubitans</strong></span> <span class='ocrx_word' id='word_1_316' title='bbox 1109 1601 1233 1632; x_wconf 82' lang='lat' dir='ltr'><strong>Vtram</strong></span> <span class='ocrx_word' id='word_1_317' title='bbox 1248 1593 1287 1631; x_wconf 93' lang='lat' dir='ltr'><strong>in</strong></span> <span class='ocrx_word' id='word_1_318' title='bbox 1303 1595 1418 1644; x_wconf 88' lang='lat' dir='ltr'><strong>par(f.</strong></span> <span class='ocrx_word' id='word_1_319' title='bbox 1435 1595 1571 1643; x_wconf 84' lang='lat' dir='ltr'><strong>9.)tem</strong></span> <span class='ocrx_word' id='word_1_320' title='bbox 1585 1594 1799 1642; x_wconf 89' lang='lat' dir='ltr'><strong>acciperet,</strong></span> <span class='ocrx_word' id='word_1_321' title='bbox 1815 1589 1950 1628; x_wconf 85' lang='lat' dir='ltr'><strong>defixis</strong></span> <span class='ocrx_word' id='word_1_322' title='bbox 1965 1589 2089 1627; x_wconf 92' lang='lat' dir='ltr'><strong>oculis</strong></span> 
     </span>
     <span class='ocr_line' id='line_1_29' title="bbox 150 1642 2088 1699; baseline -0.003 -14"><span class='ocrx_word' id='word_1_323' title='bbox 150 1653 297 1686; x_wconf 89' lang='lat' dir='ltr'><strong>attenta</strong></span> <span class='ocrx_word' id='word_1_324' title='bbox 337 1647 508 1698; x_wconf 76' lang='lat' dir='ltr'><strong>respexit</strong></span> <span class='ocrx_word' id='word_1_325' title='bbox 551 1647 601 1686; x_wconf 90' lang='lat' dir='ltr'><strong>ad</strong></span> <span class='ocrx_word' id='word_1_326' title='bbox 642 1660 727 1699; x_wconf 87' lang='lat' dir='ltr'><strong>me,</strong></span> <span class='ocrx_word' id='word_1_327' title='bbox 755 1647 1034 1698; x_wconf 85' lang='lat' dir='ltr'><strong>aliquantisper</strong></span> <span class='ocrx_word' id='word_1_328' title='bbox 1061 1648 1276 1685; x_wconf 89' lang='lat' dir='ltr'><strong>obseruans</strong></span> <span class='ocrx_word' id='word_1_329' title='bbox 1304 1646 1473 1696; x_wconf 89' lang='lat' dir='ltr'><strong>aliquam</strong></span> <span class='ocrx_word' id='word_1_330' title='bbox 1502 1646 1580 1685; x_wconf 87' lang='lat' dir='ltr'><strong>mei</strong></span> <span class='ocrx_word' id='word_1_331' title='bbox 1604 1645 1724 1684; x_wconf 88' lang='lat' dir='ltr'><strong>animi</strong></span> <span class='ocrx_word' id='word_1_332' title='bbox 1752 1642 2088 1694; x_wconf 85' lang='lat' dir='ltr'><strong>significationem:</strong></span> 
     </span>
     <span class='ocr_line' id='line_1_30' title="bbox 150 1695 2091 1749; baseline -0.003 -11"><span class='ocrx_word' id='word_1_333' title='bbox 150 1707 192 1739; x_wconf 90' lang='lat' dir='ltr'><strong>vt</strong></span> <span class='ocrx_word' id='word_1_334' title='bbox 233 1707 362 1739; x_wconf 89' lang='lat' dir='ltr'><strong>autem</strong></span> <span class='ocrx_word' id='word_1_335' title='bbox 399 1714 482 1739; x_wconf 89' lang='lat' dir='ltr'><strong>rem</strong></span> <span class='ocrx_word' id='word_1_336' title='bbox 510 1700 649 1740; x_wconf 88' lang='lat' dir='ltr'><strong>seriam</strong></span> <span class='ocrx_word' id='word_1_337' title='bbox 676 1703 700 1739; x_wconf 80' lang='lat' dir='ltr'><strong>a</strong></span> <span class='ocrx_word' id='word_1_338' title='bbox 728 1714 790 1739; x_wconf 92' lang='lat' dir='ltr'><strong>me</strong></span> <span class='ocrx_word' id='word_1_339' title='bbox 818 1713 901 1739; x_wconf 89' lang='lat' dir='ltr'><strong>esse</strong></span> <span class='ocrx_word' id='word_1_340' title='bbox 929 1701 1047 1749; x_wconf 86' lang='lat' dir='ltr'><strong>vidit,</strong></span> <span class='ocrx_word' id='word_1_341' title='bbox 1077 1708 1159 1738; x_wconf 91' lang='lat' dir='ltr'><strong>turn</strong></span> <span class='ocrx_word' id='word_1_342' title='bbox 1188 1700 1253 1738; x_wconf 90' lang='lat' dir='ltr'><strong>illa</strong></span> <span class='ocrx_word' id='word_1_343' title='bbox 1281 1700 1625 1738; x_wconf 86' lang='lat' dir='ltr'><strong>vociferationibus</strong></span> <span class='ocrx_word' id='word_1_344' title='bbox 1653 1700 1689 1737; x_wconf 85' lang='lat'>&amp;</span> <span class='ocrx_word' id='word_1_345' title='bbox 1717 1696 1889 1736; x_wconf 82' lang='lat' dir='ltr'><strong>eiulatib.</strong></span> <span class='ocrx_word' id='word_1_346' title='bbox 1915 1695 2091 1745; x_wconf 88' lang='lat' dir='ltr'><strong>impleuit</strong></span> 
     </span>
     <span class='ocr_line' id='line_1_31' title="bbox 151 1748 2091 1805; baseline -0.004 -13"><span class='ocrx_word' id='word_1_347' title='bbox 151 1754 334 1805; x_wconf 90' lang='lat' dir='ltr'><strong>domum,</strong></span> <span class='ocrx_word' id='word_1_348' title='bbox 363 1754 618 1803; x_wconf 73' lang='lat' dir='ltr'><strong>omnilimque</strong></span> <span class='ocrx_word' id='word_1_349' title='bbox 645 1753 764 1792; x_wconf 91' lang='lat' dir='ltr'><strong>risum</strong></span> <span class='ocrx_word' id='word_1_350' title='bbox 791 1752 1019 1804; x_wconf 88' lang='lat' dir='ltr'><strong>imprudens</strong></span> <span class='ocrx_word' id='word_1_351' title='bbox 1047 1753 1087 1791; x_wconf 92' lang='lat' dir='ltr'><strong>in</strong></span> <span class='ocrx_word' id='word_1_352' title='bbox 1115 1766 1216 1804; x_wconf 86' lang='lat' dir='ltr'><strong>sese,</strong></span> <span class='ocrx_word' id='word_1_353' title='bbox 1245 1755 1450 1792; x_wconf 86' lang='lat' dir='ltr'><strong>stultorum</strong></span> <span class='ocrx_word' id='word_1_354' title='bbox 1474 1753 1566 1792; x_wconf 89' lang='lat' dir='ltr'><strong>odia</strong></span> <span class='ocrx_word' id='word_1_355' title='bbox 1579 1753 1617 1791; x_wconf 90' lang='lat' dir='ltr'><strong>in</strong></span> <span class='ocrx_word' id='word_1_356' title='bbox 1633 1765 1696 1791; x_wconf 91' lang='lat' dir='ltr'><strong>me</strong></span> <span class='ocrx_word' id='word_1_357' title='bbox 1711 1748 1935 1790; x_wconf 88' lang='lat' dir='ltr'><strong>concitauit.</strong></span> <span class='ocrx_word' id='word_1_358' title='bbox 1960 1751 2091 1798; x_wconf 88' lang='lat' dir='ltr'><strong>Atque</strong></span> 
     </span>
     <span class='ocr_line' id='line_1_32' title="bbox 149 1802 2089 1857; baseline -0.003 -13"><span class='ocrx_word' id='word_1_359' title='bbox 149 1807 224 1846; x_wconf 90' lang='lat' dir='ltr'><strong>hae</strong></span> <span class='ocrx_word' id='word_1_360' title='bbox 250 1806 409 1857; x_wconf 86' lang='lat' dir='ltr'><strong>quidem</strong></span> <span class='ocrx_word' id='word_1_361' title='bbox 437 1807 671 1846; x_wconf 86' lang='lat' dir='ltr'><strong>tentationes</strong></span> <span class='ocrx_word' id='word_1_362' title='bbox 699 1807 860 1845; x_wconf 87' lang='lat' dir='ltr'><strong>crebrae</strong></span> <span class='ocrx_word' id='word_1_363' title='bbox 889 1807 941 1845; x_wconf 90' lang='lat' dir='ltr'><strong>ita</strong></span> <span class='ocrx_word' id='word_1_364' title='bbox 968 1821 1030 1846; x_wconf 90' lang='lat' dir='ltr'><strong>me</strong></span> <span class='ocrx_word' id='word_1_365' title='bbox 1058 1813 1335 1857; x_wconf 86' lang='lat' dir='ltr'><strong>exercuerunt,</strong></span> <span class='ocrx_word' id='word_1_366' title='bbox 1362 1813 1404 1845; x_wconf 93' lang='lat' dir='ltr'><strong>vt</strong></span> <span class='ocrx_word' id='word_1_367' title='bbox 1430 1807 1479 1845; x_wconf 92' lang='lat' dir='ltr'><strong>de</strong></span> <span class='ocrx_word' id='word_1_368' title='bbox 1500 1820 1563 1845; x_wconf 90' lang='lat' dir='ltr'><strong>me</strong></span> <span class='ocrx_word' id='word_1_369' title='bbox 1587 1806 1808 1844; x_wconf 88' lang='lat' dir='ltr'><strong>clanculum</strong></span> <span class='ocrx_word' id='word_1_370' title='bbox 1832 1802 2089 1841; x_wconf 88' lang='lat' dir='ltr'><strong>subducendo</strong></span> 
     </span>
     <span class='ocr_line' id='line_1_33' title="bbox 150 1856 2090 1911; baseline -0.003 -13"><span class='ocrx_word' id='word_1_371' title='bbox 150 1859 363 1899; x_wconf 88' lang='lat' dir='ltr'><strong>insalutatis</strong></span> <span class='ocrx_word' id='word_1_372' title='bbox 404 1860 622 1911; x_wconf 89' lang='lat' dir='ltr'><strong>hospitibus</strong></span> <span class='ocrx_word' id='word_1_373' title='bbox 661 1873 848 1911; x_wconf 86' lang='lat' dir='ltr'><strong>persaepe</strong></span> <span class='ocrx_word' id='word_1_374' title='bbox 876 1860 1151 1911; x_wconf 87' lang='lat' dir='ltr'><strong>cogitauerim,</strong></span> <span class='ocrx_word' id='word_1_375' title='bbox 1179 1861 1215 1898; x_wconf 69' lang='grc' dir='ltr'><strong>δε</strong></span> <span class='ocrx_word' id='word_1_376' title='bbox 1243 1860 1469 1910; x_wconf 89' lang='lat' dir='ltr'><strong>recipiendo</strong></span> <span class='ocrx_word' id='word_1_377' title='bbox 1497 1860 1537 1898; x_wconf 90' lang='lat' dir='ltr'><strong>in</strong></span> <span class='ocrx_word' id='word_1_378' title='bbox 1566 1866 1768 1909; x_wconf 89' lang='lat' dir='ltr'><strong>paternam</strong></span> <span class='ocrx_word' id='word_1_379' title='bbox 1796 1858 1972 1896; x_wconf 89' lang='lat' dir='ltr'><strong>domum.</strong></span> <span class='ocrx_word' id='word_1_380' title='bbox 2014 1856 2090 1893; x_wconf 90' lang='lat' dir='ltr'><strong>Sed</strong></span> 
     </span>
     <span class='ocr_line' id='line_1_34' title="bbox 150 1907 2090 1964; baseline -0.003 -13"><span class='ocrx_word' id='word_1_381' title='bbox 150 1912 248 1951; x_wconf 90' lang='lat' dir='ltr'><strong>aliae</strong></span> <span class='ocrx_word' id='word_1_382' title='bbox 289 1926 336 1952; x_wconf 87' lang='lat' dir='ltr'><strong>ex</strong></span> <span class='ocrx_word' id='word_1_383' title='bbox 371 1914 537 1952; x_wconf 88' lang='lat' dir='ltr'><strong>aduerso</strong></span> <span class='ocrx_word' id='word_1_384' title='bbox 580 1926 643 1952; x_wconf 91' lang='lat' dir='ltr'><strong>me</strong></span> <span class='ocrx_word' id='word_1_385' title='bbox 684 1913 940 1964; x_wconf 89' lang='lat' dir='ltr'><strong>cogitationes</strong></span> <span class='ocrx_word' id='word_1_386' title='bbox 980 1913 1144 1952; x_wconf 91' lang='lat' dir='ltr'><strong>inuitum</strong></span> <span class='ocrx_word' id='word_1_387' title='bbox 1185 1913 1424 1952; x_wconf 90' lang='lat' dir='ltr'><strong>detinebant:</strong></span> <span class='ocrx_word' id='word_1_388' title='bbox 1452 1912 1679 1964; x_wconf 89' lang='lat' dir='ltr'><strong>praesertim</strong></span> <span class='ocrx_word' id='word_1_389' title='bbox 1709 1911 1818 1961; x_wconf 78' lang='lat' dir='ltr'><strong>quod</strong></span> <span class='ocrx_word' id='word_1_390' title='bbox 1844 1907 2028 1959; x_wconf 81' lang='lat' dir='ltr'><strong>reputatis</strong></span> <span class='ocrx_word' id='word_1_391' title='bbox 2055 1910 2090 1946; x_wconf 69' lang='grc' dir='ltr'><strong>δε</strong></span> 
     </span>
     <span class='ocr_line' id='line_1_35' title="bbox 151 1961 2091 2016; baseline -0.003 -12"><span class='ocrx_word' id='word_1_392' title='bbox 151 1966 353 2005; x_wconf 88' lang='lat' dir='ltr'><strong>subductis</strong></span> <span class='ocrx_word' id='word_1_393' title='bbox 394 1978 485 2005; x_wconf 92' lang='lat' dir='ltr'><strong>cum</strong></span> <span class='ocrx_word' id='word_1_394' title='bbox 513 1967 646 2005; x_wconf 88' lang='lat' dir='ltr'><strong>animo</strong></span> <span class='ocrx_word' id='word_1_395' title='bbox 674 1980 764 2006; x_wconf 88' lang='lat' dir='ltr'><strong>meo</strong></span> <span class='ocrx_word' id='word_1_396' title='bbox 791 1967 1007 2006; x_wconf 87' lang='lat' dir='ltr'><strong>rationibus</strong></span> <span class='ocrx_word' id='word_1_397' title='bbox 1035 1969 1120 2005; x_wconf 90' lang='lat' dir='ltr'><strong>fore</strong></span> <span class='ocrx_word' id='word_1_398' title='bbox 1149 1973 1379 2015; x_wconf 86' lang='lat' dir='ltr'><strong>statuerem,</strong></span> <span class='ocrx_word' id='word_1_399' title='bbox 1408 1973 1449 2005; x_wconf 93' lang='lat' dir='ltr'><strong>vt</strong></span> <span class='ocrx_word' id='word_1_400' title='bbox 1475 1967 1530 2005; x_wconf 77' lang='lat' dir='ltr'><strong>illi</strong></span> <span class='ocrx_word' id='word_1_401' title='bbox 1556 1965 1629 2016; x_wconf 91' lang='lat' dir='ltr'><strong>ipsi</strong></span> <span class='ocrx_word' id='word_1_402' title='bbox 1656 1964 1829 2015; x_wconf 86' lang='lat' dir='ltr'><strong>hospites</strong></span> <span class='ocrx_word' id='word_1_403' title='bbox 1860 1962 1943 2012; x_wconf 91' lang='lat' dir='ltr'><strong>(qui</strong></span> <span class='ocrx_word' id='word_1_404' title='bbox 1969 1961 2091 2012; x_wconf 87' lang='lat' dir='ltr'><strong>gratia</strong></span> 
     </span>
     <span class='ocr_line' id='line_1_36' title="bbox 150 2014 2091 2070; baseline -0.003 -13"><span class='ocrx_word' id='word_1_405' title='bbox 150 2019 255 2069; x_wconf 91' lang='lat' dir='ltr'><strong>apud</strong></span> <span class='ocrx_word' id='word_1_406' title='bbox 292 2026 467 2070; x_wconf 88' lang='lat' dir='ltr'><strong>patrem,</strong></span> <span class='ocrx_word' id='word_1_407' title='bbox 504 2032 602 2058; x_wconf 91' lang='lat' dir='ltr'><strong>vnus</strong></span> <span class='ocrx_word' id='word_1_408' title='bbox 631 2020 746 2059; x_wconf 90' lang='lat' dir='ltr'><strong>etiam</strong></span> <span class='ocrx_word' id='word_1_409' title='bbox 774 2020 1006 2059; x_wconf 90' lang='lat' dir='ltr'><strong>auctoritate</strong></span> <span class='ocrx_word' id='word_1_410' title='bbox 1038 2021 1193 2058; x_wconf 88' lang='lat' dir='ltr'><strong>valebat</strong></span> <span class='ocrx_word' id='word_1_411' title='bbox 1226 2019 1453 2069; x_wconf 73' lang='lat' dir='ltr'><strong>plurimum)</strong></span> <span class='ocrx_word' id='word_1_412' title='bbox 1483 2021 1687 2058; x_wconf 80' lang='lat' dir='ltr'><strong>malefacta</strong></span> <span class='ocrx_word' id='word_1_413' title='bbox 1714 2030 1783 2056; x_wconf 86' lang='lat' dir='ltr'><strong>sua</strong></span> <span class='ocrx_word' id='word_1_414' title='bbox 1812 2016 1917 2055; x_wconf 91' lang='lat' dir='ltr'><strong>mille</strong></span> <span class='ocrx_word' id='word_1_415' title='bbox 1945 2014 2091 2053; x_wconf 86' lang='lat' dir='ltr'><strong>artibus</strong></span> 
     </span>
     <span class='ocr_line' id='line_1_37' title="bbox 151 2068 2090 2123; baseline -0.003 -12"><span class='ocrx_word' id='word_1_416' title='bbox 151 2079 381 2111; x_wconf 85' lang='lat' dir='ltr'><strong>excusantes</strong></span> <span class='ocrx_word' id='word_1_417' title='bbox 409 2073 650 2113; x_wconf 90' lang='lat' dir='ltr'><strong>adducerent</strong></span> <span class='ocrx_word' id='word_1_418' title='bbox 675 2086 738 2111; x_wconf 88' lang='lat' dir='ltr'><strong>me</strong></span> <span class='ocrx_word' id='word_1_419' title='bbox 764 2072 803 2111; x_wconf 91' lang='lat' dir='ltr'><strong>in</strong></span> <span class='ocrx_word' id='word_1_420' title='bbox 832 2073 969 2112; x_wconf 91' lang='lat' dir='ltr'><strong>odium</strong></span> <span class='ocrx_word' id='word_1_421' title='bbox 1001 2073 1140 2123; x_wconf 87' lang='lat' dir='ltr'><strong>patris,</strong></span> <span class='ocrx_word' id='word_1_422' title='bbox 1168 2073 1235 2123; x_wconf 90' lang='lat' dir='ltr'><strong>qui</strong></span> <span class='ocrx_word' id='word_1_423' title='bbox 1261 2072 1415 2111; x_wconf 90' lang='lat' dir='ltr'><strong>illorum</strong></span> <span class='ocrx_word' id='word_1_424' title='bbox 1444 2073 1590 2111; x_wconf 91' lang='lat' dir='ltr'><strong>iudicio</strong></span> <span class='ocrx_word' id='word_1_425' title='bbox 1620 2072 1742 2123; x_wconf 83' lang='lat' dir='ltr'><strong>magis</strong></span> <span class='ocrx_word' id='word_1_426' title='bbox 1759 2077 1859 2109; x_wconf 89' lang='lat' dir='ltr'><strong>esset</strong></span> <span class='ocrx_word' id='word_1_427' title='bbox 1873 2068 2090 2107; x_wconf 88' lang='lat' dir='ltr'><strong>crediturus</strong></span> 
     </span>
     <span class='ocr_line' id='line_1_38' title="bbox 150 2121 2090 2178; baseline -0.003 -15"><span class='ocrx_word' id='word_1_428' title='bbox 150 2127 268 2175; x_wconf 82' lang='lat' dir='ltr'><strong>quam</strong></span> <span class='ocrx_word' id='word_1_429' title='bbox 310 2126 425 2165; x_wconf 87' lang='lat' dir='ltr'><strong>aetati</strong></span> <span class='ocrx_word' id='word_1_430' title='bbox 465 2139 598 2178; x_wconf 88' lang='lat' dir='ltr'><strong>meae,</strong></span> <span class='ocrx_word' id='word_1_431' title='bbox 640 2133 706 2165; x_wconf 79' lang='lat' dir='ltr'><strong>aut</strong></span> <span class='ocrx_word' id='word_1_432' title='bbox 733 2125 961 2166; x_wconf 89' lang='lat' dir='ltr'><strong>alieniorem</strong></span> <span class='ocrx_word' id='word_1_433' title='bbox 989 2131 1092 2165; x_wconf 86' lang='lat' dir='ltr'><strong>certe&#39;</strong></span> <span class='ocrx_word' id='word_1_434' title='bbox 1121 2126 1294 2164; x_wconf 86' lang='lat' dir='ltr'><strong>animum</strong></span> <span class='ocrx_word' id='word_1_435' title='bbox 1320 2125 1441 2176; x_wconf 87' lang='lat' dir='ltr'><strong>ipsius</strong></span> <span class='ocrx_word' id='word_1_436' title='bbox 1468 2128 1680 2165; x_wconf 81' lang='lat' dir='ltr'><strong>efficerent.</strong></span> <span class='ocrx_word' id='word_1_437' title='bbox 1736 2124 1911 2162; x_wconf 89' lang='lat' dir='ltr'><strong>Inuictus</strong></span> <span class='ocrx_word' id='word_1_438' title='bbox 1938 2123 1988 2160; x_wconf 88' lang='lat' dir='ltr'><strong>ab</strong></span> <span class='ocrx_word' id='word_1_439' title='bbox 2018 2121 2090 2159; x_wconf 88' lang='lat' dir='ltr'><strong>ista</strong></span> 
     </span>
     <span class='ocr_line' id='line_1_39' title="bbox 149 2174 2087 2231; baseline -0.003 -14"><span class='ocrx_word' id='word_1_440' title='bbox 149 2185 258 2228; x_wconf 88' lang='lat' dir='ltr'><strong>peste</strong></span> <span class='ocrx_word' id='word_1_441' title='bbox 298 2179 584 2218; x_wconf 88' lang='lat' dir='ltr'><strong>adolescentiae</strong></span> <span class='ocrx_word' id='word_1_442' title='bbox 612 2193 682 2230; x_wconf 91' lang='lat' dir='ltr'><strong>per</strong></span> <span class='ocrx_word' id='word_1_443' title='bbox 709 2181 785 2218; x_wconf 88' lang='lat' dir='ltr'><strong>Dei</strong></span> <span class='ocrx_word' id='word_1_444' title='bbox 810 2180 994 2231; x_wconf 88' lang='lat' dir='ltr'><strong>gratiam,</strong></span> <span class='ocrx_word' id='word_1_445' title='bbox 1023 2179 1132 2218; x_wconf 89' lang='lat' dir='ltr'><strong>alteri</strong></span> <span class='ocrx_word' id='word_1_446' title='bbox 1159 2181 1263 2217; x_wconf 89' lang='lat' dir='ltr'><strong>malo</strong></span> <span class='ocrx_word' id='word_1_447' title='bbox 1293 2179 1481 2218; x_wconf 88' lang='lat' dir='ltr'><strong>succubui</strong></span> <span class='ocrx_word' id='word_1_448' title='bbox 1508 2181 1644 2230; x_wconf 81' lang='lat' dir='ltr'><strong>plane,</strong></span> <span class='ocrx_word' id='word_1_449' title='bbox 1673 2185 1789 2228; x_wconf 88' lang='lat' dir='ltr'><strong>atque</strong></span> <span class='ocrx_word' id='word_1_450' title='bbox 1819 2176 1859 2215; x_wconf 91' lang='lat' dir='ltr'><strong>in</strong></span> <span class='ocrx_word' id='word_1_451' title='bbox 1887 2188 1936 2214; x_wconf 91' lang='lat' dir='ltr'><strong>eo</strong></span> <span class='ocrx_word' id='word_1_452' title='bbox 1963 2174 2087 2223; x_wconf 83' lang='lat' dir='ltr'><strong>iacui,</strong></span> 
     </span>
     <span class='ocr_line' id='line_1_40' title="bbox 150 2230 2090 2284; baseline -0.003 -14"><span class='ocrx_word' id='word_1_453' title='bbox 150 2232 280 2270; x_wconf 87' lang='lat' dir='ltr'><strong>donec</strong></span> <span class='ocrx_word' id='word_1_454' title='bbox 307 2231 486 2272; x_wconf 89' lang='lat' dir='ltr'><strong>misertus</strong></span> <span class='ocrx_word' id='word_1_455' title='bbox 515 2240 574 2272; x_wconf 91' lang='lat' dir='ltr'><strong>est</strong></span> <span class='ocrx_word' id='word_1_456' title='bbox 602 2232 679 2272; x_wconf 90' lang='lat' dir='ltr'><strong>mei</strong></span> <span class='ocrx_word' id='word_1_457' title='bbox 704 2232 876 2283; x_wconf 90' lang='lat' dir='ltr'><strong>optimus</strong></span> <span class='ocrx_word' id='word_1_458' title='bbox 904 2233 967 2272; x_wconf 93' lang='lat' dir='ltr'><strong>ille</strong></span> <span class='ocrx_word' id='word_1_459' title='bbox 995 2232 1170 2272; x_wconf 89' lang='lat' dir='ltr'><strong>caelestis</strong></span> <span class='ocrx_word' id='word_1_460' title='bbox 1197 2234 1330 2283; x_wconf 91' lang='lat' dir='ltr'><strong>Pater,</strong></span> <span class='ocrx_word' id='word_1_461' title='bbox 1352 2236 1417 2282; x_wconf 88' lang='lat' dir='ltr'><strong>qui</strong></span> <span class='ocrx_word' id='word_1_462' title='bbox 1434 2246 1496 2271; x_wconf 89' lang='lat' dir='ltr'><strong>me</strong></span> <span class='ocrx_word' id='word_1_463' title='bbox 1511 2233 1626 2284; x_wconf 85' lang='lat' dir='ltr'><strong>elegit</strong></span> <span class='ocrx_word' id='word_1_464' title='bbox 1639 2232 1678 2270; x_wconf 91' lang='lat' dir='ltr'><strong>in</strong></span> <span class='ocrx_word' id='word_1_465' title='bbox 1694 2231 1850 2270; x_wconf 90' lang='lat' dir='ltr'><strong>Christo</strong></span> <span class='ocrx_word' id='word_1_466' title='bbox 1866 2230 1916 2268; x_wconf 92' lang='lat' dir='ltr'><strong>ab</strong></span> <span class='ocrx_word' id='word_1_467' title='bbox 1931 2235 2090 2267; x_wconf 90' lang='lat' dir='ltr'><strong>aeterno</strong></span> 
     </span>
     <span class='ocr_line' id='line_1_41' title="bbox 149 2281 2091 2343; baseline -0.003 -20"><span class='ocrx_word' id='word_1_468' title='bbox 149 2284 363 2343; x_wconf 77' lang='lat' dir='ltr'><strong>secundum</strong></span> <span class='ocrx_word' id='word_1_469' title='bbox 392 2285 681 2336; x_wconf 88' lang='lat' dir='ltr'><strong>beneplacitum</strong></span> <span class='ocrx_word' id='word_1_470' title='bbox 709 2287 918 2325; x_wconf 89' lang='lat' dir='ltr'><strong>voluntatis</strong></span> <span class='ocrx_word' id='word_1_471' title='bbox 945 2298 1050 2325; x_wconf 86' lang='lat' dir='ltr'><strong>suae.</strong></span> <span class='ocrx_word' id='word_1_472' title='bbox 1077 2286 1181 2324; x_wconf 88' lang='lat' dir='ltr'><strong>Illud</strong></span> <span class='ocrx_word' id='word_1_473' title='bbox 1209 2287 1355 2324; x_wconf 86' lang='lat' dir='ltr'><strong>malum</strong></span> <span class='ocrx_word' id='word_1_474' title='bbox 1377 2292 1435 2324; x_wconf 92' lang='lat' dir='ltr'><strong>est</strong></span> <span class='ocrx_word' id='word_1_475' title='bbox 1449 2286 1629 2336; x_wconf 64' lang='grc' dir='ltr'><strong>ἀθεότης,</strong></span> <span class='ocrx_word' id='word_1_476' title='bbox 1645 2287 1791 2323; x_wconf 86' lang='lat' dir='ltr'><strong>malurn</strong></span> <span class='ocrx_word' id='word_1_477' title='bbox 1807 2281 2091 2334; x_wconf 86' lang='lat' dir='ltr'><strong>grauissimum,</strong></span> 
     </span>
     <span class='ocr_line' id='line_1_42' title="bbox 149 2334 2089 2389; baseline -0.002 -14"><span class='ocrx_word' id='word_1_478' title='bbox 149 2350 189 2375; x_wconf 88' lang='lat' dir='ltr'><strong>ln</strong></span> <span class='ocrx_word' id='word_1_479' title='bbox 217 2338 326 2377; x_wconf 90' lang='lat' dir='ltr'><strong>cuius</strong></span> <span class='ocrx_word' id='word_1_480' title='bbox 356 2339 656 2378; x_wconf 89' lang='lat' dir='ltr'><strong>consensionem</strong></span> <span class='ocrx_word' id='word_1_481' title='bbox 685 2340 721 2377; x_wconf 66' lang='grc' dir='ltr'><strong>δε</strong></span> <span class='ocrx_word' id='word_1_482' title='bbox 748 2339 1076 2389; x_wconf 83' lang='lat' dir='ltr'><strong>approbationem</strong></span> <span class='ocrx_word' id='word_1_483' title='bbox 1104 2338 1247 2378; x_wconf 85' lang='lat' dir='ltr'><strong>sensim</strong></span> <span class='ocrx_word' id='word_1_484' title='bbox 1275 2339 1487 2389; x_wconf 88' lang='lat' dir='ltr'><strong>perductus</strong></span> <span class='ocrx_word' id='word_1_485' title='bbox 1516 2350 1600 2377; x_wconf 90' lang='lat' dir='ltr'><strong>sum</strong></span> <span class='ocrx_word' id='word_1_486' title='bbox 1631 2339 1757 2377; x_wconf 87' lang='lat' dir='ltr'><strong>aliena</strong></span> <span class='ocrx_word' id='word_1_487' title='bbox 1772 2334 2089 2386; x_wconf 84' lang='lat' dir='ltr'><strong>audacia,&amp;im-</strong></span> 
     </span>
     <span class='ocr_line' id='line_1_43' title="bbox 149 2391 2088 2443; baseline -0.003 -14"><span class='ocrx_word' id='word_1_488' title='bbox 149 2391 356 2440; x_wconf 90' lang='lat' dir='ltr'><strong>prudentia</strong></span> <span class='ocrx_word' id='word_1_489' title='bbox 383 2406 483 2432; x_wconf 90' lang='lat' dir='ltr'><strong>mea.</strong></span> <span class='ocrx_word' id='word_1_490' title='bbox 518 2392 703 2443; x_wconf 90' lang='lat' dir='ltr'><strong>Memini,</strong></span> <span class='ocrx_word' id='word_1_491' title='bbox 731 2404 852 2442; x_wconf 89' lang='lat' dir='ltr'><strong>quum</strong></span> <span class='ocrx_word' id='word_1_492' title='bbox 879 2393 1002 2432; x_wconf 88' lang='lat' dir='ltr'><strong>libros</strong></span> <span class='ocrx_word' id='word_1_493' title='bbox 1024 2395 1080 2431; x_wconf 88' lang='grc' dir='ltr'><strong>Μ.</strong></span> <span class='ocrx_word' id='word_1_494' title='bbox 1108 2394 1143 2430; x_wconf 95' lang='lat' dir='ltr'>T</span> <span class='ocrx_word' id='word_1_495' title='bbox 1145 2391 1224 2441; x_wconf 91' lang='lat' dir='ltr'><strong>ullij</strong></span> <span class='ocrx_word' id='word_1_496' title='bbox 1250 2393 1300 2431; x_wconf 90' lang='lat' dir='ltr'><strong>de</strong></span> <span class='ocrx_word' id='word_1_497' title='bbox 1328 2391 1479 2442; x_wconf 90' lang='lat' dir='ltr'><strong>legibus</strong></span> <span class='ocrx_word' id='word_1_498' title='bbox 1504 2405 1575 2442; x_wconf 90' lang='lat' dir='ltr'><strong>per</strong></span> <span class='ocrx_word' id='word_1_499' title='bbox 1602 2391 1697 2430; x_wconf 91' lang='lat' dir='ltr'><strong>illud</strong></span> <span class='ocrx_word' id='word_1_500' title='bbox 1723 2399 1897 2441; x_wconf 89' lang='lat' dir='ltr'><strong>tempus,</strong></span> <span class='ocrx_word' id='word_1_501' title='bbox 1928 2394 2088 2426; x_wconf 87' lang='lat' dir='ltr'><strong>auctore</strong></span> 
     </span>
     <span class='ocr_line' id='line_1_44' title="bbox 150 2441 2089 2496; baseline -0.002 -15"><span class='ocrx_word' id='word_1_502' title='bbox 150 2444 186 2481; x_wconf 84' lang='lat'>&amp;</span> <span class='ocrx_word' id='word_1_503' title='bbox 214 2455 373 2483; x_wconf 90' lang='lat' dir='ltr'><strong>suasore</strong></span> <span class='ocrx_word' id='word_1_504' title='bbox 400 2447 532 2484; x_wconf 91' lang='lat' dir='ltr'><strong>Anulo</strong></span> <span class='ocrx_word' id='word_1_505' title='bbox 574 2446 639 2496; x_wconf 90' lang='lat' dir='ltr'><strong>(de</strong></span> <span class='ocrx_word' id='word_1_506' title='bbox 669 2457 747 2496; x_wconf 91' lang='lat' dir='ltr'><strong>quo</strong></span> <span class='ocrx_word' id='word_1_507' title='bbox 775 2448 865 2485; x_wconf 76' lang='lat' dir='ltr'><strong>ante</strong></span> <span class='ocrx_word' id='word_1_508' title='bbox 894 2446 988 2495; x_wconf 87' lang='lat' dir='ltr'>dixi)</span> <span class='ocrx_word' id='word_1_509' title='bbox 1018 2445 1303 2496; x_wconf 82' lang='lat' dir='ltr'><strong>expenderem,</strong></span> <span class='ocrx_word' id='word_1_510' title='bbox 1331 2446 1367 2483; x_wconf 86' lang='lat'>&amp;</span> <span class='ocrx_word' id='word_1_511' title='bbox 1394 2452 1508 2484; x_wconf 87' lang='lat' dir='ltr'><strong>notas</strong></span> <span class='ocrx_word' id='word_1_512' title='bbox 1535 2445 1724 2495; x_wconf 89' lang='lat' dir='ltr'><strong>quasdam</strong></span> <span class='ocrx_word' id='word_1_513' title='bbox 1753 2445 1793 2483; x_wconf 91' lang='lat' dir='ltr'><strong>in</strong></span> <span class='ocrx_word' id='word_1_514' title='bbox 1823 2456 1888 2482; x_wconf 91' lang='lat' dir='ltr'><strong>eos</strong></span> <span class='ocrx_word' id='word_1_515' title='bbox 1918 2441 2089 2480; x_wconf 89' lang='lat' dir='ltr'><strong>animad-</strong></span> 
     </span>
     <span class='ocr_line' id='line_1_45' title="bbox 149 2493 2088 2549; baseline -0.002 -15"><span class='ocrx_word' id='word_1_516' title='bbox 149 2497 424 2548; x_wconf 78' lang='lat' dir='ltr'><strong>uersionesque</strong></span> <span class='ocrx_word' id='word_1_517' title='bbox 465 2498 710 2549; x_wconf 75' lang='lat' dir='ltr'><strong>colligerem,</strong></span> <span class='ocrx_word' id='word_1_518' title='bbox 752 2499 885 2538; x_wconf 88' lang='lat' dir='ltr'><strong>venire</strong></span> <span class='ocrx_word' id='word_1_519' title='bbox 922 2500 1124 2538; x_wconf 89' lang='lat' dir='ltr'><strong>hominem</strong></span> <span class='ocrx_word' id='word_1_520' title='bbox 1160 2499 1211 2536; x_wconf 87' lang='lat' dir='ltr'><strong>ad</strong></span> <span class='ocrx_word' id='word_1_521' title='bbox 1241 2511 1322 2549; x_wconf 89' lang='lat' dir='ltr'><strong>me,</strong></span> <span class='ocrx_word' id='word_1_522' title='bbox 1366 2499 1402 2536; x_wconf 82' lang='lat'>&amp;</span> <span class='ocrx_word' id='word_1_523' title='bbox 1430 2498 1495 2537; x_wconf 89' lang='lat' dir='ltr'><strong>illa</strong></span> <span class='ocrx_word' id='word_1_524' title='bbox 1522 2498 1682 2548; x_wconf 87' lang='lat' dir='ltr'><strong>Epicuri</strong></span> <span class='ocrx_word' id='word_1_525' title='bbox 1711 2498 1833 2537; x_wconf 86' lang='lat' dir='ltr'><strong>verba</strong></span> <span class='ocrx_word' id='word_1_526' title='bbox 1859 2507 1959 2545; x_wconf 87' lang='lat' dir='ltr'><strong>quae</strong></span> <span class='ocrx_word' id='word_1_527' title='bbox 1987 2493 2088 2532; x_wconf 91' lang='lat' dir='ltr'><strong>libro</strong></span> 
     </span>
     <span class='ocr_line' id='line_1_46' title="bbox 149 2547 2090 2603; baseline -0.002 -15"><span class='ocrx_word' id='word_1_528' title='bbox 149 2549 278 2600; x_wconf 92' lang='lat' dir='ltr'><strong>primo</strong></span> <span class='ocrx_word' id='word_1_529' title='bbox 321 2558 492 2603; x_wconf 83' lang='lat' dir='ltr'><strong>exstant,</strong></span> <span class='ocrx_word' id='word_1_530' title='bbox 534 2552 629 2590; x_wconf 88' lang='lat' dir='ltr'><strong>nihil</strong></span> <span class='ocrx_word' id='word_1_531' title='bbox 671 2563 807 2591; x_wconf 90' lang='lat' dir='ltr'><strong>curare</strong></span> <span class='ocrx_word' id='word_1_532' title='bbox 845 2554 975 2591; x_wconf 90' lang='lat' dir='ltr'><strong>Deum</strong></span> <span class='ocrx_word' id='word_1_533' title='bbox 1004 2565 1080 2591; x_wconf 90' lang='lat' dir='ltr'><strong>nec</strong></span> <span class='ocrx_word' id='word_1_534' title='bbox 1116 2551 1196 2602; x_wconf 90' lang='lat' dir='ltr'><strong>sui,</strong></span> <span class='ocrx_word' id='word_1_535' title='bbox 1224 2564 1299 2590; x_wconf 89' lang='lat' dir='ltr'><strong>nec</strong></span> <span class='ocrx_word' id='word_1_536' title='bbox 1326 2551 1461 2603; x_wconf 88' lang='lat' dir='ltr'><strong>alieni,</strong></span> <span class='ocrx_word' id='word_1_537' title='bbox 1491 2551 1622 2590; x_wconf 91' lang='lat' dir='ltr'><strong>multis</strong></span> <span class='ocrx_word' id='word_1_538' title='bbox 1649 2563 1767 2601; x_wconf 84' lang='lat' dir='ltr'><strong>quam</strong></span> <span class='ocrx_word' id='word_1_539' title='bbox 1796 2547 2090 2599; x_wconf 80' lang='lat' dir='ltr'><strong>diligentissime</strong></span> 
     </span>
     <span class='ocr_line' id='line_1_47' title="bbox 149 2600 2089 2656; baseline -0.002 -16"><span class='ocrx_word' id='word_1_540' title='bbox 149 2603 403 2643; x_wconf 88' lang='lat' dir='ltr'><strong>confirmare:</strong></span> <span class='ocrx_word' id='word_1_541' title='bbox 435 2605 486 2643; x_wconf 88' lang='lat' dir='ltr'><strong>ad</strong></span> <span class='ocrx_word' id='word_1_542' title='bbox 512 2616 611 2655; x_wconf 89' lang='lat' dir='ltr'><strong>quae</strong></span> <span class='ocrx_word' id='word_1_543' title='bbox 639 2618 713 2656; x_wconf 88' lang='lat' dir='ltr'><strong>ego</strong></span> <span class='ocrx_word' id='word_1_544' title='bbox 741 2618 823 2645; x_wconf 90' lang='lat' dir='ltr'><strong>non</strong></span> <span class='ocrx_word' id='word_1_545' title='bbox 851 2605 1002 2645; x_wconf 90' lang='lat' dir='ltr'><strong>ratione</strong></span> <span class='ocrx_word' id='word_1_546' title='bbox 1023 2604 1250 2655; x_wconf 84' lang='lat' dir='ltr'><strong>iudicioque</strong></span> <span class='ocrx_word' id='word_1_547' title='bbox 1272 2611 1380 2643; x_wconf 88' lang='lat' dir='ltr'><strong>certo</strong></span> <span class='ocrx_word' id='word_1_548' title='bbox 1395 2605 1707 2654; x_wconf 89' lang='lat' dir='ltr'><strong>respondebam:</strong></span> <span class='ocrx_word' id='word_1_549' title='bbox 1733 2604 1801 2643; x_wconf 91' lang='lat' dir='ltr'><strong>sed</strong></span> <span class='ocrx_word' id='word_1_550' title='bbox 1824 2600 2089 2640; x_wconf 87' lang='lat' dir='ltr'><strong>assensionem</strong></span> 
     </span>
     <span class='ocr_line' id='line_1_48' title="bbox 149 2654 2087 2710; baseline -0.002 -16"><span class='ocrx_word' id='word_1_551' title='bbox 149 2656 335 2706; x_wconf 91' lang='lat' dir='ltr'><strong>paulatim</strong></span> <span class='ocrx_word' id='word_1_552' title='bbox 364 2658 573 2710; x_wconf 83' lang='lat' dir='ltr'><strong>adhibens,</strong></span> <span class='ocrx_word' id='word_1_553' title='bbox 602 2658 820 2697; x_wconf 87' lang='lat' dir='ltr'><strong>sentiebam</strong></span> <span class='ocrx_word' id='word_1_554' title='bbox 847 2670 1043 2698; x_wconf 89' lang='lat' dir='ltr'><strong>venenum</strong></span> <span class='ocrx_word' id='word_1_555' title='bbox 1073 2670 1255 2709; x_wconf 86' lang='lat' dir='ltr'><strong>serpens,</strong></span> <span class='ocrx_word' id='word_1_556' title='bbox 1283 2658 1392 2708; x_wconf 88' lang='lat' dir='ltr'><strong>quod</strong></span> <span class='ocrx_word' id='word_1_557' title='bbox 1421 2657 1677 2708; x_wconf 86' lang='lat' dir='ltr'><strong>imbiberam,</strong></span> <span class='ocrx_word' id='word_1_558' title='bbox 1707 2654 1932 2696; x_wconf 88' lang='lat' dir='ltr'><strong>confirmari</strong></span> <span class='ocrx_word' id='word_1_559' title='bbox 1946 2654 1985 2692; x_wconf 91' lang='lat' dir='ltr'><strong>in</strong></span> <span class='ocrx_word' id='word_1_560' title='bbox 2000 2666 2087 2691; x_wconf 92' lang='lat' dir='ltr'><strong>me:</strong></span> 
     </span>
     <span class='ocr_line' id='line_1_49' title="bbox 148 2709 2089 2763; baseline -0.002 -16"><span class='ocrx_word' id='word_1_561' title='bbox 148 2710 185 2747; x_wconf 83' lang='lat'>&amp;</span> <span class='ocrx_word' id='word_1_562' title='bbox 226 2721 317 2748; x_wconf 91' lang='lat' dir='ltr'><strong>cum</strong></span> <span class='ocrx_word' id='word_1_563' title='bbox 357 2711 588 2750; x_wconf 82' lang='lat' dir='ltr'><strong>auctoritate</strong></span> <span class='ocrx_word' id='word_1_564' title='bbox 627 2711 817 2763; x_wconf 89' lang='lat' dir='ltr'><strong>hominis,</strong></span> <span class='ocrx_word' id='word_1_565' title='bbox 858 2718 941 2751; x_wconf 91' lang='lat' dir='ltr'><strong>tum</strong></span> <span class='ocrx_word' id='word_1_566' title='bbox 978 2711 1136 2762; x_wconf 87' lang='lat' dir='ltr'><strong>argutiis</strong></span> <span class='ocrx_word' id='word_1_567' title='bbox 1165 2711 1362 2750; x_wconf 91' lang='lat' dir='ltr'><strong>dictorum</strong></span> <span class='ocrx_word' id='word_1_568' title='bbox 1389 2710 1472 2750; x_wconf 88' lang='lat' dir='ltr'><strong>eius</strong></span> <span class='ocrx_word' id='word_1_569' title='bbox 1499 2724 1687 2761; x_wconf 88' lang='lat' dir='ltr'><strong>praeceps</strong></span> <span class='ocrx_word' id='word_1_570' title='bbox 1717 2716 1763 2749; x_wconf 84' lang='lat' dir='ltr'><strong>eo</strong></span> <span class='ocrx_word' id='word_1_571' title='bbox 1793 2709 2018 2754; x_wconf 79' lang='lat' dir='ltr'><strong>deferebar,</strong></span> <span class='ocrx_word' id='word_1_572' title='bbox 2047 2712 2089 2744; x_wconf 89' lang='lat' dir='ltr'><strong>vt</strong></span> 
     </span>
    </p>
   </div>
   <div class='ocr_carea' id='block_1_3' title="bbox 149 2761 2087 2857">
    <p class='ocr_par' dir='ltr' id='par_1_3' title="bbox 149 2761 2087 2857">
     <span class='ocr_line' id='line_1_50' title="bbox 149 2761 2087 2816; baseline -0.001 -17"><span class='ocrx_word' id='word_1_573' title='bbox 149 2773 259 2800; x_wconf 90' lang='lat' dir='ltr'><strong>meus</strong></span> <span class='ocrx_word' id='word_1_574' title='bbox 286 2763 438 2803; x_wconf 89' lang='lat' dir='ltr'><strong>animus</strong></span> <span class='ocrx_word' id='word_1_575' title='bbox 458 2763 497 2802; x_wconf 90' lang='lat' dir='ltr'><strong>in</strong></span> <span class='ocrx_word' id='word_1_576' title='bbox 519 2764 593 2803; x_wconf 92' lang='lat' dir='ltr'><strong>isto</strong></span> <span class='ocrx_word' id='word_1_577' title='bbox 614 2765 718 2803; x_wconf 92' lang='lat' dir='ltr'><strong>malo</strong></span> <span class='ocrx_word' id='word_1_578' title='bbox 739 2765 901 2804; x_wconf 89' lang='lat' dir='ltr'><strong>haerens</strong></span> <span class='ocrx_word' id='word_1_579' title='bbox 917 2766 1217 2816; x_wconf 88' lang='lat' dir='ltr'><strong>occallesceret,</strong></span> <span class='ocrx_word' id='word_1_580' title='bbox 1233 2768 1415 2814; x_wconf 79' lang='lat' dir='ltr'><strong>totusque</strong></span> <span class='ocrx_word' id='word_1_581' title='bbox 1430 2766 1539 2803; x_wconf 89' lang='lat' dir='ltr'><strong>fieret</strong></span> <span class='ocrx_word' id='word_1_582' title='bbox 1552 2764 1808 2811; x_wconf 73' lang='grc' dir='ltr'><strong><em>ἀναισθητός.</em></strong></span> <span class='ocrx_word' id='word_1_583' title='bbox 1839 2761 2087 2800; x_wconf 88' lang='lat' dir='ltr'><strong>Recordatus</strong></span> 
     </span>
     <span class='ocr_line' id='line_1_51' title="bbox 2023 2823 2085 2857; baseline -0.016 -7"><span class='ocrx_word' id='word_1_584' title='bbox 2023 2823 2085 2857; x_wconf 87' lang='lat' dir='ltr'><strong>es,</strong></span> 
     </span>
    </p>
   </div>
  </div>
 </body>
</html>
