2334 3020
817 105 886 131 DE
927 104 1074 131 VERA
1115 100 1468 130 THEOLOGIA.
2056 82 2103 139 51¹

180 217 398 266 sapientum
429 227 511 252 esse
540 225 672 251 vanas.
715 213 798 250 Stat
824 211 937 260 igitur
967 210 1061 249 illud
1091 209 1309 248 necessario
1337 208 1445 256 quod
1473 211 1562 246 ante
1586 208 1768 255 diximus,
1791 220 1872 245 non
1893 207 2108 257 nisiaequi-

181 269 412 318 uocafione,
441 278 558 317 quam
587 272 728 304 vocant
759 265 944 314 ἀνάλογον
973 270 1175 312 Vtramque
1199 263 1311 300 simul
1337 262 1593 312 Theologiam
1617 263 1640 299 a
1666 261 1781 300 nobis
1808 260 2004 310 appellari.

943 560 1172 599 CAPVT
1213 559 1339 596 IIII.

866 679 928 715 De
962 678 1173 725 Theologia
1199 676 1417 724 archetypa.

234 813 446 860 Postquam
484 812 534 848 ab
570 810 634 847 illa
667 809 908 859 Theologiae
937 809 1076 846 Sacrae
1104 804 1358 854 homonymia
1386 816 1459 842 nos
1487 803 1781 853 expediuimus„
1811 804 1926 840 Nunc
1955 802 2113 840 demum

183 865 233 902 de
275 870 437 912 vtraque
466 862 629 901 seorsim
657 862 757 901 tradi
785 864 807 899 a
835 860 949 900 nobis
977 866 1133 909 oportet
1162 871 1207 896 ea
1234 869 1333 908 quae
1361 863 1450 895 sunt
1479 855 1641 894 instituti
1671 855 1804 894 nostri.
1860 857 1921 892 Ac
1949 855 2116 904 primum

183 917 340 966 quidem
368 916 416 954 de
445 915 666 965 Theologia
695 915 907 963 archetypa
936 912 1076 951 dicturi
1102 922 1234 950 sumus
1262 909 1416 959 paucis,
1446 922 1546 961 quae
1573 909 1687 947 huius
1715 907 1793 947 loci
1817 907 1996 947 videntur
2014 920 2118 946 esse:

183 969 336 1008 Deinde
377 972 471 1008 vere
513 969 672 1008 liberius
713 967 974 1006 dissundemus
1015 964 1170 1003 alterius
1211 962 1453 1011 Theologiae
1496 965 1661 1002 ἕκτύπου
1704 960 2017 1011 explicationem.
2058 961 2119 998 De

184 1024 395 1072 archetypa
422 1029 552 1061 autem
581 1024 615 1060 T
618 1020 800 1070 heologia
829 1019 990 1069 dicturi,
1018 1017 1114 1067 quid
1140 1015 1217 1055 dici
1244 1018 1268 1053 a
1294 1015 1410 1053 nobis
1437 1014 1582 1067 possit⁷
1611 1013 1754 1063 &quid
1772 1013 1864 1052 item
1879 1026 1958 1052 non
1974 1012 2117 1063 possit,

182 1075 352 1114 breuiter
379 1075 477 1114 thesi
505 1087 573 1113 vn.
603 1072 992 1124 comprehendimus:
1028 1071 1238 1118 Theologz'a
1265 1069 1474 1119 archetypa
1503 1073 1560 1106 cst
1584 1069 1806 1104 dz'ztimzrmn
1836 1080 1967 1104 rerum
1983 1068 2118 1104 diuma

185 1130 395 1179 Sapientia.
422 1129 522 1166 hanc
549 1130 639 1168 verb
665 1141 733 1166 νιος
760 1128 991 1175 adoramus,
1020 1137 1065 1162 ac
1092 1137 1166 1160 mm
1195 1123 1486 1170 inuestzgramus.
1523 1120 1657 1158 Priore
1685 1120 1887 1170 membro,
1915 1119 2010 1168 quid
2040 1118 2117 1157 diei

186 1185 208 1220 a
235 1181 350 1220 nobis
378 1181 427 1220 de
455 1194 500 1219 ea
528 1180 668 1231 possit;
696 1178 937 1224 Posteriore,
967 1177 1061 1227 quid
1088 1188 1169 1214 non
1196 1174 1338 1224 possit,
1367 1175 1546 1225 religiose
1573 1171 1838 1210 discludimus.

238 1234 345 1283 Quid
372 1247 465 1284 ergo
491 1234 540 1272 de
569 1236 641 1272 hac
669 1232 748 1271 dici
775 1231 918 1282 possit,
947 1229 1104 1280 propria
1132 1226 1393 1277 descriptione
1418 1230 1526 1277 (nam
1550 1225 1749 1264 Infinitum
1771 1223 1923 1263 definiri
1941 1226 2118 1274 profecto

186 1301 267 1326 non
309 1290 455 1337 potest)
495 1294 691 1336 vtcunque
733 1286 1063 1329 demonstramus„
1106 1293 1234 1319 rerum
1270 1280 1540 1319 communium
1568 1291 1663 1328 quas
1691 1280 1838 1316 Natura
1866 1279 1901 1315 &
1930 1277 2118 1327 scriptura

187 1342 304 1379 docet
345 1339 633 1389 enunciatione7
678 1350 798 1388 quum
825 1338 1078 1386 archetypam
1107 1334 1188 1372 siue
1216 1334 1465 1383 πρωιότυπον
1493 1331 1753 1382 Theologiam
1781 1330 1876 1369 nihil
1903 1343 1985 1369 esse
2014 1330 2120 1368 aliud

185 1393 368 1443 dicimus,
398 1395 515 1442 quam
544 1395 767 1431 dz'm'tzczrmn
795 1403 926 1428 rerum
955 1391 1127 1427 diuinam
1157 1387 1416 1435 Sffieult'am:
1446 1386 1599 1435 Quibus
1614 1384 1741 1423 verbis
1756 1397 1836 1422 non
1853 1383 2120 1422 definitionem

185 1445 404 1484 statuimus:
441 1446 509 1484 sed
548 1445 658 1495 quasi
691 1443 976 1491 definitionem,
1013 1442 1094 1479 siue
1124 1438 1426 1488 descriptionem
1453 1439 1652 1490 quandam
1680 1439 1888 1487 analogam
1916 1450 1963 1474 ex
1991 1448 2121 1474 rerum

184 1505 400 1537 nostrarum
431 1499 630 1548 exemplo,
659 1499 694 1536 ἃ
722 1495 912 1535 sermonis
940 1494 1063 1534 nostri
1091 1491 1403 1533 conformatione
1431 1493 1559 1543 aliqua
1587 1492 1637 1530 ad
1665 1504 1726 1529 res
1748 1489 1900 1528 diuinas
1916 1488 2121 1539 applicata.

184 1553 284 1590 Nam
327 1551 438 1590 huius
479 1550 720 1601 Theologiae
761 1562 842 1588 non
885 1556 942 1588 est
980 1560 1101 1599 genus
1143 1547 1350 1597 sapientia,
1379 1547 1449 1584 sed
1477 1545 1589 1596 quasi
1617 1556 1739 1595 genus
1767 1542 1924 1593 ponitur
1952 1541 2123 1580 docendi
2156 1562 2163 1571 ·

182 1617 318 1643 causa:
347 1604 421 1643 nisi
444 1605 544 1642 forte
569 1607 625 1653 (vt
653 1605 780 1654 placet
805 1601 1066 1649 scholasticis7
1092 1601 1210 1650 idque
1235 1598 1398 1637 omnino
1413 1598 1645 1647 rectissime)
1661 1596 1888 1647 sapientiam
1905 1594 2123 1646 praedicari

186 1658 235 1696 de
263 1659 350 1696 Deo
380 1657 555 1696 dicamus
585 1657 770 1706 vniuoce,
799 1656 848 1695 de
876 1655 991 1694 nobis
1020 1658 1114 1693 vero
1142 1652 1371 1703 aequiuoce.
1400 1654 1490 1690 Hac
1518 1659 1648 1690 autem
1675 1650 1825 1689 ratione
1839 1648 2027 1699 sapientia
2042 1661 2121 1686 non

182 1723 303 1761 genus
341 1717 421 1761 est,
458 1711 527 1749 sed
563 1711 822 1760 adaequatum
853 1713 910 1758 (vt
942 1710 1102 1756 vocant)
1138 1705 1363 1757 proprium,
1392 1708 1542 1744 summe
1571 1703 1728 1755 proprie
1756 1705 1844 1741 Deo
1873 1701 2123 1749 attributum3

184 1763 292 1814 quod
319 1763 409 1802 inde
437 1764 487 1802 ad
514 1777 574 1802 res
605 1770 753 1802 creatas
782 1770 918 1801 nostro
947 1774 1128 1800 sermone
1155 1760 1384 1798 transfertur
1411 1759 1639 1808 aequiuoce.
1670 1755 1852 1795 Similiter
1881 1755 1989 1804 quod
2008 1753 2123 1792 nobis

183 1824 241 1855 est
269 1816 508 1855 differentiae
534 1818 647 1867 loco,
675 1816 716 1855 id
744 1815 784 1854 in
813 1817 901 1854 Deo
930 1828 1005 1853 nec
1034 1821 1111 1864 est,
1139 1826 1214 1851 nec
1243 1811 1334 1850 facit
1363 1812 1643 1850 differentiam:
1678 1823 1770 1848 nam
1799 1808 2003 1857 quomodo
2033 1806 2124 1845 sim-

184 1869 418 1920 plicissimae
443 1869 499 1908 illi
526 1869 716 1909 essentiae
744 1871 779 1907 &
808 1870 858 1907 ab
895 1867 1004 1907 omni
1032 1866 1321 1917 compositione
1349 1877 1467 1915 quam
1495 1863 1749 1904 alienissimae
1777 1860 1995 1900 differentia
2009 1858 2126 1898 tribui

184 1921 341 1973 posset?
369 1924 458 1961 cum
487 1922 705 1962 differentia
734 1921 946 1961 constituat
973 1921 1166 1959 rationem
1195 1931 1286 1958 suae
1314 1918 1478 1970 speciei,
1503 1925 1544 1956 vt
1572 1920 1699 1956 forma
1727 1915 1917 1953 rationem
1943 1912 2126 1951 materiae

185 1987 296 2015 suae:
338 1978 447 2015 Deus
490 1979 584 2015 verc‘)
628 1975 796 2014 essentia
835 1973 1143 2024 simplicissimus
1183 1984 1305 2022 vsque
1347 1972 1447 2010 adeo
1488 1971 1556 2020 sit,
1580 1978 1622 2009 vt
1647 1983 1722 2008 nec
1750 1982 1820 2019 per
1848 1965 2127 2017 cogitationem

185 2029 341 2078 quidem
369 2029 615 2079 probabilem
645 2028 882 2079 compositio
911 2029 989 2066 vlla
1016 2026 1091 2077 ipsi
1119 2025 1275 2065 attribui
1303 2024 1443 2075 possit:
1473 2026 1566 2063 Non
1594 2021 1778 2062 materiae
1805 2022 2024 2069 &formae7
2048 2031 2128 2056 non

184 2082 372 2133 partium,
414 2095 496 2121 non
538 2082 726 2122 essentiae
765 2083 800 2120 &
829 2094 932 2128 esse,
962 2093 1043 2119 non
1072 2078 1238 2118 subiecti
1266 2079 1301 2116 &
1330 2078 1613 2128 accidentium3
1642 2075 1732 2126 quia
1758 2074 1798 2112 in
1826 2075 1915 2112 Deo
1944 2071 2130 2122 quicquid

186 2142 266 2185 est,
294 2137 401 2174 Deus
430 2142 502 2174 est.

239 2191 370 2238 Atque
410 2190 508 2228 haec
551 2201 667 2227 causa
708 2195 787 2240 est³
830 2200 898 2226 cur
942 2185 1194 2226 restrictionis
1235 2196 1371 2235 causa7
1413 2184 1494 2222 siue
1534 2184 1625 2222 loco
1667 2184 1724 2231 (vt
1751 2181 1869 2230 vulgo
1898 2179 2131 2230 appellatur)

186 2241 393 2292 specificae
434 2242 691 2293 differentiae,
721 2241 960 2292 Sapientiam
987 2242 1090 2278 hanc
1118 2241 1289 2277 diuinam
1320 2250 1403 2276 esse
1433 2236 1666 2285 adiecimus,
1694 2241 1734 2272 vt
1764 2233 2007 2272 essentialem
2035 2230 2131 2281 Dei‚

187 2295 560 2346 supereminentem,
598 2297 634 2333 δι’
669 2302 776 2334 extra
804 2306 998 2345 supraque
1027 2306 1143 2332 omne
1171 2303 1293 2342 genus
1322 2298 1499 2329 enectam
1529 2287 1758 2339 sapientiam
1785 2286 1850 2325 hic
1877 2286 1940 2336 agi
1966 2289 1989 2323 a
2015 2283 2129 2322 nobis

189 2349 433 2393 doceremus.
474 2350 565 2387 Non
602 2347 708 2387 enim
745 2355 803 2386 est
838 2347 1047 2397 sapientia,
1086 2352 1203 2396 prout
1227 2344 1436 2394 sapientiae
1464 2355 1586 2394 genus
1615 2339 1844 2390 Philosophi
1872 2339 2130 2378 distinxerunt

191 2403 232 2450 (f.
266 2404 394 2451 1378.)
425 2404 526 2440 Nam
555 2401 742 2452 sapientia
769 2401 834 2439 illa
860 2402 1032 2438 humana
1058 2407 1187 2438 ortum
1202 2399 1320 2436 habet
1341 2396 1515 2446 aliunde,
1535 2397 1641 2435 velut
1655 2393 1931 2432 accidentaria:
1961 2390 2131 2430 Habitus

192 2462 270 2493 est:
312 2455 509 2506 principiis
551 2455 740 2506 gignitur3
773 2454 972 2493 intellectu
1001 2460 1266 2502 componente
1295 2452 1330 2488 ἃ
1359 2450 1558 2488 diuidente
1585 2448 1720 2499 alitur3
1749 2446 1917 2484 rationes
1945 2443 2131 2484 conserit:

191 2507 464 2547 conclusiones
492 2522 540 2546 ex
567 2508 622 2546 eis
651 2508 787 2547 nectit:
817 2507 1018 2546 scientiam
1048 2505 1186 2545 efficit:
1213 2504 1358 2543 arbitra
1385 2511 1443 2541 est
1471 2505 1507 2541 δι
1531 2502 1649 2540 iudex
1677 2501 1840 2539 istorum
1867 2498 2065 2538 omnium:
2096 2497 2132 2534 δε

191 2568 320 2611 partes
347 2562 547 2600 constituit
573 2561 831 2611 ordinemque
858 2561 1044 2610 partium,
1073 2572 1172 2608 quae
1201 2556 1410 2607 sapientiae
1437 2557 1631 2594 humanae
1657 2554 1855 2593 subiectae
1884 2558 1984 2590 sunt.
2020 2552 2134 2588 Haec

193 2616 286 2652 vere
327 2613 515 2663 sapientia
541 2621 698 2653 aeterna
724 2621 802 2665 est,
830 2613 1062 2662 essentialis7
1089 2613 1267 2660 adeoque
1296 2609 1461 2648 essentia
1489 2609 1584 2647 Dei:
1613 2607 1676 2647 cui
1704 2606 1836 2645 omnia
1863 2618 1944 2644 non
1972 2617 2020 2642 ex
2048 2602 2135 2641 vllis

193 2666 410 2718 principiis,
458 2667 767 2719 compositione,
823 2668 858 2705 δι
899 2666 1091 2705 diuisione
1139 2665 1378 2711 intellectus,
1432 2661 1752 2708 ratiocinatione,
1796 2656 2134 2706 conclusionibus,

193 2719 372 2770 scientia,
392 2748 396 2753 -
414 2720 671 2772 iudicatione,
712 2721 748 2758 &
789 2720 1035 2759 ordinatione
1074 2725 1164 2757 sunt
1204 2715 1533 2768 praesentissima:
1576 2715 1644 2753 sed
1681 2711 1985 2763 simplicissime,
2015 2709 2131 2749 vnico

183 2773 370 2813 omnium
404 2774 519 2813 simul
546 2774 708 2826 intuitu,
745 2787 792 2812 ac
819 2787 900 2812 non
928 2772 1170 2822 successiue⁷
1198 2778 1238 2810 vt
1266 2772 1308 2808 fit
1336 2768 1474 2808 creatis
1503 2770 1638 2807 rebus:
1667 2768 1766 2805 haec
1793 2764 1984 2816 principia
2009 2763 2134 2813 gignit

1993 2831 2041 2856 ex
2069 2829 2131 2866 se,
