2334 3020
294 118 370 154 400
1009 107 1281 135 EIRENICI
1322 108 1462 135 PARS
1502 106 1528 135 1.

288 220 479 258 Musicam
508 216 797 256 excercendum
827 213 982 253 ordines
1011 213 1049 251 in
1078 213 1290 251 ministerio
1319 226 1430 251 sacro
1460 213 1734 261 consisterent,
1762 225 1841 263 quo
1871 221 2050 264 tempore
2074 215 2220 253 fiebant

286 286 394 311 sacra
422 284 557 310 coram
588 269 773 308 Domino.
802 267 877 316 Alij
908 270 1002 305 vero
1031 265 1226 304 diuersum
1256 274 1407 316 tempus
1435 265 1644 304 stationum
1671 266 1771 304 illius
1793 274 1964 316 ponunt:
1981 280 2123 317 nempe
2137 276 2221 306 tum

288 326 442 364 Leuitas
469 323 664 362 inMusico
693 334 812 371 opere
841 333 909 370 per
937 332 1027 358 suos
1056 319 1212 357 ordines
1239 318 1359 358 suisse
1387 326 1624 369 occupatos,
1654 321 1744 357 cum
1773 320 1996 358 sacerdotes
2020 322 2056 358 δι
2085 319 2147 369 alij
2174 321 2225 359 ad

285 380 493 417 lectionem
530 376 624 427 legis
658 378 693 413 ἃ*
732 374 1003 412 tractationem
1041 371 1261 422 Scripturae
1298 373 1336 410 S.
1370 374 1653 421 comparabant
1687 385 1794 423 sese,
1837 374 2224 423 expectabanturque

287 446 420 470 coram
457 432 626 480 populo,
669 428 810 467 dicturi
845 427 893 464 de
928 425 1124 465 Cathedra
1158 424 1299 463 Mosis:
1338 436 1456 474 quam
1493 425 1544 463 ad
1575 438 1658 463 rem
1688 425 1848 464 historia
1876 426 2090 465 Nehemiae
2120 440 2156 476 9.
2186 441 2224 474 4.

286 486 509 523 abutuntur.
556 483 633 521 Sed
669 494 744 519 nec
781 482 926 519 factum
960 479 1076 523 illud,
1116 491 1205 516 meo
1249 477 1414 527 iudicio,
1452 478 1674 516 confirmari
1710 486 1861 529 potest,
1899 492 1973 517 nec
2002 479 2224 518 testimonia

287 550 388 587 quae
423 537 660 581 adferuntur,
696 546 787 572 cum
819 534 893 571 hac
927 531 1148 570 narratione
1178 531 1270 569 facti
1298 531 1529 570 consentire.
1560 533 1661 569 Nam
1689 534 1779 570 cum
1810 531 2036 570 Leuitarum
2064 533 2222 572 ordines

288 591 478 629 Musicani
508 588 796 628 excercentium
824 588 953 636 plures
981 586 1103 623 multo
1128 583 1290 633 fuerint,
1306 591 1346 622 vt
1361 597 1409 623 ex
1428 598 1460 624 1.
1480 584 1628 623 Chron.
1649 595 1708 634 15.
1722 586 1857 634 (quem
1872 586 2006 623 locum
2022 585 2225 624 adducunt

288 646 420 694 vulgo)
459 644 725 691 confirmatur,
762 643 797 678 Sc
835 639 1051 678 secundum
1092 646 1244 687 portaS,
1279 650 1326 675 ac
1361 650 1442 675 non
1480 638 1694 676 secundum
1724 639 1867 688 gradus
1894 637 2010 676 fuisse
2040 639 2221 677 dicantur

286 697 577 736 distributiones
604 695 759 732 illorum
786 692 953 743 passim:
984 704 1065 730 non
1092 690 1206 729 video
1236 702 1315 740 quo
1341 698 1457 740 pacto
1480 703 1541 729 res
1563 690 1659 729 istae
1683 690 1899 730 differentia
1923 698 2002 729 tam
2017 691 2223 742 perspicua

285 751 488 790 distinctae
517 748 704 787 confundi
736 746 899 797 possint.
933 745 1055 794 Quod
1082 751 1213 782 autem
1241 744 1292 782 ad
1320 743 1429 781 illum
1457 744 1672 782 Nehemiae
1699 745 1854 795 locum,
1882 751 2035 783 tantum
2059 746 2169 784 abest
2184 752 2226 783 vt

287 805 335 842 de
365 817 406 842 re
433 803 580 841 musica
607 801 752 851 exponi
779 799 918 850 possit,
946 799 1036 837 cum
1064 796 1225 835 Leuitae
1254 797 1436 846 occupati
1462 796 1578 835 fuisse
1608 797 1791 836 dicuntur
1818 797 1857 836 in
1879 797 2123 836 sanctissimo
2153 798 2220 837 illo

285 856 519 903 ministerio,
555 862 595 893 vt
634 856 770 893 contra
804 866 851 891 ex
876 852 995 902 ipsius
1023 849 1159 900 capitis
1188 858 1419 900 argumento
1449 850 1484 887 δε
1513 850 1735 889 narratione
1771 858 1853 889 tota
1882 859 2034 890 constet
2063 851 2222 890 euiden-

284 910 451 960 tissime,
480 909 574 947 nihil
603 916 684 946 tum
713 907 764 945 ad
795 905 1003 954 musicam,
1033 904 1102 942 sed
1127 903 1261 941 omnia
1287 903 1338 941 ad
1364 903 1536 941 flebilem
1565 904 1714 941 luctum
1743 903 1858 942 fuisse
1874 903 2221 954 composita,cum

285 965 453 1014 populus
480 970 584 1001 totus
612 962 663 999 ad
692 959 878 998 ieiunium
907 956 1239 1008 religiosissimum
1269 958 1304 995 &
1332 955 1615 994 sanctissimam
1643 957 1934 995 confessionem
1962 964 2222 1007 peccatorum

285 1024 445 1055 vocatus
486 1022 595 1054 esset.
638 1015 739 1051 Nam
781 1024 871 1051 cum
899 1011 938 1050 in
967 1011 1109 1049 eodem
1137 1010 1382 1048 Psalmorum
1407 1009 1508 1048 libro
1538 1010 1671 1048 fideles
1699 1010 1974 1060 pronuncient,
2005 1010 2222 1059 Quomodo

285 1068 476 1108 cantaturi
502 1079 674 1107 essemus
702 1066 898 1105 canticum
926 1065 1097 1103 Iehouae
1125 1062 1164 1100 in
1192 1062 1352 1113 regione
1380 1070 1531 1112 extera,
1562 1063 1603 1101 id
1631 1069 1707 1113 est,
1735 1063 1775 1101 in
1802 1064 1881 1101 hoc
1907 1064 2015 1101 luctu
2042 1063 2224 1113 publico:

284 1124 369 1173 quis
397 1130 505 1173 putet
533 1121 619 1159 illos
647 1120 820 1158 eiusdem
849 1118 1001 1168 pietatis
1030 1117 1069 1155 in
1098 1117 1220 1154 altero
1249 1118 1376 1166 luctu,
1405 1122 1532 1166 eoque
1559 1115 1835 1167 acerbissimo,
1864 1116 2011 1155 oblitos
2050 1113 2159 1155 esse?

335 1179 426 1216 Hac
452 1175 567 1226 igitur
595 1172 911 1223 interpretatione
939 1169 1103 1218 omissa,
1133 1175 1305 1207 statuunt
1332 1169 1394 1218 alij
1410 1170 1624 1208 adscensus
1638 1170 1821 1208 hocloco
1837 1169 2034 1208 denotari:
2053 1181 2221 1219 quorum

285 1233 542 1270 adscensuum
573 1226 846 1266 occasionibus
876 1221 1242 1263 circumscribendis
1270 1222 1502 1272 discrepant.
1533 1222 1586 1260 Hi
1615 1222 1718 1260 enim
1744 1223 1817 1261 hos
1834 1224 2009 1260 Psalmos
2024 1222 2220 1272 pertinere

285 1292 420 1335 putant
447 1283 497 1320 ad
524 1282 588 1320 illa
616 1288 814 1329 tempora,
843 1278 983 1328 quibus
1014 1276 1063 1327 pij
1094 1275 1358 1325 singuliesuis
1374 1275 1603 1314 stationibus
1618 1275 1913 1314 adscendebant
1929 1275 2224 1325 Hierosolyma,

285 1337 494 1388 apparituri
528 1333 679 1373 solenni
713 1332 833 1370 modo
872 1344 1006 1370 coram
1042 1329 1139 1367 facie
1178 1327 1360 1366 Domini:
1393 1340 1511 1378 quem
1539 1328 1654 1366 ritum
1682 1330 1748 1367 lex
1776 1328 1894 1367 docet
1924 1327 2221 1379 quamplurimis

285 1392 405 1435 locis,
443 1392 478 1428 ἃ
510 1387 704 1436 Propheta
733 1386 904 1423 celebrat
933 1385 1086 1423 Psalmo
1118 1395 1180 1428 42.
1210 1383 1245 1419 ἃ
1275 1383 1337 1428 84.
1367 1384 1401 1420 &
1435 1395 1520 1431 132.
1553 1383 1808 1431 exemplaque
1838 1382 1984 1420 docent
2011 1381 2050 1420 in
2078 1382 2224 1420 Vetere

284 1446 319 1483 &
347 1445 464 1481 Nouo
502 1443 752 1479 Testamento
791 1438 946 1488 passim.
985 1437 1044 1475 Illi
1082 1437 1175 1473 vero
1205 1434 1254 1472 ad
1282 1442 1436 1485 tempus
1466 1434 1699 1473 reuersionis
1728 1448 1776 1473 ex
1805 1434 2019 1484 Babylonia
2046 1434 2220 1473 iudicant

283 1497 492 1547 pertinere:
523 1495 603 1532 siue
631 1499 672 1529 vt
700 1492 981 1530 adscendentes
1006 1489 1283 1537 Hierosolyma
1298 1501 1338 1526 se
1355 1487 1413 1526 his
1431 1487 1748 1526 meditationibus
1763 1488 1906 1526 sanctis
1921 1489 2221 1537 confirmarent,

282 1550 423 1599 aliique
461 1548 558 1586 alios
591 1547 690 1585 inter
723 1557 765 1583 se
798 1545 1068 1592 hortarentur,
1107 1541 1187 1578 siue
1225 1548 1265 1578 vt
1302 1540 1540 1580 liberationis
1568 1540 1668 1579 illius
1698 1541 1870 1580 diuinam
1899 1541 2129 1580 memoriam
2160 1540 2220 1579 his

282 1603 398 1642 sacris
442 1599 688 1640 cantionibus
727 1597 1124 1646 meditationibusque
1160 1595 1389 1633 recolerent.
1424 1596 1573 1633 Verum
1611 1595 1701 1633 cum
1739 1595 1899 1633 istarum
1937 1606 2091 1644 rerum,
2137 1600 2220 1633 vtut

283 1655 482 1706 speciosae
520 1653 614 1698 sint,
653 1652 803 1689 nullum
836 1650 1041 1701 vestigium
1069 1649 1108 1687 in
1136 1645 1333 1696 scripturis
1361 1654 1606 1697 compareat,
1635 1647 1731 1685 mihi
1759 1647 1896 1698 religio
1924 1655 1982 1686 est
2011 1660 2059 1685 ex
2089 1660 2217 1685 narra-

282 1710 453 1748 tionibus
482 1704 687 1754 eiusmodi,
716 1715 811 1753 quas
836 1705 919 1743 sola
933 1704 1157 1742 coniectura
1173 1699 1313 1749 gignit,
1330 1700 1670 1750 interpretationes
1686 1702 1823 1739 afferre
1834 1731 1844 1749 ,
1860 1702 1895 1739 &
1911 1713 1973 1738 res
1990 1700 2216 1750 probandas

281 1770 468 1811 tanquam
496 1761 680 1810 probatas
710 1757 746 1794 &
774 1764 994 1807 compertas
1022 1755 1059 1794 in
1087 1754 1127 1803 (f.
1158 1754 1249 1801 681)
1279 1753 1453 1791 medium
1481 1754 1690 1792 adducere.
1721 1753 1875 1802 Quodsi
1905 1766 1953 1791 ex
1982 1752 2217 1792 coniecturis

283 1817 409 1854 solum
437 1814 633 1865 agendum
654 1818 775 1861 esset,
806 1811 961 1849 mallem
990 1810 1215 1848 Hebraeam
1244 1819 1384 1845 vocem
1412 1808 1616 1844 adscensus
1645 1806 1804 1855 quidem
1835 1819 2049 1856 exponere,
2083 1805 2218 1844 sedita

281 1875 320 1906 vt
351 1868 399 1906 de
428 1865 586 1917 spiritali
614 1864 769 1915 piorum
802 1863 1006 1902 euectione
1035 1862 1087 1900 ad
1111 1858 1326 1898 Dominum
1356 1858 1486 1909 potius
1513 1862 1631 1908 quam
1661 1860 1710 1897 de
1739 1859 1936 1910 corporali
1965 1867 2076 1897 motu
2105 1858 2213 1897 intel-

282 1921 477 1972 ligeretur:
507 1931 595 1969 quae
623 1916 889 1965 interpretatio
915 1928 1005 1954 cum
1034 1928 1079 1954 ea
1107 1913 1191 1961 ipsa
1217 1925 1336 1962 quam
1364 1925 1436 1950 nos
1466 1911 1740 1962 amplectimur
1770 1912 2087 1951 conuenientiam
2116 1919 2216 1950 esset

282 1974 470 2012 habitura.
510 1972 576 2011 Sin
599 1970 743 2021 gradus
780 1969 887 2008 malit
923 1969 1008 2018 quis
1044 1966 1227 2016 reddere,
1261 1972 1301 2004 vt
1329 1964 1432 2004 Esai.
1461 1968 1524 2013 38.
1553 1966 1624 2004 hos
1654 1966 1829 2004 Psalmos
1854 1966 2071 2004 secundum
2099 1965 2217 2002 horas

283 2027 424 2066 solario
463 2025 663 2064 distinctas
697 2029 872 2061 cantatos
911 2021 949 2059 in
983 2022 1132 2070 templo
1167 2016 1331 2057 dixerim
1365 2021 1423 2067 (vt
1450 2018 1499 2056 de
1527 2019 1683 2056 Psalmo
1715 2032 1776 2057 22.
1804 2026 1965 2057 testatur
1995 2017 2212 2067 inscriptio)

280 2087 369 2130 post
389 2078 654 2118 reuersionem
678 2076 892 2125 Babylone.
921 2074 995 2112 His
1018 2074 1148 2124 itaque
1176 2071 1360 2109 omnibus
1388 2070 1540 2109 omissis
1567 2070 1783 2110 iudicamus
1808 2072 1995 2110 Hebraea
2019 2084 2116 2109 voce
2131 2084 2213 2109 non

276 2135 452 2180 gradus,
488 2139 553 2170 aut
588 2132 813 2178 adscensus,
843 2128 912 2167 sed
940 2128 1179 2166 excellentias
1206 2126 1264 2173 (vt
1292 2127 1381 2163 ante
1411 2123 1594 2172 diximus)
1623 2124 1814 2163 denotari.
1850 2124 1974 2163 Moris
2003 2132 2060 2163 est
2088 2130 2220 2162 autem

282 2186 386 2236 apud
421 2187 650 2233 Hebraeos,
686 2189 726 2220 vt
764 2194 864 2232 quae
892 2181 931 2219 in
960 2192 1114 2219 summo
1152 2181 1187 2217 δε
1216 2176 1454 2228 superlatiuo
1484 2180 1542 2226 (vt
1568 2179 1796 2226 loquuntur)
1825 2177 1948 2228 gradu
1978 2176 2222 2215 enuncianda

281 2246 386 2289 sunt,
416 2253 461 2278 ea
489 2234 739 2276 substantiuis
767 2234 992 2273 nominibus
1007 2231 1165 2284 pluralis
1186 2230 1336 2269 numeri
1359 2229 1636 2280 exprimantur.
1663 2230 1726 2268 Sic
1741 2231 1946 2269 Canticum
1963 2230 2221 2279 canticorum,

284 2295 385 2331 Dan.
415 2306 450 2342 9.
479 2292 515 2329 δε
548 2305 607 2329 10.
636 2290 833 2327 desertum
863 2286 1164 2335 desolationum,
1191 2285 1328 2322 Ierem.
1363 2297 1423 2322 12.
1451 2284 1570 2322 verba
1586 2283 1707 2331 venti,
1724 2285 1810 2322 Iob.
1831 2285 1888 2321 16.
1906 2283 2060 2322 nimbus
2076 2294 2220 2321 vocum

284 2346 370 2384 Iob.
399 2348 461 2394 38.
489 2344 629 2394 quibus
653 2343 692 2380 in
708 2342 782 2381 isto
798 2353 940 2392 genere
955 2339 1048 2378 nihil
1063 2337 1283 2388 comparari
1299 2336 1431 2386 possit.
1447 2349 1494 2374 ac
1509 2336 1676 2386 proinde
1696 2337 1893 2375 Canticum
1909 2338 2217 2374 excellentiarum

283 2399 355 2436 illis
383 2401 472 2436 cum
499 2396 650 2445 dicitur,
677 2402 757 2434 tam
785 2401 897 2432 sonat
928 2394 1046 2442 quam
1075 2390 1216 2430 dixeris
1245 2390 1615 2439 excellentissimum,
1645 2391 1706 2427 vel
1740 2390 1857 2428 Omni
1867 2389 2087 2427 eoecellentici
2103 2391 2218 2437 (quae

283 2451 442 2501 quidem
470 2452 560 2488 vere
590 2447 816 2488 excellentia
844 2448 917 2494 est)
935 2447 984 2484 ἐφ’
994 2443 1238 2494 praestantia
1252 2442 1401 2480 summe?
1414 2444 1655 2481 instructmn.
1672 2444 1801 2492 Atque
1817 2443 1914 2481 haec
1930 2440 2196 2491 interpretatio
2211 2471 2221 2489 ,

283 2504 374 2554 quia
402 2503 486 2542 vsui
505 2503 782 2541 Hebraeorum
806 2498 1007 2538 communi
1021 2497 1184 2537 omnino
1201 2495 1430 2545 respondet,
1447 2495 1482 2532 δε
1499 2495 1681 2533 omnibus
1697 2495 1934 2533 coniecturis
1949 2493 2216 2532 narrationum

283 2559 552 2606 factorumque
581 2562 705 2604 caret,
733 2553 828 2592 mihi
857 2551 1033 2591 omnium
1061 2551 1249 2600 probatur
1279 2548 1458 2587 maxime.

334 2611 424 2648 Non
453 2621 538 2647 sum
566 2607 717 2646 nescius
747 2608 851 2652 fore,
881 2604 948 2654 qui
969 2603 1155 2655 obiiciant
1183 2602 1348 2641 eandem
1378 2612 1536 2651 quoque
1564 2600 1646 2638 aliis
1677 2600 1834 2650 psalmis
1859 2602 1895 2638 &
1917 2600 2079 2639 canticis
2103 2599 2221 2637 sacris

281 2663 404 2701 inesse
420 2661 686 2701 excellentiam
698 2662 732 2698 &
749 2666 954 2709 propterea
969 2656 1146 2706 iniquum
1163 2668 1258 2704 esse,
1275 2661 1315 2692 vt
1329 2667 1422 2703 prae
1436 2653 1509 2691 illis
1525 2653 1777 2691 excellentiae
1791 2655 1874 2692 laus
1888 2654 1948 2692 his
1963 2652 2218 2704 pei-breuibus

282 2715 444 2753 Psalmis
473 2714 729 2753 adscribatur.
759 2713 837 2750 Sed
865 2711 896 2749 si
918 2711 968 2748 ad
997 2723 1078 2748 rem
1106 2709 1156 2758 pij
1175 2706 1428 2755 attenderint,
1445 2706 1758 2744 animaduertent
1772 2705 1812 2743 in
1827 2708 1905 2744 hoc
1921 2705 2218 2755 inscriptionum

282 2780 423 2818 genere
450 2768 529 2805 duo
558 2767 752 2816 quaedam
780 2772 962 2814 oportere
991 2761 1210 2810 obseruari,
1237 2759 1319 2798 sine
1343 2760 1485 2808 quibus
1508 2758 1690 2809 indignus
1715 2759 1778 2796 hic
1793 2758 2054 2809 inscriptionis
2072 2757 2213 2796 modus

2137 2821 2222 2848 esse
