2334 3020
756 99 964 128 THESES
1005 96 1444 125 THEOLOGICAE.
2013 93 2118 132 115'

161 216 293 254 Galat.
327 229 356 252 1.
390 214 529 251 Paulus
558 208 708 248 fortiter
736 213 851 257 neget
877 204 1029 244 licuisse
1056 203 1266 254 quicquam
1296 203 1439 241 docere
1465 202 1504 240 in
1532 201 1709 240 Ecclesia
1737 207 1887 251 praeter
1914 213 1959 238 ca
1986 211 2087 249 quae

155 271 178 307 a
207 267 361 307 Christo
389 269 632 315 acceperant.

208 335 270 368 42.
325 318 561 368 Scripturam
589 314 704 364 igitur
731 325 813 351 esse
841 312 1101 360 adaequatam
1129 311 1301 360 regulam
1331 308 1419 347 fidei
1449 316 1623 356 nostrae,
1650 321 1734 346 esse
1750 307 1898 356 lydium
1914 305 2092 356 lapidem

155 374 205 412 ad
231 385 350 423 quem
377 371 510 410 omnia
537 365 761 419 probanda,
796 372 834 403 vt
861 365 969 414 quod
996 365 1145 402 bonum
1173 371 1230 401 est
1259 362 1505 400 retineamus:
1536 374 1616 399 non
1645 361 1761 399 licere
1794 359 1859 397 vlli
1888 366 2092 398 creaturae

155 427 363 476 quicquam
391 425 439 463 de
468 437 514 462 ea
542 420 763 470 detrahere,
790 425 855 457 aut
880 417 914 456 ei
938 416 1124 468 adiicere,
1144 415 1704 454 concludimus&constanter
1718 413 1934 451 asserimus.
1965 414 2093 451 Dent.

157 493 192 527 4.
224 493 258 517 2.
286 479 406 528 Apoc.
435 490 494 515 22.
529 478 587 513 18.

321 735 390 773 IV.
446 736 532 772 DE
576 735 1106 773 AVTHORITATE
1151 734 1426 771 SACRAE
1469 730 1944 770 SCRIP'I‘URAE.

218 866 246 891 ι.
287 853 379 890 CVM
408 854 532 890 DEUM
562 855 617 899 (vt
653 859 709 890 est
743 862 939 890 summum
966 852 1131 898 bonum)
1156 849 1361 888 nobiscum
1377 848 1625 898 pergratiam
1642 846 1861 885 salutariter
1877 844 2093 883 communi-

153 918 260 943 casse
289 912 462 943 constet:
493 905 734 954 modumque
761 902 1126 942 communicationis
1156 904 1216 941 vel
1244 915 1484 950 sermonem,
1507 908 1723 950 conceptus
1739 899 1882 947 diuini,
1903 900 1962 937 vel
1979 897 2096 946 scrip-

156 967 303 1007 turam,
332 959 504 1006 sermo(f.
539 957 727 1004 1602.)nis
757 957 879 995 diuini
906 956 1082 995 diuinum
1110 957 1332 1004 symbolum
1354 953 1788 1003 atqueinstrumentum
1807 965 1890 990 esse
1906 950 2096 1001 superiori

156 1010 419 1060 disputatione
447 1011 757 1049 demonstratum
782 1009 849 1059 sit3
864 1008 1125 1048 necessarium
1139 1015 1196 1046 est
1210 1015 1251 1046 vt
1273 1007 1353 1045 eius
1369 1006 1589 1056 Scripturae
1605 1005 1817 1044 authoritas
1833 1005 1940 1054 apud
1956 1016 2092 1041 omnes

156 1063 342 1114 deinceps
373 1063 607 1112 stabiliatur,
634 1065 724 1101 cum
752 1063 801 1100 ad
829 1061 1084 1101 reuerentiam
1112 1061 1164 1099 illi
1193 1059 1501 1107 conciliandam,
1531 1067 1613 1096 tum
1642 1061 1733 1096 vero
1763 1059 1812 1096 ad
1836 1058 1984 1095 animos
2002 1069 2095 1093 ‹ten-

156 1116 271 1154 stanti
299 1116 531 1154 certitudine
559 1120 593 1155 ἃ
622 1116 748 1154 solida
774 1115 978 1154 securitate
1006 1113 1286 1153 obfirmandos.
1314 1114 1368 1150 Vt
1399 1115 1490 1150 vero
1520 1111 1712 1150 certitudo
1730 1110 1859 1148 eius&
1877 1110 2090 1152 αὐτοπιςία·

157 1169 360 1208 hominum
388 1169 612 1219 pectoribus
641 1168 888 1207 commodius
916 1175 1127 1216 asseratur,
1155 1165 1282 1215 primo
1311 1172 1489 1203 constare
1518 1165 1635 1203 debet
1665 1163 1769 1201 illam
1801 1163 1839 1200 in
1866 1176 1905 1199 se
1923 1161 2095 1198 diuinam

158 1235 259 1272 esse,
302 1222 445 1261 deinde
487 1225 580 1260 vero
622 1220 661 1259 in
702 1221 815 1260 nobis
857 1220 1031 1258 diuinam
1068 1218 1306 1257 confirmari.
1348 1218 1450 1256 Illud
1479 1217 1518 1255 in
1548 1219 1652 1255 hunc
1685 1217 1848 1254 modum
1879 1214 2095 1252 secundum

159 1288 298 1314 omnes
328 1287 484 1313 caussas
513 1274 826 1313 demonstramus
855 1271 1159 1311 euidentissime.

211 1342 243 1365 2.
300 1329 470 1366 Caussae
505 1333 636 1365 autem
673 1334 790 1376 prout
816 1333 926 1374 sunt,
955 1327 1016 1364 vel
1044 1331 1228 1364 externae
1257 1325 1389 1374 quales
1417 1329 1523 1365 sunt.
1553 1321 1725 1360 efficiens
1755 1323 1790 1360 ἃ
1819 1320 1924 1358 finis:
1956 1320 2016 1356 vel
2046 1318 2100 1356 in-

155 1388 308 1431 ternae,
335 1382 469 1430 quales
499 1379 659 1418 materia
688 1382 723 1418 δῖ
752 1382 899 1418 forma:
929 1378 981 1417 ita
1010 1391 1148 1416 omnes
1176 1377 1349 1416 diuinam
1378 1389 1462 1415 esse
1490 1375 1730 1425 Scripturam
1760 1375 1945 1413 euincunt
1973 1370 2101 1410 certis-

155 1434 264 1472 sime.
303 1434 498 1483 Efstcz'ens
536 1444 672 1470 caussa
709 1440 766 1471 est
803 1431 990 1470 Primaria
1027 1433 1062 1470 δι
1090 1431 1341 1469 Secundaria.
1383 1431 1590 1468 Primaria
1618 1430 1726 1467 Deus
1755 1429 1888 1476 Pater,
1918 1425 2037 1463 Filius
2066 1426 2100 1461 ἃ

156 1486 317 1536 Spiritus
357 1493 530 1524 sanctus:
575 1485 641 1534 qui
679 1484 868 1535 quicquid
901 1483 1002 1535 agit,
1039 1484 1233 1533 loquitur,
1264 1486 1299 1523 δε
1326 1483 1483 1532 scribit,
1513 1481 1796 1520 conuenienter
1824 1492 1916 1518 suae
1942 1485 2103 1516 naturae

154 1539 255 1589 agit,
299 1538 490 1588 loquitur,
533 1539 569 1576 &
597 1538 751 1589 scribit,
792 1539 832 1576 id
869 1536 928 1576 es‘t
954 1537 1088 1576 diuino
1120 1537 1243 1575 modo
1273 1538 1309 1575 &
1337 1534 1532 1575 infallibili
1558 1535 1740 1583 veritate,
1773 1547 1808 1571 2.
1843 1535 1882 1571 T
1878 1535 1942 1570 im.
1972 1545 2008 1580 3.
2044 1532 2103 1568 16.

154 1593 396 1631 Secutzdaria
437 1602 573 1629 caussa
613 1599 703 1630 sunt
744 1590 845 1629 serui
887 1591 1043 1641 publice
1086 1590 1218 1628 diuina
1262 1590 1459 1629 authorita
1495 1600 1612 1638 supra
1650 1586 1870 1626 Ecclesiam
1900 1585 2102 1633 reliquam.

159 1659 193 1683 2.
222 1646 331 1682 Patr.
365 1658 397 1683 1.
428 1658 490 1682 21.
519 1645 555 1681 δε
582 1644 697 1683 donis
726 1645 778 1683 ad
807 1644 1056 1682 vocationem
1079 1645 1181 1682 hanc
1206 1639 1861 1694 singularem&extraordinariam
1879 1636 2104 1676 necessariis

154 1698 193 1736 in
220 1698 398 1736 Ecclesia
426 1697 619 1736 instructi:
661 1698 739 1745 Qui
767 1698 872 1736 velut
900 1696 1038 1746 notarij
1069 1696 1215 1747 publici
1237 1700 1482 1739 θεοπνεύςως
1509 1695 1838 1744 perscripserunt,
1864 1694 1898 1730 ἃ
1915 1699 2102 1739 tanquam

154 1752 193 1789 in
235 1751 385 1789 tabulas
426 1749 602 1800 publicas
644 1752 857 1789 retulerunt
910 1750 1063 1801 onmia,
1105 1761 1205 1799 quae
1243 1749 1405 1798 Spiritus
1434 1747 1509 1786 Dei
1537 1748 1611 1786 illis
1638 1748 1678 1785 in
1708 1745 1894 1783 mandata
1925 1744 2102 1782 dederat.

154 1806 268 1842 Haec
303 1811 433 1842 autem
470 1810 550 1841 tam
590 1816 697 1853 vera,
735 1806 770 1842 &
797 1809 904 1842 certa
930 1811 1040 1852 sunt,
1070 1805 1189 1852 quam
1217 1814 1329 1840 verus
1358 1809 1416 1839 est
1446 1802 1574 1851 Deus,
1604 1801 1671 1850 qui
1700 1813 1768 1849 per
1800 1799 1887 1836 illos
1915 1799 2104 1846 loquutus

155 1864 236 1903 est,
264 1859 302 1895 δι
327 1855 492 1907 scripsit.

207 1922 244 1958 3.
299 1910 446 1948 Caussa
473 1917 632 1948 externa
657 1911 777 1948 altera
807 1916 863 1947 cst
892 1908 997 1958 finis,
1024 1907 1090 1958 qui
1118 1910 1180 1946 vel
1201 1909 1446 1958 primarius,
1476 1906 1600 1956 gloria
1629 1905 1722 1955 Dei,
1746 1906 1808 1943 vel
1823 1903 2076 1941 seczmdam'us
2093 1931 2104 1951 ,

155 1964 256 2001 salus
297 1970 450 2008 nostra,
493 1963 735 2001 diuinitatem
772 1962 983 2012 scripturae
1021 1962 1111 1999 satis
1148 1961 1286 2011 arguit.
1328 1961 1429 1998 Nam
1457 1959 1605 2008 reliqua
1633 1959 1777 2007 scripta
1805 1959 1991 2006 pleraque
2022 1955 2098 2004 ple-

158 2028 307 2065 runque
348 2016 514 2066 gloriam
551 2027 660 2054 suam
689 2014 762 2053 sibi
796 2021 1036 2065 proponunt.
1074 2028 1109 2053 2.
1145 2015 1241 2052 Tim.
1272 2026 1308 2062 3.
1343 2026 1403 2061 13.
1430 2013 1538 2050 nulla
1565 2012 1616 2050 ad
1645 2018 1843 2049 aeternam
1872 2010 2037 2046 salutem
2065 2010 2100 2046 Sc

158 2081 289 2107 veram
316 2068 597 2107 beatitudinem
626 2069 860 2118 adsurgunt:
890 2069 995 2105 nulla
1023 2067 1214 2106 eiusmodi
1247 2067 1363 2104 finem
1392 2065 1621 2115 intendunt,
1651 2064 1746 2102 nulli
1773 2076 1843 2113 per
1871 2075 1917 2100 ea
1941 2068 2103 2099 conten-

155 2122 272 2159 dunt:
308 2121 441 2160 omnia
476 2121 527 2159 ad
563 2122 661 2159 haec
688 2120 879 2159 naturalia
908 2133 981 2159 nos
1011 2120 1232 2170 deuehunt,
1259 2119 1372 2157 isthic
1401 2118 1635 2156 subsistunt:
1665 2118 1749 2155 sola
1777 2128 1888 2154 sacra
1915 2113 2105 2164 scriptura

157 2174 208 2212 ad
234 2175 352 2212 finem
380 2175 714 2224 supernaturalem
741 2173 922 2212 subuehit
949 2176 985 2212 &
1011 2173 1250 2222 transuehit,
1280 2173 1363 2210 sola
1391 2170 1643 2209 transcendit.
1674 2170 1815 2207 Diuina
1843 2180 1950 2217 ergo.

215 2240 251 2274 4.
305 2229 527 2277 Sequuntur
568 2239 726 2266 caussae
767 2227 941 2265 internae
983 2227 1103 2265 duae:
1146 2226 1311 2264 Materia
1349 2227 1384 2263 ἃ
1419 2225 1565 2272 forma,
1594 2234 1694 2273 quae
1724 2221 1995 2261 certitudinem
2023 2219 2103 2257 eius

161 2280 308 2329 liquido
350 2281 601 2318 conuincunt.
645 2281 825 2318 Materia
853 2287 911 2318 est
938 2280 1046 2318 Deus
1073 2280 1174 2329 ipse,
1203 2281 1238 2317 &
1267 2291 1326 2316 res
1355 2290 1492 2315 omnes
1520 2277 1572 2315 ad
1600 2278 1729 2314 Deum
1753 2275 1974 2313 ordinatae:
2005 2284 2105 2321 quae

162 2333 293 2371 omnia
326 2335 417 2371 esim
452 2346 561 2372 sacra
589 2333 789 2383 Scriptura
816 2339 956 2371 tractet
987 2332 1117 2371 diuina
1147 2331 1397 2380 certitudine,
1426 2338 1506 2368 tam
1539 2336 1645 2368 certa
1673 2335 1780 2379 sunt,
1810 2329 1929 2377 quam
1957 2333 2105 2363 certum

162 2393 220 2424 est
260 2398 343 2424 esse
385 2388 528 2424 Deum.
566 2385 735 2435 Reliqua
761 2386 836 2424 alia
863 2386 1006 2435 scripta
1033 2386 1127 2424 nihil
1157 2385 1229 2423 nisi
1255 2383 1456 2422 hominem
1485 2382 1650 2432 sapiunt.
1694 2381 1800 2420 Nihil
1829 2380 1976 2429 spirant
2003 2377 2108 2416 aliud

161 2446 227 2476 aut
254 2438 442 2488 inspirant
469 2438 552 2477 aliis
580 2439 652 2477 nisi
680 2440 861 2477 humana.
891 2440 942 2477 Et
970 2439 1060 2476 cum
1088 2451 1225 2477 eorum
1253 2437 1462 2486 scriptores
1490 2436 1661 2474 humana
1689 2435 1841 2473 tantum
1868 2438 1998 2471 mente
2013 2443 2108 2469 con-

161 2490 325 2541 cipiant,
353 2492 415 2541 alij
446 2493 497 2530 ab
523 2491 662 2531 iisdem
690 2493 860 2530 humana
886 2498 1038 2530 tantum
1065 2492 1287 2541 accipiunt,
1315 2490 1387 2528 nisi
1417 2497 1609 2539 quatenus
1637 2489 1866 2538 scripturam
1891 2490 2106 2534 sequuntur

162 2544 422 2595 pedetentim,
459 2545 527 2583 sed
563 2545 728 2594 pedibus
765 2547 822 2593 (vt
858 2544 912 2583 sic
940 2546 1163 2594 loquamur)
1192 2543 1409 2593 lutulentis,
1438 2542 1504 2592 qui
1531 2543 1607 2580 suis
1637 2539 1869 2579 commentis
1898 2551 1984 2577 eam
2013 2549 2105 2575 con-

163 2603 366 2647 spurcant,
394 2604 512 2647 atque
539 2597 591 2635 ita
619 2611 666 2636 ex
695 2597 827 2636 diuina
854 2599 1067 2635 humanam
1095 2598 1241 2635 faciunt
1267 2596 1400 2645 aliquo
1429 2595 1564 2634 modo.

219 2660 253 2699 5.
308 2651 455 2688 Forma
486 2651 653 2702 duplex;
681 2651 834 2688 interna
859 2663 955 2700 vna,
983 2658 1143 2688 externa
1171 2651 1310 2691 altera,
1339 2648 1431 2687 facit
1444 2648 1495 2687 ad
1509 2647 1758 2686 asserendam
1775 2644 1996 2695 Scripturae
2014 2641 2108 2681 diui-

164 2702 339 2741 nitatem.
380 2704 546 2741 laterna
580 2704 707 2741 forma
733 2710 792 2742 est
819 2703 952 2742 diuina
978 2704 1136 2751 veritas,
1164 2704 1263 2741 iusta
1290 2708 1444 2752 sancta,
1474 2702 1670 2751 perfecta,
1699 2711 1789 2738 cum
1818 2696 1976 2736 homine
2005 2709 2112 2734 com-

167 2755 411 2794 municabilis
448 2758 484 2794 δι
521 2768 611 2794 cum
647 2756 733 2806 ipsa
773 2757 972 2807 Scriptura
1013 2755 1266 2807 άντίςροφοςε
1309 2767 1428 2805 quam
1464 2755 1554 2793 cum
1590 2754 1740 2792 nullum
1778 2751 1884 2790 aliud
1927 2749 2111 2808 scriptum

1884 2809 2116 2853 expresserit
