2334 3020
274 77 297 109 4

269 186 432 222 iacebam
468 187 702 221 metatorum
732 182 848 217 mole:
880 192 993 228 quum
1024 179 1230 228 ipsissimos
1248 177 1451 215 =vndarum
1483 177 1670 227 ciuilium,
1702 177 1835 225 quibus
1855 176 2083 214 tricesimum
2091 176 2185 225 fere

270 258 410 283 cinnum
452 245 611 281 immane
651 244 832 290 quantum
873 239 1064 276 voluimur
1076 267 1087 286 ,
1120 237 1255 286 fontes
1294 237 1451 274 vixdum
1492 248 1763 284 cognoscerem.
1825 237 1986 285 Impulit
2012 236 2104 274 lzaec
2129 249 2186 274 me

271 317 429 354 caussa,
468 308 511 341 vt
546 302 702 350 varios,
739 299 871 349 quibus
910 299 1155 336 memineram
1191 297 1304 334 initia
1342 297 1435 334 naec
1474 296 1531 333 ad
1568 297 1747 334 amussim
1777 300 1991 347 comperta,
2022 298 2186 345 quo'sque

270 364 467 412 singulari
504 361 699 411 praeditos
740 358 967 396 auctoritate
1003 358 1043 396 in
1081 370 1126 394 ea
1160 357 1343 394 moliendo
1381 368 1573 403 magnam.
1581 361 1740 406 partem
1769 357 2010 395 inaudieram
2032 355 2185 406 fuisse,

271 424 488 462 accesserim
503 452 513 472 ,
545 421 793 459 consuluerim
827 419 876 456 ἐφ’
905 418 1093 467 quidquid
1113 417 1329 466 primorum
1360 420 1526 453 motuum
1555 420 1683 454 notum
1714 417 1762 454 iis
1792 421 1908 467 esset,
1924 416 2079 463 benigne
2094 416 2189 453 milti

271 485 487 534 aperirent,
519 481 708 528 rogarim.
738 479 787 516 In
817 478 953 515 librum
983 489 1138 515 numero
1147 474 1272 528 facile
1279 477 1462 526 princeps
1480 475 1525 528 (f.
1549 477 1601 524 1.)
1615 475 1706 525 suit
1731 477 1771 515 V.
1790 479 1843 515 N.
1861 476 2060 514 FRAN
2070 476 2133 513 CI
2143 476 2186 513 S·

277 545 311 582 C
330 543 400 581 VS
437 543 469 579 J
484 542 569 579 VN
581 541 606 578 l
627 539 705 577 VS.
752 538 971 576 Adstiterat
998 537 1095 574 enim
1123 537 1207 586 liic,
1237 540 1280 574 vt
1303 536 1417 573 multi
1443 536 1725 587 adfirmabant,
1751 537 1844 586 ipsis
1871 537 2074 574 turbarum
2096 537 2184 584 son-

271 604 366 641 tibus
380 632 390 652 ,
423 603 472 639 &⁵
503 599 784 638 accuratissime
813 601 974 635 notarat
999 597 1152 646 quantis
1183 596 1479 646 tempestatibus,
1516 596 1556 633 in
1586 597 1700 644 quam
1729 609 1868 644 magno
1901 598 1950 634 ἐφ’
1970 597 2187 647 procelloso

267 665 405 713 pelago
449 662 593 698 iactata
625 659 760 708 suerit
801 658 933 707 nauis,
979 669 1057 705 qua
1100 657 1309 707 tranquille
1353 656 1431 692 iam
1476 656 1526 693 ἂψ
1560 661 1710 706 parum
1755 657 1860 694 abest
1895 661 2011 694 extra
2051 657 2187 694 discri-

272 735 352 760 men
388 734 514 770 omne,
545 720 738 768 vehimur,
775 718 921 755 sedente
950 717 1007 754 ad
1038 718 1186 754 clauum
1224 715 1492 753 Gubernatore
1523 716 1777 766 peritissimo,
1811 717 1987 765 cuiu'sque
2017 718 2119 754 oculi
2147 717 2186 754 in

272 783 397 820 omnia
427 781 570 818 intenti.
603 779 730 830 Adeo,
763 778 962 827 compello,
982 782 1152 826 precor,
1184 780 1366 825 quantum
1391 776 1575 813 memoria
1599 776 1885 826 suppeditabat,
1909 778 2085 814 nonnilzil
2106 778 2187 814 illo-

273 855 359 880 rum
390 843 600 890 exponeret.
647 838 763 886 Quod
787 838 1031 888 quaerebam,
1063 837 1172 874 lzaud
1198 835 1412 887 difficulter
1444 836 1491 873 ab
1519 836 1789 873 humanissimo
1819 837 1904 874 viro
1937 838 1986 874 ἐφ’
2015 837 2188 875 docendis

273 903 361 939 aliis
390 902 476 938 vere
506 904 613 946 nato,
651 911 732 936 sum
762 898 1005 946 adsequutus.
1052 897 1284 934 Disserebat
1311 897 1372 934 vir
1402 908 1566 944 magnus
1586 896 1760 946 fideliter
1792 897 1841 934 ἐφ’
1873 897 2009 945 absque
2027 897 2119 944 fuco
2144 897 2189 934 de

272 975 366 1000 vera
397 961 446 998 &⁹
465 959 645 1009 principe
661 959 893 1006 grauissimi
919 958 1007 994 belli
1034 969 1196 994 caussa:
1227 957 1272 993 de
1303 956 1557 1005 inquisitionis
1588 957 1628 994 in
1655 956 1877 1005 Hispania,
1909 969 2018 1006 quum
2052 957 2188 994 Ferdi-

274 1022 422 1059 nandus
445 1023 652 1068 regnaret,
684 1018 906 1055 natiuitate:
938 1018 983 1054 de
1012 1017 1197 1066 eiusdem,
1231 1016 1336 1054 Sz'xtz·
1364 1016 1434 1065 iiij.
1466 1021 1607 1067 opera,
1639 1017 1889 1054 incremento:
1921 1017 1965 1054 de
1994 1017 2124 1064 rigido
2149 1017 2189 1054 in

274 1082 525 1125 Libertatem,
557 1079 794 1126 Priuilegia,
828 1078 974 1115 Plebem
988 1107 998 1127 ,
1030 1078 1238 1126 Proceres,
1271 1077 1413 1124 Regem
1455 1076 1568 1114 etiam
1623 1077 1743 1126 ipsum
1790 1077 1947 1126 imperio
1971 1090 1985 1114 .·
2026 1077 2070 1114 de
2108 1078 2191 1114 lata

275 1142 429 1189 denique
468 1140 547 1177 eius
588 1142 702 1175 extra
741 1142 869 1176 vastos
903 1138 1105 1175 [berorum
1126 1138 1231 1187 fines
1255 1137 1551 1187 propagatione.
1595 1136 1812 1174 Narrabat
1837 1138 1958 1174 multa
1987 1138 2032 1174 de
2066 1138 2191 1174 immo-

275 1203 411 1239 derata
441 1200 668 1236 Edictorum
699 1199 902 1236 acerbitate
932 1198 1137 1235 aduersum
1169 1210 1252 1248 eos,
1278 1198 1346 1246 qui
1363 1196 1637 1245 Reformatam
1653 1198 1875 1245 religionem
1887 1198 2190 1248 profitebantur:

276 1262 320 1299 de
350 1262 503 1297 illorum
521 1259 859 1311 promulgatione,
892 1259 997 1295 nullo
1026 1261 1219 1307 expectato
1258 1255 1448 1294 Ordinum
1479 1257 1641 1295 adsensu
1654 1270 1667 1295 .·
1688 1257 1733 1294 de
1748 1258 1896 1294 crudeli
1914 1258 2189 1304 Exsecutione,

277 1333 353 1370 qua
395 1320 619 1357 miserorum
651 1318 844 1366 fortunae
880 1318 1150 1368 expilabantur
1160 1346 1172 1363 ,
1214 1329 1291 1366 qua
1328 1318 1651 1354 excruciabantur
1680 1318 1924 1355 conscientiae
1937 1347 1947 1367 ,
1978 1330 2055 1367 qua
2092 1317 2192 1355 Ciui-

277 1385 372 1418 tates
403 1379 628 1426 Priuilegiis
663 1379 741 1416 suis
764 1378 1067 1427 fraudabantur
1078 1406 1090 1423 ,
1117 1390 1195 1426 qua
1225 1389 1349 1415 omnes
1379 1378 1541 1415 omnium
1567 1378 1744 1415 ordinum
1757 1407 1766 1425 ‚
1790 1378 1920 1415 habita
1941 1379 2009 1415 vix
2031 1378 2191 1424 aetatis,

277 1441 385 1478 nulla
430 1444 559 1476 autum
603 1450 716 1476 sexus
755 1440 926 1487 ratione,
975 1439 1033 1476 ad
1071 1439 1283 1485 lanienam,
1318 1441 1506 1475 tormenta
1519 1467 1529 1487 ,
1570 1438 1757 1487 supplicia
1796 1438 2081 1488 raptabantur:
2116 1450 2194 1486 qua

277 1512 455 1549 carcere,
500 1499 658 1536 vinculis
671 1528 681 1548 ,
723 1500 910 1549 equuleis,
941 1496 1088 1549 ferro,
1133 1510 1266 1548 cruce,
1292 1499 1482 1548 flamma,
1519 1497 1793 1547 defossionibus
1806 1528 1816 1548 ,
1852 1499 2120 1545 mersionibus,
2153 1498 2193 1534 in

277 1561 494 1609 vm'uersos,
535 1558 678 1595 indicta
719 1571 874 1608 caussa,
918 1559 1044 1597 diebus
1080 1559 1269 1608 omnibus,
1310 1563 1421 1608 saepe
1450 1559 1562 1596 etiam
1593 1558 1812 1608 intempesta
1840 1562 1965 1607 nocte,
1996 1559 2193 1595 immanem

278 1622 317 1658 in
357 1620 505 1656 modum
534 1619 788 1657 saeuiebatur.
836 1619 1161 1656 Commemorabat
1191 1618 1345 1669 infinita
1381 1618 1426 1656 de
1465 1619 1628 1668 specioso
1663 1619 1949 1657 conseruandae
1979 1619 2194 1666 Religionis

285 1680 500 1717 Catholicae
538 1679 642 1728 velo,
683 1679 886 1716 Nouorum
927 1679 1203 1730 Episcoporum
1216 1708 1227 1729 ,
1268 1679 1336 1728 qui
1361 1679 1462 1729 fidei
1498 1679 1752 1728 Inquisitores
1783 1682 1946 1727 agerent
1972 1680 2022 1717 (ἓν
2059 1678 2193 1727 Θίιτιῖι]

268 1743 493 1789 potestatem
538 1743 786 1788 occuparent,
833 1739 1083 1788 institutione,
1131 1739 1312 1777 nesciente
1357 1743 1428 1776 aut
1459 1739 1558 1777 certe
1598 1751 1673 1776 non
1709 1740 2034 1778 animaduertente
2063 1740 2191 1786 Rege,

279 1803 414 1837 contra
455 1810 579 1835 omnes
617 1798 818 1835 Maiarum
857 1800 959 1836 ritus
990 1800 1039 1837 ἐφ’
1070 1800 1369 1846 consuetudines,
1401 1803 1538 1837 contra
1567 1803 1735 1838 veterum
1766 1800 2018 1838 Abbatiarum
2045 1798 2195 1848 fienda-

280 1860 417 1909 tiones,
456 1861 592 1895 contra
632 1859 867 1906 reliquorum
909 1860 1207 1909 Episcopatuum
1247 1860 1552 1898 iurisdictiones:
1594 1860 1725 1910 infidis
1765 1861 1892 1899 omnia
1937 1859 2199 1897 Granuellani

281 1918 367 1967 (qui
394 1918 494 1956 nillil
519 1930 594 1955 non
623 1919 792 1966 volebat,
825 1919 924 1956 nilu'l
950 1932 1023 1957 non
1041 1924 1206 1969 poterat
1232 1921 1272 1958 in
1301 1921 1519 1967 Belgarum
1543 1921 1769 1971 perniciem)
1801 1921 1961 1958 artibus.
2001 1919 2197 1966 Addebat,

280 1979 339 2016 liis
385 1978 552 2015 omnibus
597 1978 745 2015 tandem
791 1979 998 2027 aliquando
1049 1980 1237 2018 Proceres
1277 1980 1549 2030 intercessisse,
1603 1980 1668 2029 qui
1715 1994 1789 2019 non
1835 1980 2004 2018 obscuris
2048 1980 2198 2017 indiciis

281 2038 478 2087 videbant,
529 2037 607 2074 nisi
653 2038 857 2088 principiis
911 2043 1180 2076 occurreretur
1193 2069 1204 2089 ,
1256 2041 1306 2078 &0
1355 2041 1506 2077 mature
1553 2040 1848 2090 prouideretur,
1887 2041 2054 2091 plebem,
2101 2051 2199 2089 quae

283 2098 429 2146 alioqui
451 2097 730 2146 patientissima
760 2102 849 2135 erat
882 2100 932 2136 ἐφ’
961 2100 1024 2136 sui
1047 2101 1233 2148 principis
1263 2101 1528 2138 amantissima
1541 2128 1552 2149 ,
1582 2113 1658 2138 non
1687 2107 1794 2151 posse
1821 2101 1966 2138 diutius
1997 2100 2036 2137 in
2066 2100 2197 2148 officio

283 2157 489 2206 contineri,
535 2157 585 2193 ὢν
623 2158 764 2194 cladem
804 2159 970 2207 aliquam
1011 2160 1082 2196 toti
1117 2160 1301 2207 Belgicae
1341 2165 1483 2198 certam
1514 2160 1661 2198 instare
1677 2174 1691 2198 .·
1722 2162 1770 2198 ab
1799 2162 1849 2198 iis
1878 2161 1981 2198 nillil
2007 2160 2067 2207 vi,
2098 2160 2202 2197 nilu’l

281 2218 394 2255 malis
439 2216 586 2253 artibus
626 2216 807 2265 (quarum
847 2219 956 2255 lzaud
986 2219 1070 2256 iure
1099 2220 1438 2270 insimulabantur)
1470 2224 1674 2257 tentatum:
1705 2223 1858 2259 missum
1889 2221 1929 2258 in
1958 2220 2195 2269 I1⁷ispaniani

279 2279 476 2314 Baronem
517 2277 542 2312 a
578 2276 798 2326 Montzggrni,
834 2279 1060 2316 Edictorum
1100 2280 1340 2318 acerbitatem
1381 2281 1696 2330 deprecaturum,·
1737 2294 1819 2319 eum
1845 2281 1978 2331 paullo
2008 2283 2119 2329 post,
2150 2291 2196 2317 re

279 2336 444 2387 infecta,
489 2335 631 2373 obsesso
668 2337 715 2373 ab
753 2337 1046 2386 Inquisitoribus
1083 2339 1132 2376 ὅτ’
1173 2340 1212 2377 in
1248 2341 1463 2388 ambiguum
1503 2342 1674 2378 lacerato
1710 2342 1798 2379 boni
1821 2340 2012 2390 principis
2042 2340 2169 2377 animo
2183 2369 2194 2390 ,

278 2397 458 2434 rediisse:
500 2395 702 2434 detestatus
741 2397 893 2434 subinde
922 2399 1128 2449 perfidiam
1165 2400 1204 2437 in
1243 2401 1386 2448 Regem
1404 2401 1730 2450 placidissimum,
1752 2401 1943 2450 fraudem
1973 2400 2014 2437 in
2041 2400 2191 2437 Nobili-

278 2461 409 2502 tatem,
450 2458 668 2492 contemtum
701 2456 751 2494 ἐν
781 2458 990 2495 calumnias
1025 2459 1064 2495 in
1095 2459 1236 2497 liberas
1265 2461 1437 2498 ciuitates
1450 2490 1460 2510 ,
1497 2461 1758 2498 crudelitatem
1793 2462 1833 2499 in
1861 2461 2112 2509 obsequentem
2144 2461 2194 2498 ἐφ’

279 2515 430 2565 ἱηφενῇ
454 2516 660 2563 patientem
698 2517 906 2565 Populum,
943 2518 1239 2556 coniurationem
1281 2520 1438 2570 denique
1467 2525 1688 2570 paucorum
1717 2534 1792 2559 non
1827 2522 1950 2559 solum
1980 2520 2038 2557 ad
2062 2520 2194 2569 oppri-

275 2576 445 2613 mendam
476 2575 700 2625 Belgicam,
729 2578 972 2614 verumetiam
1003 2578 1059 2614 ad
1083 2579 1379 2626 exstinguendas
1409 2592 1534 2618 omnes
1559 2582 1698 2630 reliqui
1723 2581 1827 2618 orbis
1860 2581 2078 2619 Christiani
2079 2580 2195 2629 pacis

276 2636 326 2673 ὀύ
357 2635 648 2683 tranquillitatis
678 2636 874 2684 reliquias.
905 2637 1135 2688 Adiiciebat,
1166 2640 1322 2677 enitente
1350 2641 1475 2688 magis
1507 2641 1700 2690 magisque
1720 2654 1828 2679 suum
1854 2640 2060 2678 Nauorum
2076 2639 2194 2688 Epis-

276 2701 452 2744 coporum
479 2693 630 2742 foetum
674 2694 940 2734 Granuellano
953 2727 964 2748 ,
992 2698 1128 2736 iterum
1151 2699 1191 2736 in
1206 2699 1442 2751 Hispaniam
1463 2701 1636 2752 missum,
1654 2702 1808 2739 consilio
1830 2700 2123 2738 Gubernatricis
2145 2699 2195 2736 ἂν

1946 2759 2196 2809 Optimatium
