2334 3020
750 116 964 146 THESES
1004 113 1438 144 THEOLOGICAE.
1993 114 2070 156 279

129 228 291 266 listinct.
322 237 384 275 33.
410 225 600 263 Bellarm.
630 224 674 262 de
701 225 882 262 Matrim.
913 230 996 274 cap.
1030 237 1089 261 11.
1124 224 1219 261 Gen.
1251 235 1284 260 2.
1318 235 1378 270 24·
1407 223 1531 261 Leuit.
1566 223 1624 261 18.
1658 222 1824 261 Malaclz.
1857 236 1890 260 2.
1926 236 1982 271 14.
2009 234 2069 273 15.

130 281 271 372 Mcgmb
273 288 441 380 Ciiiitrsa,
471 330 602 368 multis
631 329 858 368 nominibus
886 341 996 368 suam
1026 329 1287 379 ignorantiam
1302 328 1558 378 prodiderunt
1573 328 1735 367 Cathari
1749 336 1787 367 et
1802 329 2066 367 Montanistae

130 393 300 436 veteres,
343 384 409 434 qui
445 383 635 422 secundas
671 383 825 432 nuptias
863 383 1041 422 absolute
1071 383 1328 421 damnarunt:
1372 388 1412 419 vt
1440 383 1476 420 &
1504 381 1740 420 recentiores
1770 381 1837 431 qui
1865 382 1918 420 eis
1948 383 2065 420 bene-

132 438 346 478 dictionem
380 437 632 485 subtrahunt,
661 437 698 474 81
733 436 764 474 si
792 435 858 485 qui
885 449 950 474 eas
979 442 1275 485 contraxerunt,
1313 447 1381 472 eos
1409 435 1459 472 ad
1488 446 1548 472 res
1578 447 1707 473 sacras
1733 433 2063 474 administrandas

131 492 341 541 ineptiores
383 489 476 539 ipsis
516 489 575 527 ad
573 489 699 527 ilteris
741 491 777 528 &
819 489 1100 527 scortatoribus
1143 487 1338 538 iudicant,
1380 489 1472 526 cum
1515 495 1647 526 tamen
1691 488 1881 538 expressis
1928 489 2069 527 Sacrae

132 545 355 594 Scripturae
397 543 494 581 locis
532 542 866 580 sanctissimorum
904 544 1061 580 Patrum
1099 541 1314 592 exemplis,
1356 542 1392 580 &
1421 540 1696 591 augustissimo
1725 543 1769 580 B.
1799 541 2006 591 Augustini
2035 543 2070 579 &

136 595 372 646 Hieronymi
399 595 644 644 testimonio,
674 595 912 634 contrarium
942 596 1230 633 demonstratur
1259 595 1379 644 quam
1408 594 1733 633 manifestissime.
1773 593 1876 632 Vide
1911 595 2073 633 Tertull.

134 652 198 690 lcb.
238 652 282 688 de
318 662 497 697 mozzoga.
535 650 683 687 Bellar.
713 650 778 690 lzstb
807 650 853 686 de
882 650 1051 688 matrzm.
1082 655 1166 699 cap.
1201 661 1237 697 9.
1281 648 1414 686 Eund.
1444 649 1489 685 de
1520 648 1680 686 Clericzs
1708 654 1791 698 cap.
1822 659 1868 697 23
1899 649 2006 696 Aug.
2027 649 2071 685 de

127 706 210 754 fide
239 705 295 740 ad
318 705 401 741 Pet.
431 708 517 753 cap.
547 714 585 750 3.
618 702 668 739 ἂν
695 715 758 749 42.
800 703 970 740 Hzeron.
1001 707 1075 739 tom
1110 715 1144 739 2.
1173 702 1305 759 Epzst.
1331 702 1387 738 ad
1417 700 1624 740 Oceanum.

189 770 224 807 9.
280 755 436 794 Deinde
463 755 559 793 tales
583 756 731 793 tantum
760 756 991 794 contrahere
1019 761 1206 804 possunt,
1242 753 1308 803 qui
1338 755 1428 792 vere
1457 761 1546 792 sunt
1573 755 1633 794 vir
1661 756 1696 793 &
1725 753 1886 805 mulier,
1921 753 1964 792 id
1993 759 2070 799 est,

132 822 202 860 per
229 816 397 847 aetatem
426 810 462 846 &
490 815 690 857 naturam,
720 809 770 847 ad
799 808 1026 859 coniugium
1057 807 1220 846 habiles.
1248 809 1385 865 Itaque
1413 806 1575 846 materia
1601 807 1770 858 coniugij
1794 807 1970 845 nondum
1986 813 2075 845 sunt

135 864 379 913 impuberes
417 872 618 920 nunquam
656 865 751 900 vero
787 862 1002 911 spadones
1032 862 1174 899 Mattlc.
1208 873 1266 909 19.
1310 862 1345 898 &
1374 860 1413 897 in
1451 870 1684 910 perpetuum
1712 861 1969 911 impotentes
1995 860 2076 898 siue

132 923 292 954 naturae
321 914 435 964 vitio,
464 914 545 952 siue
574 914 708 974 aliquo
734 914 843 973 graui
871 915 1075 953 accidente
1104 914 1213 963 quod
1248 920 1337 950 ante
1366 920 1614 953 contractum
1630 913 1927 952 Matrimonium
1945 926 2076 963 super-

135 969 265 1007 uenit:
297 969 432 1007 talium
462 967 566 1005 enim
596 967 891 1006 matrimonium
919 967 958 1005 in
989 966 1114 1005 Sacris
1142 978 1335 1015 nusquam
1364 965 1523 1017 legitur,
1553 970 1589 1006 Sc
1615 967 1697 1006 iure
1725 966 1877 1018 optimo
1907 964 2074 1005 decretis

139 1021 374 1061 Pontificum
404 1020 618 1071 &legibus
641 1022 930 1081 Imperatorum
957 1019 1201 1070 prohibetur.
1237 1020 1384 1067 Grego.
1413 1021 1473 1057 lib.
1503 1033 1539 1067 4.
1570 1023 1625 1059 stt.
1661 1032 1718 1070 15.
1750 1027 1835 1071 cap.
1867 1034 1901 1059 2.

195 1089 254 1113 10
311 1074 482 1114 Sumitur
521 1076 641 1124 porro
683 1076 741 1113 vir
774 1076 810 1112 &
848 1074 984 1112 mulier
1019 1073 1220 1112 indefinite
1250 1072 1286 1109 &
1315 1073 1779 1124 communi(f.1743)ter
1807 1085 1854 1111 ex
1886 1072 2077 1112 sententia

137 1129 346 1178 Apostoli
374 1129 503 1165 Helm.
537 1140 594 1176 13.
624 1140 661 1174 4.
695 1131 824 1176 τίμιος
855 1128 875 1165 ὁ
903 1129 1021 1179 γάμος
1050 1127 1091 1164 ἐν
1120 1130 1242 1174 naal,
1270 1127 1306 1164 &
1340 1126 1429 1163 Cor.
1463 1137 1496 1173 7.
1527 1132 1703 1178 κρεῖσσον
1731 1128 1817 1164 ἐστὶ
1848 1129 2032 1184 γαμῆσαι
2053 1128 2075 1174 ἢ

137 1184 390 1232 πυροῦσθαι·
421 1180 530 1239 quod
558 1193 638 1218 non
668 1181 790 1218 modo
819 1180 948 1218 Laicis
976 1182 1045 1217 sed
1072 1182 1108 1217 81
1140 1178 1301 1217 Clericis
1331 1178 1479 1216 dictum
1504 1188 1586 1218 est:
1617 1188 1771 1230 praeter
1794 1180 1948 1229 nuptias
1972 1192 2077 1216 enim

136 1236 242 1271 ahud
270 1233 488 1272 remedium
517 1233 556 1271 in
586 1233 712 1271 Sacris
739 1232 859 1271 literis
888 1232 1032 1271 vstioni
1059 1245 1140 1270 non
1164 1232 1298 1270 datur:
1329 1239 1492 1270 vruntur
1515 1239 1645 1271 autem
1663 1240 1743 1271 tam
1766 1232 1926 1283 Clerici,
1955 1243 2074 1291 quam

135 1287 268 1346 Laici,
307 1288 374 1336 qui
402 1287 552 1325 donum
582 1285 849 1325 continentiae
876 1298 959 1324 non
987 1286 1158 1324 habent·
1203 1297 1296 1335 ergo
1327 1285 1363 1322 &
1391 1285 1464 1323 illis
1494 1286 1578 1336 pari
1605 1287 1755 1325 ratione
1783 1285 2076 1324 matrimonium

138 1340 391 1399 praecipitur,
435 1340 507 1378 nisi
545 1341 645 1378 forte
678 1340 809 1390 ignem
845 1339 954 1377 illum
993 1340 1209 1377 naturalem
1238 1338 1362 1377 stultis
1390 1338 1467 1376 suis
1494 1339 1596 1378 votis
1624 1339 1818 1399 extingui,
1859 1341 1895 1378 &
1921 1340 2078 1377 anathe-

139 1393 252 1431 matis
280 1393 440 1432 fulmine
469 1392 652 1431 suffocari
678 1405 805 1452 posse
821 1399 982 1443 putent,
1024 1393 1102 1430 hoc
1129 1394 1224 1430 vero
1253 1404 1371 1441 quam
1401 1391 1450 1430 sit
1478 1392 1684 1438 ἀδιῗνατον,
1717 1393 1795 1431 suis
1823 1391 2077 1431 serenissimis

136 1446 322 1485 antidotis
350 1449 385 1485 &
412 1446 594 1484 remediis
622 1445 846 1496 contrariis,
889 1445 1087 1484 contrario
1117 1446 1258 1484 morbo
1287 1445 1535 1505 praescriptis
1563 1448 1654 1484 satis
1685 1445 1878 1495 indicant,
1908 1447 1998 1484 cum
2027 1445 2078 1483 ad

136 1501 333 1550 exemplar
359 1499 713 1550 impurissimorum
742 1500 1029 1537 monachorum
1055 1498 1257 1537 Benedicti
1281 1499 1317 1536 &
1338 1500 1369 1536 F
1372 1512 1536 1538 rancism
1563 1499 1645 1548 (qui
1667 1513 1736 1550 per
1759 1500 1888 1550 spinas
1912 1502 1947 1538 &
1968 1498 2078 1536 niues

137 1553 288 1605 nudos,
325 1552 356 1591 si
393 1553 554 1591 credere
589 1554 648 1591 fas
675 1559 754 1603 est,
783 1565 866 1591 sese
895 1554 1133 1600 volutarunt)
1161 1551 1486 1590 incontinentiam
1510 1564 1620 1591 suam
1645 1555 1680 1592 &
1707 1553 1911 1592 libidinem
1937 1551 2077 1602 turpis-

137 1606 274 1644 simam
310 1606 521 1656 reprimere
557 1607 593 1644 &
627 1618 810 1645 coercere
838 1613 1084 1646 moneantur.
1125 1607 1204 1644 hoc
1231 1613 1274 1644 ut
1302 1617 1370 1643 sua
1397 1613 1438 1644 et
1464 1605 1666 1644 Pontificis
1695 1606 1927 1645 auctoritate
1956 1605 2076 1655 impie

136 1660 262 1698 firmet
289 1660 565 1709 Bellarminus,
608 1673 655 1698 ex
692 1659 882 1698 diametro
922 1672 963 1698 se
1003 1659 1170 1709 opponit
1206 1660 1424 1709 Apostolo,
1465 1658 1626 1710 dicens,
1669 1659 1778 1710 peius
1812 1672 1895 1698 esse
1927 1660 2076 1697 nubere

136 1715 255 1762 quam
291 1713 370 1764 uri,
413 1712 640 1763 praesertim
676 1713 710 1751 ei
737 1712 805 1762 qui
841 1719 979 1751 votum
1013 1714 1175 1751 solenne
1212 1713 1351 1764 habet3
1395 1712 1463 1751 vbi
1491 1713 1691 1752 concludit
1721 1725 1810 1752 cum
1837 1712 2073 1751 Innocentio

136 1767 260 1816 Papa,
302 1766 501 1805 Ecclesiae
538 1766 614 1805 Dei
646 1765 947 1817 nocentissimo,
990 1765 1283 1804 matrimonium
1314 1779 1384 1816 per
1421 1779 1462 1804 se
1497 1779 1581 1805 esse
1613 1773 1842 1816 peccatum,
1878 1767 1914 1804 &
1942 1765 2009 1816 qui
2036 1766 2076 1804 in

137 1819 388 1859 matrimonio
431 1826 541 1870 sunt,
584 1819 839 1858 immunditiis
879 1819 1099 1859 deseruire:
1144 1832 1245 1869 quae
1285 1819 1417 1858 onmia
1450 1826 1492 1858 vt
1527 1820 1749 1859 doctrinam
1786 1819 1946 1858 Diaboli
1983 1830 2075 1857 cum

137 1873 333 1922 Apostolo
361 1874 605 1912 damnamus.
646 1873 750 1912 Vide
780 1875 929 1912 Bellar.
957 1875 1002 1911 de
1029 1875 1225 1912 monachis
1254 1880 1338 1924 cap.
1372 1884 1432 1921 17.
1461 1886 1523 1923 32.
1554 1885 1616 1922 34.
1649 1875 1730 1913 &a
1759 1875 1916 1911 Decret.
1958 1874 2075 1911 Grat.

139 1939 174 1964 2.
191 1933 332 1978 parte,
361 1939 482 1966 causa
513 1938 574 1975 27.
607 1934 692 1979 cap.
726 1940 757 1964 1.
792 1940 850 1964 12.
877 1927 960 1966 &a
993 1927 1105 1966 Cone.
1139 1928 1180 1964 T
1175 1927 1251 1965 rid.
1283 1940 1375 1965 sess.
1404 1929 1440 1965 8.
1474 1927 1569 1965 Can.
1599 1941 1636 1977 9.
1669 1928 1816 1967 Coster.
1844 1928 1884 1965 in
1909 1927 2075 1965 Euchir.

137 1979 182 2016 de
210 1981 404 2018 coelibatu.
435 1987 521 2032 cap.
553 1990 612 2030 15.
640 1981 793 2018 Bellar.
823 1981 868 2018 de
894 1981 1120 2019 Monaslzz’s.
1149 1986 1234 2031 cap.
1265 1993 1328 2030 30.
1362 1994 1393 2018 1.
1424 1981 1524 2018 Tim.
1553 1993 1590 2027 4.

194 2046 253 2071 11.
308 2036 460 2072 fforma
499 2033 737 2084 matrimonij
780 2039 838 2072 est
878 2033 1052 2084 legitima
1093 2033 1131 2071 in
1173 2046 1290 2072 vnam
1334 2046 1491 2072 carnem
1530 2033 1769 2074 coniunctio.
1798 2047 1916 2073 vnam
1944 2039 2076 2071 autem

136 2085 220 2124 fieri
249 2100 408 2126 carnem
448 2088 566 2136 (quae
604 2088 647 2125 fit
681 2086 719 2125 in
758 2087 1032 2136 procreatione
1070 2086 1217 2125 sobolis
1255 2087 1517 2135 materialiter)
1555 2088 1844 2136 synecdochice
1882 2087 2077 2137 significat

136 2139 397 2179 arctissimam
434 2138 539 2178 illam
576 2142 611 2179 &
646 2140 930 2179 sanctissimam
958 2140 997 2178 in
1026 2141 1143 2179 rebus
1172 2140 1355 2178 omnibus
1384 2140 1615 2179 societatem
1644 2143 1679 2180 &
1708 2144 1930 2189 κοινωνίαν,
1974 2151 2075 2189 quae

137 2192 230 2230 facit
258 2200 299 2232 vt
327 2194 385 2232 vir
412 2193 470 2231 ius
497 2193 538 2231 in
566 2193 697 2232 vxoris
726 2205 870 2244 corpus
896 2194 1061 2244 habeat,
1090 2195 1126 2232 &
1154 2193 1322 2232 vicissim
1352 2206 1449 2232 vxor
1477 2193 1516 2232 in
1546 2205 1690 2244 corpus
1717 2195 1811 2245 viri,
1854 2207 1886 2231 1.
1919 2194 2007 2232 Cor.
2041 2205 2074 2242 7.

137 2245 296 2285 Interim
324 2254 455 2285 tamen
484 2246 542 2284 vir
570 2247 728 2297 speciali
757 2247 907 2285 ratione
935 2254 1052 2297 caput
1079 2248 1211 2286 vxoris
1241 2259 1333 2286 suae
1361 2255 1512 2298 manet,
1555 2260 1653 2286 vxor
1679 2251 1796 2297 vero,
1839 2253 1879 2285 vt
1908 2259 2074 2297 corpus,

138 2299 254 2349 capiti
282 2301 502 2350 subiicitur,
532 2301 568 2338 &
597 2301 648 2339 ab
677 2313 724 2339 eo
753 2301 927 2350 fouetur,
957 2302 992 2338 &
1021 2301 1190 2339 vicissim
1219 2301 1337 2351 capiti
1364 2300 1550 2339 auxilium
1583 2301 1864 2339 subministrat.

196 2365 256 2391 12.
311 2355 372 2392 Ex
405 2354 481 2391 hac
513 2360 621 2391 arcta
660 2356 696 2392 &
733 2353 994 2392 indissolubili
1031 2354 1311 2393 coniunctione
1349 2353 1508 2404 quidam
1546 2355 1740 2404 Pontificij
1777 2354 1908 2404 inepte
1944 2355 2076 2392 Sacra-

137 2413 313 2446 mentum
343 2406 520 2445 fabricati
547 2414 656 2457 sunt,
685 2414 724 2445 et
751 2408 870 2446 falsae
898 2407 990 2446 huic
1019 2407 1196 2457 opinioni
1225 2408 1566 2446 contrauenientes
1595 2414 1675 2446 tam
1704 2407 1932 2447 Pontificios
1956 2409 2074 2457 quam

135 2459 393 2499 Orthodoxos
417 2460 675 2499 anathematis
697 2461 830 2511 gladio
854 2460 995 2499 iniuste
1018 2462 1206 2512 iugulant.
1245 2461 1387 2500 Concil.
1409 2462 1518 2500 Trid.
1533 2473 1624 2500 sess.
1641 2464 1676 2500 8.
1698 2462 1793 2500 Ccm.
1814 2474 1846 2499 1.
1866 2463 2078 2499 abutuntur

137 2524 235 2550 voce
261 2517 475 2566 μυςηριου,
504 2514 574 2552 5οᾶ
607 2514 751 2553 Christi
780 2515 816 2552 &
845 2514 1046 2554 Ecclesiae
1076 2514 1303 2553 coniunctio
1334 2514 1572 2565 designatur.
1611 2516 1738 2566 Ephe.
1769 2526 1804 2565 5.
1831 2528 1895 2564 32.
1927 2515 1987 2552 Ex
2002 2515 2076 2552 hac

133 2572 263 2604 autem
300 2580 463 2605 erronea
500 2567 681 2605 doctrina
723 2567 803 2606 duo
841 2567 1006 2618 insignia
1042 2568 1213 2606 absurda
1248 2566 1511 2618 colliguntur.
1554 2568 1586 2607 I.
1623 2569 1662 2606 Si
1690 2568 1916 2618 coniugium
1944 2569 2077 2606 Sacra-

137 2626 313 2658 mentum
350 2626 433 2669 051,
476 2631 546 2658 cur
571 2619 645 2670 ipsi
673 2620 816 2659 Clerici
845 2620 886 2658 in
915 2633 956 2659 se
985 2622 1021 2659 &
1050 2633 1143 2660 suos
1171 2628 1252 2659 tam
1281 2628 1369 2659 sunt
1398 2621 1524 2671 iniurij
1541 2651 1551 2671 ,
1592 2629 1634 2659 vt
1661 2624 1685 2660 a
1713 2622 1834 2672 gratia
1862 2624 1996 2670 (quarn
2025 2633 2072 2659 ex

134 2684 255 2721 opere
293 2680 455 2723 operato
490 2674 788 2712 Sacramentum
817 2674 999 2712 conferre
1026 2676 1182 2724 putant)
1211 2687 1252 2713 se
1281 2680 1452 2724 suosque
1479 2673 1714 2713 excludant?
1768 2677 1818 2713 H.
1857 2674 2073 2724 Quomodo

134 2725 449 2777 Sacramentum,
487 2726 519 2764 si
548 2727 660 2766 locus
689 2727 873 2778 Apostoli
902 2727 952 2765 ad
982 2729 1094 2766 Rom.
1125 2731 1147 2766 8
1183 2740 1283 2766 vers.
1310 2731 1346 2765 8.
1375 2727 1443 2778 qui
1469 2727 1509 2766 in
1539 2741 1656 2767 carne
1685 2735 1774 2766 sunt
1803 2730 1892 2767 Deo
1920 2729 2075 2778 placere

132 2791 214 2817 non
241 2787 424 2830 possunt,
453 2780 504 2818 de
533 2779 720 2831 coniugio
749 2783 807 2830 (vt
834 2782 918 2819 vult
943 2780 1119 2831 impurus
1148 2781 1212 2820 ille
1241 2780 1414 2830 Siricius)
1438 2781 1715 2832 intelligendus
1739 2788 1817 2832 est,
1847 2780 2075 2832 quomodo,

1903 2846 2066 2886 quaeso,
