<?xml version="1.0" encoding="UTF-8"?>
<!DOCTYPE html PUBLIC "-//W3C//DTD XHTML 1.0 Transitional//EN"
    "http://www.w3.org/TR/xhtml1/DTD/xhtml1-transitional.dtd">
<html xmlns="http://www.w3.org/1999/xhtml" xml:lang="en" lang="en">
 <head>
  <title>
</title>
<meta http-equiv="Content-Type" content="text/html;charset=utf-8" />
  <meta name='ocr-system' content='tesseract 3.04.00' />
  <meta name='ocr-capabilities' content='ocr_page ocr_carea ocr_par ocr_line ocrx_word'/>
</head>
<body>
  <div class='ocr_page' id='page_1' title='image "./opusculatheologi00juni/opusculatheologi00juni_0368.png"; bbox 0 0 2334 3020; ppageno 0'>
   <div class='ocr_carea' id='block_1_1' title="bbox 276 134 347 171">
    <p class='ocr_par' dir='ltr' id='par_1_1' title="bbox 276 134 347 171">
     <span class='ocr_line' id='line_1_1' title="bbox 276 134 347 171; baseline -0.056 0"><span class='ocrx_word' id='word_1_1' title='bbox 276 134 347 171; x_wconf 72' lang='lat'><strong>334</strong></span> 
     </span>
    </p>
   </div>
   <div class='ocr_carea' id='block_1_2' title="bbox 262 231 2218 2779">
    <p class='ocr_par' dir='ltr' id='par_1_2' title="bbox 271 231 2207 816">
     <span class='ocr_line' id='line_1_2' title="bbox 274 231 2207 283; baseline -0.001 -7"><span class='ocrx_word' id='word_1_2' title='bbox 274 247 484 276; x_wconf 88' lang='lat' dir='ltr'><strong>commune</strong></span> <span class='ocrx_word' id='word_1_3' title='bbox 523 235 672 273; x_wconf 89' lang='lat' dir='ltr'><strong>bonum</strong></span> <span class='ocrx_word' id='word_1_4' title='bbox 709 238 834 271; x_wconf 87' lang='lat' dir='ltr'><strong>totum</strong></span> <span class='ocrx_word' id='word_1_5' title='bbox 874 245 942 283; x_wconf 91' lang='lat' dir='ltr'><strong>spe</strong></span> <span class='ocrx_word' id='word_1_6' title='bbox 968 231 1064 271; x_wconf 90' lang='lat' dir='ltr'><strong>boni</strong></span> <span class='ocrx_word' id='word_1_7' title='bbox 1092 231 1203 270; x_wconf 87' lang='lat' dir='ltr'><strong>vnius</strong></span> <span class='ocrx_word' id='word_1_8' title='bbox 1235 238 1544 271; x_wconf 83' lang='lat' dir='ltr'><strong>commonerent.</strong></span> <span class='ocrx_word' id='word_1_9' title='bbox 1573 233 1621 271; x_wconf 91' lang='lat' dir='ltr'><strong>Id</strong></span> <span class='ocrx_word' id='word_1_10' title='bbox 1649 231 1754 271; x_wconf 88' lang='lat' dir='ltr'><strong>enim</strong></span> <span class='ocrx_word' id='word_1_11' title='bbox 1783 237 2062 283; x_wconf 80' lang='lat' dir='ltr'><strong>saepenumero</strong></span> <span class='ocrx_word' id='word_1_12' title='bbox 2090 235 2207 274; x_wconf 88' lang='lat' dir='ltr'><strong>efficit</strong></span> 
     </span>
     <span class='ocr_line' id='line_1_3' title="bbox 272 285 2205 337; baseline -0.001 -9"><span class='ocrx_word' id='word_1_13' title='bbox 272 289 477 329; x_wconf 89' lang='lat' dir='ltr'><strong>hominum</strong></span> <span class='ocrx_word' id='word_1_14' title='bbox 505 285 796 337; x_wconf 74' lang='lat' dir='ltr'>importunitas,</span> <span class='ocrx_word' id='word_1_15' title='bbox 825 292 866 324; x_wconf 88' lang='lat' dir='ltr'><strong>vt</strong></span> <span class='ocrx_word' id='word_1_16' title='bbox 892 286 986 324; x_wconf 88' lang='lat' dir='ltr'><strong>dum</strong></span> <span class='ocrx_word' id='word_1_17' title='bbox 1015 286 1161 323; x_wconf 87' lang='lat' dir='ltr'><strong>malum</strong></span> <span class='ocrx_word' id='word_1_18' title='bbox 1188 297 1309 324; x_wconf 91' lang='lat' dir='ltr'><strong>vnum</strong></span> <span class='ocrx_word' id='word_1_19' title='bbox 1336 298 1471 324; x_wconf 89' lang='lat' dir='ltr'><strong>curare</strong></span> <span class='ocrx_word' id='word_1_20' title='bbox 1498 292 1638 337; x_wconf 85' lang='lat' dir='ltr'><strong>tentat,</strong></span> <span class='ocrx_word' id='word_1_21' title='bbox 1666 286 1876 324; x_wconf 86' lang='lat' dir='ltr'><strong>labefactet</strong></span> <span class='ocrx_word' id='word_1_22' title='bbox 1890 287 2040 325; x_wconf 90' lang='lat' dir='ltr'><strong>bonum</strong></span> <span class='ocrx_word' id='word_1_23' title='bbox 2056 287 2205 337; x_wconf 89' lang='lat' dir='ltr'><strong>reipub.</strong></span> 
     </span>
     <span class='ocr_line' id='line_1_4' title="bbox 273 337 2205 388; baseline -0.002 -6"><span class='ocrx_word' id='word_1_24' title='bbox 273 343 468 382; x_wconf 89' lang='lat' dir='ltr'><strong>interdum</strong></span> <span class='ocrx_word' id='word_1_25' title='bbox 498 340 614 378; x_wconf 89' lang='lat' dir='ltr'><strong>etiam</strong></span> <span class='ocrx_word' id='word_1_26' title='bbox 643 338 878 378; x_wconf 82' lang='lat' dir='ltr'><strong>vniuersum.</strong></span> <span class='ocrx_word' id='word_1_27' title='bbox 907 337 1067 388; x_wconf 66' lang='lat' dir='ltr'><strong>Optime</strong></span> <span class='ocrx_word' id='word_1_28' title='bbox 1096 340 1316 377; x_wconf 81' lang='lat' dir='ltr'>statuebant</span> <span class='ocrx_word' id='word_1_29' title='bbox 1343 339 1397 377; x_wconf 93' lang='lat' dir='ltr'><strong>illi</strong></span> <span class='ocrx_word' id='word_1_30' title='bbox 1423 337 1615 377; x_wconf 87' lang='lat' dir='ltr'><strong>rationem</strong></span> <span class='ocrx_word' id='word_1_31' title='bbox 1642 345 1840 377; x_wconf 82' lang='lat' dir='ltr'><strong>aeternam</strong></span> <span class='ocrx_word' id='word_1_32' title='bbox 1868 352 1950 378; x_wconf 89' lang='lat' dir='ltr'><strong>esse</strong></span> <span class='ocrx_word' id='word_1_33' title='bbox 1979 340 2205 379; x_wconf 87' lang='lat' dir='ltr'><strong>moderatri-</strong></span> 
     </span>
     <span class='ocr_line' id='line_1_5' title="bbox 274 391 2207 442; baseline -0.001 -8"><span class='ocrx_word' id='word_1_34' title='bbox 274 409 360 434; x_wconf 88' lang='lat' dir='ltr'><strong>cem</strong></span> <span class='ocrx_word' id='word_1_35' title='bbox 390 396 425 432; x_wconf 86' lang='lat'>&amp;</span> <span class='ocrx_word' id='word_1_36' title='bbox 454 393 640 431; x_wconf 83' lang='lat' dir='ltr'><strong>arbitram</strong></span> <span class='ocrx_word' id='word_1_37' title='bbox 668 394 926 430; x_wconf 87' lang='lat' dir='ltr'><strong>humanarum</strong></span> <span class='ocrx_word' id='word_1_38' title='bbox 954 393 1106 442; x_wconf 88' lang='lat' dir='ltr'><strong>legum,</strong></span> <span class='ocrx_word' id='word_1_39' title='bbox 1135 403 1253 440; x_wconf 88' lang='lat' dir='ltr'><strong>quam</strong></span> <span class='ocrx_word' id='word_1_40' title='bbox 1283 391 1442 442; x_wconf 85' lang='lat' dir='ltr'><strong>quidem</strong></span> <span class='ocrx_word' id='word_1_41' title='bbox 1470 398 1606 430; x_wconf 87' lang='lat' dir='ltr'><strong>natura</strong></span> <span class='ocrx_word' id='word_1_42' title='bbox 1627 394 1662 431; x_wconf 86' lang='lat'>&amp;</span> <span class='ocrx_word' id='word_1_43' title='bbox 1692 391 1888 442; x_wconf 87' lang='lat' dir='ltr'><strong>Scriptura</strong></span> <span class='ocrx_word' id='word_1_44' title='bbox 1911 392 2073 431; x_wconf 87' lang='lat' dir='ltr'><strong>docent:</strong></span> <span class='ocrx_word' id='word_1_45' title='bbox 2095 394 2207 432; x_wconf 87' lang='lat' dir='ltr'><strong>huius</strong></span> 
     </span>
     <span class='ocr_line' id='line_1_6' title="bbox 273 444 2207 497; baseline -0.002 -10"><span class='ocrx_word' id='word_1_46' title='bbox 273 451 366 488; x_wconf 82' lang='lat' dir='ltr'><strong>vero</strong></span> <span class='ocrx_word' id='word_1_47' title='bbox 398 454 576 485; x_wconf 84' lang='lat' dir='ltr'><strong>aeternae</strong></span> <span class='ocrx_word' id='word_1_48' title='bbox 605 444 763 484; x_wconf 87' lang='lat' dir='ltr'><strong>rationis</strong></span> <span class='ocrx_word' id='word_1_49' title='bbox 791 445 1005 494; x_wconf 82' lang='lat' dir='ltr'><strong>quamdam</strong></span> <span class='ocrx_word' id='word_1_50' title='bbox 1032 444 1220 495; x_wconf 73' lang='grc' dir='ltr'><em>ἀπορροήν</em></span> <span class='ocrx_word' id='word_1_51' title='bbox 1248 457 1332 483; x_wconf 91' lang='lat' dir='ltr'><strong>esse</strong></span> <span class='ocrx_word' id='word_1_52' title='bbox 1359 445 1548 483; x_wconf 88' lang='lat' dir='ltr'><strong>humanas</strong></span> <span class='ocrx_word' id='word_1_53' title='bbox 1574 446 1699 496; x_wconf 89' lang='lat' dir='ltr'><strong>leges,</strong></span> <span class='ocrx_word' id='word_1_54' title='bbox 1728 456 1827 495; x_wconf 84' lang='lat' dir='ltr'><strong>quae</strong></span> <span class='ocrx_word' id='word_1_55' title='bbox 1855 445 2004 484; x_wconf 89' lang='lat' dir='ltr'><strong>ratione</strong></span> <span class='ocrx_word' id='word_1_56' title='bbox 2025 446 2207 497; x_wconf 86' lang='lat' dir='ltr'><strong>singulari</strong></span> 
     </span>
     <span class='ocr_line' id='line_1_7' title="bbox 274 498 2207 549; baseline -0.001 -9"><span class='ocrx_word' id='word_1_57' title='bbox 274 501 422 540; x_wconf 89' lang='lat' dir='ltr'><strong>varient</strong></span> <span class='ocrx_word' id='word_1_58' title='bbox 457 512 529 549; x_wconf 90' lang='lat' dir='ltr'><strong>pro</strong></span> <span class='ocrx_word' id='word_1_59' title='bbox 564 499 748 537; x_wconf 85' lang='lat' dir='ltr'><strong>varietate</strong></span> <span class='ocrx_word' id='word_1_60' title='bbox 784 510 932 548; x_wconf 75' lang='lat' dir='ltr'><strong>rerum,</strong></span> <span class='ocrx_word' id='word_1_61' title='bbox 969 499 1077 535; x_wconf 85' lang='lat' dir='ltr'><strong>salua</strong></span> <span class='ocrx_word' id='word_1_62' title='bbox 1111 504 1314 548; x_wconf 87' lang='lat' dir='ltr'><strong>manente,</strong></span> <span class='ocrx_word' id='word_1_63' title='bbox 1351 505 1469 548; x_wconf 89' lang='lat' dir='ltr'><strong>atque</strong></span> <span class='ocrx_word' id='word_1_64' title='bbox 1496 498 1596 536; x_wconf 80' lang='lat' dir='ltr'><strong>adeo</strong></span> <span class='ocrx_word' id='word_1_65' title='bbox 1623 498 1885 548; x_wconf 88' lang='lat' dir='ltr'><strong>praecipiente</strong></span> <span class='ocrx_word' id='word_1_66' title='bbox 1912 498 2113 538; x_wconf 88' lang='lat' dir='ltr'><strong>varietates</strong></span> <span class='ocrx_word' id='word_1_67' title='bbox 2143 500 2207 539; x_wconf 92' lang='lat' dir='ltr'><strong>illa</strong></span> 
     </span>
     <span class='ocr_line' id='line_1_8' title="bbox 274 550 2206 602; baseline -0.002 -9"><span class='ocrx_word' id='word_1_68' title='bbox 274 561 430 593; x_wconf 85' lang='lat' dir='ltr'><strong>aeterna</strong></span> <span class='ocrx_word' id='word_1_69' title='bbox 466 554 564 602; x_wconf 88' lang='lat' dir='ltr'><strong>lege.</strong></span> <span class='ocrx_word' id='word_1_70' title='bbox 607 553 706 590; x_wconf 78' lang='lat' dir='ltr'><strong>Cum</strong></span> <span class='ocrx_word' id='word_1_71' title='bbox 742 558 872 590; x_wconf 89' lang='lat' dir='ltr'><strong>autern</strong></span> <span class='ocrx_word' id='word_1_72' title='bbox 904 562 1034 589; x_wconf 85' lang='lat' dir='ltr'><strong>rerum</strong></span> <span class='ocrx_word' id='word_1_73' title='bbox 1073 550 1331 589; x_wconf 87' lang='lat' dir='ltr'><strong>humanarum</strong></span> <span class='ocrx_word' id='word_1_74' title='bbox 1369 564 1443 589; x_wconf 88' lang='lat' dir='ltr'><strong>nec</strong></span> <span class='ocrx_word' id='word_1_75' title='bbox 1479 551 1762 602; x_wconf 78' lang='lat' dir='ltr'><strong>cognitionem,</strong></span> <span class='ocrx_word' id='word_1_76' title='bbox 1791 564 1865 590; x_wconf 88' lang='lat' dir='ltr'><strong>nec</strong></span> <span class='ocrx_word' id='word_1_77' title='bbox 1892 551 2206 601; x_wconf 85' lang='lat' dir='ltr'><strong>procurationem</strong></span> 
     </span>
     <span class='ocr_line' id='line_1_9' title="bbox 273 603 2205 655; baseline -0.002 -9"><span class='ocrx_word' id='word_1_78' title='bbox 273 608 346 646; x_wconf 87' lang='lat' dir='ltr'><strong>sibi</strong></span> <span class='ocrx_word' id='word_1_79' title='bbox 382 619 465 644; x_wconf 90' lang='lat' dir='ltr'><strong>esse</strong></span> <span class='ocrx_word' id='word_1_80' title='bbox 498 605 746 655; x_wconf 90' lang='lat' dir='ltr'><strong>imperatam,</strong></span> <span class='ocrx_word' id='word_1_81' title='bbox 781 617 870 654; x_wconf 90' lang='lat' dir='ltr'><strong>neq.</strong></span> <span class='ocrx_word' id='word_1_82' title='bbox 905 606 999 642; x_wconf 76' lang='lat' dir='ltr'><strong>vero</strong></span> <span class='ocrx_word' id='word_1_83' title='bbox 1038 615 1121 641; x_wconf 85' lang='lat' dir='ltr'><strong>esse</strong></span> <span class='ocrx_word' id='word_1_84' title='bbox 1159 603 1290 642; x_wconf 91' lang='lat' dir='ltr'><strong>vtilem</strong></span> <span class='ocrx_word' id='word_1_85' title='bbox 1325 605 1375 642; x_wconf 89' lang='lat' dir='ltr'><strong>ad</strong></span> <span class='ocrx_word' id='word_1_86' title='bbox 1408 603 1650 642; x_wconf 82' lang='lat' dir='ltr'><strong>functionem</strong></span> <span class='ocrx_word' id='word_1_87' title='bbox 1688 616 1798 642; x_wconf 89' lang='lat' dir='ltr'><strong>suam</strong></span> <span class='ocrx_word' id='word_1_88' title='bbox 1834 605 2205 644; x_wconf 85' lang='lat' dir='ltr'><strong>animaduerterent:</strong></span> 
     </span>
     <span class='ocr_line' id='line_1_10' title="bbox 272 655 2207 709; baseline -0.001 -10"><span class='ocrx_word' id='word_1_89' title='bbox 272 661 362 699; x_wconf 81' lang='lat' dir='ltr'><strong>ideo</strong></span> <span class='ocrx_word' id='word_1_90' title='bbox 389 658 635 697; x_wconf 87' lang='lat' dir='ltr'><strong>circumclusi</strong></span> <span class='ocrx_word' id='word_1_91' title='bbox 663 657 848 696; x_wconf 86' lang='lat' dir='ltr'><strong>cancellis</strong></span> <span class='ocrx_word' id='word_1_92' title='bbox 876 655 1093 695; x_wconf 83' lang='lat' dir='ltr'><strong>vocationis</strong></span> <span class='ocrx_word' id='word_1_93' title='bbox 1123 668 1233 706; x_wconf 87' lang='lat' dir='ltr'><strong>suae,</strong></span> <span class='ocrx_word' id='word_1_94' title='bbox 1261 657 1533 695; x_wconf 88' lang='lat' dir='ltr'><strong>auctoritatem</strong></span> <span class='ocrx_word' id='word_1_95' title='bbox 1560 657 1824 707; x_wconf 80' lang='lat' dir='ltr'><strong>iudiciumque</strong></span> <span class='ocrx_word' id='word_1_96' title='bbox 1852 658 1902 696; x_wconf 92' lang='lat' dir='ltr'><strong>de</strong></span> <span class='ocrx_word' id='word_1_97' title='bbox 1925 658 2094 696; x_wconf 88' lang='lat' dir='ltr'><strong>ferendis</strong></span> <span class='ocrx_word' id='word_1_98' title='bbox 2116 659 2207 709; x_wconf 85' lang='lat' dir='ltr'><strong>legi-</strong></span> 
     </span>
     <span class='ocr_line' id='line_1_11' title="bbox 271 709 2207 762; baseline -0.001 -10"><span class='ocrx_word' id='word_1_99' title='bbox 271 715 344 752; x_wconf 90' lang='lat' dir='ltr'><strong>bus</strong></span> <span class='ocrx_word' id='word_1_100' title='bbox 372 712 503 751; x_wconf 91' lang='lat' dir='ltr'><strong>animo</strong></span> <span class='ocrx_word' id='word_1_101' title='bbox 532 710 765 761; x_wconf 87' lang='lat' dir='ltr'><strong>aequissimo</strong></span> <span class='ocrx_word' id='word_1_102' title='bbox 795 710 840 749; x_wconf 93' lang='lat' dir='ltr'><strong>iis</strong></span> <span class='ocrx_word' id='word_1_103' title='bbox 868 709 1162 761; x_wconf 75' lang='lat' dir='ltr'><strong>permittebant,</strong></span> <span class='ocrx_word' id='word_1_104' title='bbox 1191 711 1241 749; x_wconf 92' lang='lat' dir='ltr'><strong>ad</strong></span> <span class='ocrx_word' id='word_1_105' title='bbox 1269 722 1368 760; x_wconf 88' lang='lat' dir='ltr'><strong>quos</strong></span> <span class='ocrx_word' id='word_1_106' title='bbox 1397 711 1566 748; x_wconf 89' lang='lat' dir='ltr'><strong>humana</strong></span> <span class='ocrx_word' id='word_1_107' title='bbox 1595 710 1787 749; x_wconf 87' lang='lat' dir='ltr'><strong>societatis</strong></span> <span class='ocrx_word' id='word_1_108' title='bbox 1814 711 2006 750; x_wconf 87' lang='lat' dir='ltr'><strong>humanae</strong></span> <span class='ocrx_word' id='word_1_109' title='bbox 2034 712 2207 762; x_wconf 88' lang='lat' dir='ltr'><strong>cognitio</strong></span> 
     </span>
     <span class='ocr_line' id='line_1_12' title="bbox 273 763 818 816; baseline -0.006 -11"><span class='ocrx_word' id='word_1_110' title='bbox 273 769 307 806; x_wconf 87' lang='lat'>&amp;</span> <span class='ocrx_word' id='word_1_111' title='bbox 335 763 557 816; x_wconf 86' lang='lat' dir='ltr'><strong>procuratio</strong></span> <span class='ocrx_word' id='word_1_112' title='bbox 586 764 818 814; x_wconf 89' lang='lat' dir='ltr'><strong>pertinebat.</strong></span> 
     </span>
    </p>

    <p class='ocr_par' dir='ltr' id='par_1_3' title="bbox 262 815 2218 2779">
     <span class='ocr_line' id='line_1_13' title="bbox 324 815 2207 866; baseline -0.001 -9"><span class='ocrx_word' id='word_1_113' title='bbox 324 821 442 858; x_wconf 88' lang='lat' dir='ltr'><strong>Hanc</strong></span> <span class='ocrx_word' id='word_1_114' title='bbox 469 817 628 856; x_wconf 89' lang='lat' dir='ltr'><strong>rationis</strong></span> <span class='ocrx_word' id='word_1_115' title='bbox 657 815 876 855; x_wconf 89' lang='lat' dir='ltr'><strong>communis</strong></span> <span class='ocrx_word' id='word_1_116' title='bbox 905 819 940 855; x_wconf 83' lang='lat'>&amp;</span> <span class='ocrx_word' id='word_1_117' title='bbox 968 815 1063 866; x_wconf 86' lang='lat' dir='ltr'><strong>legis</strong></span> <span class='ocrx_word' id='word_1_118' title='bbox 1091 822 1272 855; x_wconf 85' lang='lat' dir='ltr'><strong>aeternae</strong></span> <span class='ocrx_word' id='word_1_119' title='bbox 1301 815 1559 855; x_wconf 89' lang='lat' dir='ltr'><strong>differentiam</strong></span> <span class='ocrx_word' id='word_1_120' title='bbox 1587 815 2207 866; x_wconf 79' lang='lat' dir='ltr'><strong>aparticulariratione&amp;huma-</strong></span> 
     </span>
     <span class='ocr_line' id='line_1_14' title="bbox 271 869 2209 922; baseline -0.001 -11"><span class='ocrx_word' id='word_1_121' title='bbox 271 872 331 911; x_wconf 86' lang='lat' dir='ltr'><strong>nis</strong></span> <span class='ocrx_word' id='word_1_122' title='bbox 366 872 535 922; x_wconf 85' lang='lat' dir='ltr'><strong>legibus,</strong></span> <span class='ocrx_word' id='word_1_123' title='bbox 574 881 674 920; x_wconf 89' lang='lat' dir='ltr'><strong>quae</strong></span> <span class='ocrx_word' id='word_1_124' title='bbox 710 869 970 920; x_wconf 84' lang='lat' dir='ltr'><strong>temporariae</strong></span> <span class='ocrx_word' id='word_1_125' title='bbox 1009 875 1116 919; x_wconf 91' lang='lat' dir='ltr'><strong>sunt,</strong></span> <span class='ocrx_word' id='word_1_126' title='bbox 1152 869 1358 920; x_wconf 86' lang='lat' dir='ltr'><strong>Augustini</strong></span> <span class='ocrx_word' id='word_1_127' title='bbox 1394 870 1520 908; x_wconf 89' lang='lat' dir='ltr'><strong>verbis</strong></span> <span class='ocrx_word' id='word_1_128' title='bbox 1557 869 1930 921; x_wconf 71' lang='lat' dir='ltr'><strong>demonstrabimus,</strong></span> <span class='ocrx_word' id='word_1_129' title='bbox 1968 870 2209 921; x_wconf 87' lang='lat' dir='ltr'><strong>longioribus</strong></span> 
     </span>
     <span class='ocr_line' id='line_1_15' title="bbox 273 921 2208 976; baseline -0.001 -13"><span class='ocrx_word' id='word_1_130' title='bbox 273 925 431 976; x_wconf 87' lang='lat' dir='ltr'><strong>quidem</strong></span> <span class='ocrx_word' id='word_1_131' title='bbox 461 925 552 974; x_wconf 89' lang='lat' dir='ltr'><strong>illis,</strong></span> <span class='ocrx_word' id='word_1_132' title='bbox 581 924 650 962; x_wconf 85' lang='lat' dir='ltr'><strong>sed</strong></span> <span class='ocrx_word' id='word_1_133' title='bbox 678 922 991 962; x_wconf 89' lang='lat' dir='ltr'><strong>conducentibus</strong></span> <span class='ocrx_word' id='word_1_134' title='bbox 1019 923 1186 961; x_wconf 79' lang='lat' dir='ltr'><strong>maxime</strong></span> <span class='ocrx_word' id='word_1_135' title='bbox 1213 924 1263 962; x_wconf 91' lang='lat' dir='ltr'><strong>ad</strong></span> <span class='ocrx_word' id='word_1_136' title='bbox 1292 923 1405 961; x_wconf 90' lang='lat' dir='ltr'><strong>huius</strong></span> <span class='ocrx_word' id='word_1_137' title='bbox 1433 922 1488 961; x_wconf 89' lang='lat' dir='ltr'><strong>rei</strong></span> <span class='ocrx_word' id='word_1_138' title='bbox 1515 921 1820 972; x_wconf 85' lang='lat' dir='ltr'><strong>intelligentiam.</strong></span> <span class='ocrx_word' id='word_1_139' title='bbox 1850 923 1937 961; x_wconf 91' lang='lat' dir='ltr'><strong>Lib.</strong></span> <span class='ocrx_word' id='word_1_140' title='bbox 1972 924 2069 962; x_wconf 90' lang='lat' dir='ltr'><strong>1.de</strong></span> <span class='ocrx_word' id='word_1_141' title='bbox 2083 923 2208 962; x_wconf 89' lang='lat' dir='ltr'><strong>libero</strong></span> 
     </span>
     <span class='ocr_line' id='line_1_16' title="bbox 273 977 2207 1028; baseline -0.002 -11"><span class='ocrx_word' id='word_1_142' title='bbox 273 979 356 1017; x_wconf 89' lang='lat' dir='ltr'><strong>arb.</strong></span> <span class='ocrx_word' id='word_1_143' title='bbox 384 991 472 1028; x_wconf 91' lang='lat' dir='ltr'><strong>cap.</strong></span> <span class='ocrx_word' id='word_1_144' title='bbox 500 979 537 1016; x_wconf 88' lang='grc'><strong>6.</strong></span> <span class='ocrx_word' id='word_1_145' title='bbox 564 978 768 1028; x_wconf 73' lang='lat' dir='ltr'><strong>Responde</strong></span> <span class='ocrx_word' id='word_1_146' title='bbox 794 977 908 1027; x_wconf 80' lang='lat' dir='ltr'><strong>milii,</strong></span> <span class='ocrx_word' id='word_1_147' title='bbox 937 978 996 1014; x_wconf 88' lang='lat' dir='ltr'><strong>ait</strong></span> <span class='ocrx_word' id='word_1_148' title='bbox 1020 977 1283 1027; x_wconf 69' lang='lat' dir='ltr'><strong>Augustinus,</strong></span> <span class='ocrx_word' id='word_1_149' title='bbox 1312 982 1440 1015; x_wconf 85' lang='lat' dir='ltr'><strong>vtrum</strong></span> <span class='ocrx_word' id='word_1_150' title='bbox 1467 978 1542 1014; x_wconf 90' lang='lat' dir='ltr'><strong>ista</strong></span> <span class='ocrx_word' id='word_1_151' title='bbox 1571 978 1628 1013; x_wconf 77' lang='lat' dir='ltr'><strong>lex</strong></span> <span class='ocrx_word' id='word_1_152' title='bbox 1655 989 1753 1026; x_wconf 89' lang='lat' dir='ltr'><strong>quae</strong></span> <span class='ocrx_word' id='word_1_153' title='bbox 1779 977 1900 1014; x_wconf 90' lang='lat' dir='ltr'><strong>literis</strong></span> <span class='ocrx_word' id='word_1_154' title='bbox 1911 979 2207 1027; x_wconf 82' lang='lat' dir='ltr'><strong>promulgatur,</strong></span> 
     </span>
     <span class='ocr_line' id='line_1_17' title="bbox 270 1028 2208 1079; baseline -0.001 -9"><span class='ocrx_word' id='word_1_155' title='bbox 270 1033 483 1070; x_wconf 74' lang='lat' dir='ltr'><strong>hominibus</strong></span> <span class='ocrx_word' id='word_1_156' title='bbox 518 1032 618 1068; x_wconf 79' lang='lat' dir='ltr'><strong>lianc</strong></span> <span class='ocrx_word' id='word_1_157' title='bbox 651 1031 767 1069; x_wconf 80' lang='lat' dir='ltr'><strong>vitam</strong></span> <span class='ocrx_word' id='word_1_158' title='bbox 804 1030 1016 1069; x_wconf 74' lang='lat' dir='ltr'><strong>uiuentibus</strong></span> <span class='ocrx_word' id='word_1_159' title='bbox 1050 1028 1289 1077; x_wconf 86' lang='lat' dir='ltr'><strong>opituletur?</strong></span> <span class='ocrx_word' id='word_1_160' title='bbox 1333 1029 1408 1067; x_wconf 88' lang='lat' dir='ltr'><strong>Cui</strong></span> <span class='ocrx_word' id='word_1_161' title='bbox 1440 1030 1639 1079; x_wconf 88' lang='lat' dir='ltr'><strong>Euodius,</strong></span> <span class='ocrx_word' id='word_1_162' title='bbox 1674 1029 1937 1078; x_wconf 79' lang='lat' dir='ltr'><strong>Manifestum</strong></span> <span class='ocrx_word' id='word_1_163' title='bbox 1965 1035 2037 1079; x_wconf 90' lang='lat' dir='ltr'><strong>est,</strong></span> <span class='ocrx_word' id='word_1_164' title='bbox 2065 1031 2208 1079; x_wconf 86' lang='lat' dir='ltr'><strong>inquit:</strong></span> 
     </span>
     <span class='ocr_line' id='line_1_18' title="bbox 270 1082 2211 1133; baseline -0.001 -10"><span class='ocrx_word' id='word_1_165' title='bbox 270 1099 359 1123; x_wconf 85' lang='lat' dir='ltr'><strong>nam</strong></span> <span class='ocrx_word' id='word_1_166' title='bbox 387 1098 435 1122; x_wconf 84' lang='lat' dir='ltr'><strong>ex</strong></span> <span class='ocrx_word' id='word_1_167' title='bbox 462 1085 523 1122; x_wconf 84' lang='lat' dir='ltr'><strong>lzis</strong></span> <span class='ocrx_word' id='word_1_168' title='bbox 548 1084 762 1121; x_wconf 76' lang='lat' dir='ltr'><strong>bominibus</strong></span> <span class='ocrx_word' id='word_1_169' title='bbox 789 1084 917 1132; x_wconf 80' lang='lat' dir='ltr'><strong>vtique</strong></span> <span class='ocrx_word' id='word_1_170' title='bbox 935 1083 1081 1133; x_wconf 90' lang='lat' dir='ltr'><strong>populi</strong></span> <span class='ocrx_word' id='word_1_171' title='bbox 1106 1083 1349 1132; x_wconf 65' lang='lat' dir='ltr'><strong>ciuitatesque</strong></span> <span class='ocrx_word' id='word_1_172' title='bbox 1378 1083 1597 1120; x_wconf 88' lang='lat' dir='ltr'><strong>consistunt.</strong></span> <span class='ocrx_word' id='word_1_173' title='bbox 1634 1082 1743 1131; x_wconf 83' lang='lat' dir='ltr'><strong>Quid</strong></span> <span class='ocrx_word' id='word_1_174' title='bbox 1766 1083 1844 1133; x_wconf 73' lang='lat' dir='ltr'><strong>ipsi</strong></span> <span class='ocrx_word' id='word_1_175' title='bbox 1866 1083 2055 1132; x_wconf 74' lang='lat' dir='ltr'><strong>homines,</strong></span> <span class='ocrx_word' id='word_1_176' title='bbox 2085 1084 2211 1132; x_wconf 86' lang='lat' dir='ltr'><strong>inquit</strong></span> 
     </span>
     <span class='ocr_line' id='line_1_19' title="bbox 271 1135 2208 1187; baseline -0.001 -12"><span class='ocrx_word' id='word_1_177' title='bbox 271 1139 535 1187; x_wconf 68' lang='lat' dir='ltr'><strong>Augustinus,</strong></span> <span class='ocrx_word' id='word_1_178' title='bbox 573 1138 622 1174; x_wconf 45' lang='grc' dir='ltr'><strong>(ἓν</strong></span> <span class='ocrx_word' id='word_1_179' title='bbox 654 1135 818 1185; x_wconf 83' lang='lat' dir='ltr'><strong>populi?</strong></span> <span class='ocrx_word' id='word_1_180' title='bbox 849 1137 974 1174; x_wconf 71' lang='lat' dir='ltr'><strong>eiusne</strong></span> <span class='ocrx_word' id='word_1_181' title='bbox 993 1137 1150 1183; x_wconf 84' lang='lat' dir='ltr'><strong>generis</strong></span> <span class='ocrx_word' id='word_1_182' title='bbox 1176 1149 1308 1173; x_wconf 89' lang='lat' dir='ltr'><strong>rerum</strong></span> <span class='ocrx_word' id='word_1_183' title='bbox 1336 1141 1445 1185; x_wconf 84' lang='lat' dir='ltr'><strong>sunt,</strong></span> <span class='ocrx_word' id='word_1_184' title='bbox 1473 1140 1515 1174; x_wconf 87' lang='lat' dir='ltr'><strong>vt</strong></span> <span class='ocrx_word' id='word_1_185' title='bbox 1538 1136 1698 1172; x_wconf 88' lang='lat' dir='ltr'><strong>interire</strong></span> <span class='ocrx_word' id='word_1_186' title='bbox 1723 1139 1915 1174; x_wconf 83' lang='lat' dir='ltr'><strong>mutarive</strong></span> <span class='ocrx_word' id='word_1_187' title='bbox 1942 1149 2015 1173; x_wconf 84' lang='lat' dir='ltr'><strong>non</strong></span> <span class='ocrx_word' id='word_1_188' title='bbox 2034 1137 2208 1187; x_wconf 86' lang='lat' dir='ltr'><strong>possint,</strong></span> 
     </span>
     <span class='ocr_line' id='line_1_20' title="bbox 273 1187 2207 1240; baseline -0.002 -11"><span class='ocrx_word' id='word_1_189' title='bbox 273 1195 491 1240; x_wconf 83' lang='lat' dir='ltr'><strong>aeternique</strong></span> <span class='ocrx_word' id='word_1_190' title='bbox 532 1191 681 1228; x_wconf 84' lang='lat' dir='ltr'><strong>omnino</strong></span> <span class='ocrx_word' id='word_1_191' title='bbox 722 1191 824 1235; x_wconf 87' lang='lat' dir='ltr'><strong>sint‚·</strong></span> <span class='ocrx_word' id='word_1_192' title='bbox 859 1203 910 1227; x_wconf 86' lang='lat' dir='ltr'><strong>an</strong></span> <span class='ocrx_word' id='word_1_193' title='bbox 946 1190 1036 1228; x_wconf 78' lang='lat' dir='ltr'><strong>verb</strong></span> <span class='ocrx_word' id='word_1_194' title='bbox 1070 1190 1290 1239; x_wconf 78' lang='lat' dir='ltr'><strong>mutabiles,</strong></span> <span class='ocrx_word' id='word_1_195' title='bbox 1327 1189 1631 1240; x_wconf 74' lang='lat' dir='ltr'><strong>temporibusque</strong></span> <span class='ocrx_word' id='word_1_196' title='bbox 1665 1189 1823 1226; x_wconf 87' lang='lat' dir='ltr'><strong>subiecti</strong></span> <span class='ocrx_word' id='word_1_197' title='bbox 1852 1187 1970 1226; x_wconf 86' lang='lat' dir='ltr'><strong>sunt?</strong></span> <span class='ocrx_word' id='word_1_198' title='bbox 2009 1189 2207 1237; x_wconf 89' lang='lat' dir='ltr'><strong>Euodius,</strong></span> 
     </span>
     <span class='ocr_line' id='line_1_21' title="bbox 272 1240 2208 1294; baseline -0.003 -11"><span class='ocrx_word' id='word_1_199' title='bbox 272 1245 466 1283; x_wconf 78' lang='lat' dir='ltr'><strong>Mutabz‘le</strong></span> <span class='ocrx_word' id='word_1_200' title='bbox 490 1244 634 1294; x_wconf 75' lang='lat' dir='ltr'><strong>plane,</strong></span> <span class='ocrx_word' id='word_1_201' title='bbox 673 1244 814 1293; x_wconf 85' lang='lat' dir='ltr'><strong>inquit,</strong></span> <span class='ocrx_word' id='word_1_202' title='bbox 849 1248 962 1291; x_wconf 89' lang='lat' dir='ltr'><strong>atque</strong></span> <span class='ocrx_word' id='word_1_203' title='bbox 999 1243 1164 1291; x_wconf 87' lang='lat' dir='ltr'><strong>tempori</strong></span> <span class='ocrx_word' id='word_1_204' title='bbox 1197 1243 1399 1280; x_wconf 71' lang='lat' dir='ltr'><strong>obnoxium</strong></span> <span class='ocrx_word' id='word_1_205' title='bbox 1435 1242 1505 1279; x_wconf 73' lang='lat' dir='ltr'><strong>boc</strong></span> <span class='ocrx_word' id='word_1_206' title='bbox 1527 1254 1652 1290; x_wconf 86' lang='lat' dir='ltr'><strong>genus</strong></span> <span class='ocrx_word' id='word_1_207' title='bbox 1679 1254 1758 1279; x_wconf 88' lang='lat' dir='ltr'><strong>esse</strong></span> <span class='ocrx_word' id='word_1_208' title='bbox 1783 1243 1870 1291; x_wconf 88' lang='lat' dir='ltr'><strong>quis</strong></span> <span class='ocrx_word' id='word_1_209' title='bbox 1898 1240 2064 1280; x_wconf 88' lang='lat' dir='ltr'><strong>dubitet?</strong></span> <span class='ocrx_word' id='word_1_210' title='bbox 2112 1243 2208 1279; x_wconf 83' lang='lat' dir='ltr'><strong>Tum</strong></span> 
     </span>
     <span class='ocr_line' id='line_1_22' title="bbox 273 1295 2210 1347; baseline -0.002 -12"><span class='ocrx_word' id='word_1_211' title='bbox 273 1298 536 1347; x_wconf 73' lang='lat' dir='ltr'><strong>Augustinus,</strong></span> <span class='ocrx_word' id='word_1_212' title='bbox 563 1297 679 1344; x_wconf 86' lang='lat' dir='ltr'><strong>Ergo</strong></span> <span class='ocrx_word' id='word_1_213' title='bbox 705 1297 742 1333; x_wconf 88' lang='lat' dir='ltr'><strong>si</strong></span> <span class='ocrx_word' id='word_1_214' title='bbox 758 1298 930 1346; x_wconf 76' lang='lat' dir='ltr'><strong>populus</strong></span> <span class='ocrx_word' id='word_1_215' title='bbox 957 1296 1009 1333; x_wconf 92' lang='lat' dir='ltr'><strong>sit</strong></span> <span class='ocrx_word' id='word_1_216' title='bbox 1033 1295 1122 1332; x_wconf 88' lang='lat' dir='ltr'><strong>bene</strong></span> <span class='ocrx_word' id='word_1_217' title='bbox 1148 1296 1366 1334; x_wconf 86' lang='lat' dir='ltr'><strong>moderatus</strong></span> <span class='ocrx_word' id='word_1_218' title='bbox 1391 1296 1440 1333; x_wconf 49' lang='grc' dir='ltr'><strong>ἐφ’</strong></span> <span class='ocrx_word' id='word_1_219' title='bbox 1458 1295 1623 1344; x_wconf 86' lang='lat' dir='ltr'><strong>grauis,</strong></span> <span class='ocrx_word' id='word_1_220' title='bbox 1649 1298 1926 1343; x_wconf 78' lang='lat' dir='ltr'><strong>comniunisque</strong></span> <span class='ocrx_word' id='word_1_221' title='bbox 1939 1295 2113 1334; x_wconf 73' lang='lat' dir='ltr'><strong>utilitatis</strong></span> <span class='ocrx_word' id='word_1_222' title='bbox 2127 1296 2210 1332; x_wconf 88' lang='lat' dir='ltr'><strong>dili-</strong></span> 
     </span>
     <span class='ocr_line' id='line_1_23' title="bbox 270 1348 2212 1400; baseline -0.002 -11"><span class='ocrx_word' id='word_1_223' title='bbox 270 1352 517 1400; x_wconf 86' lang='lat' dir='ltr'><strong>gentissimus</strong></span> <span class='ocrx_word' id='word_1_224' title='bbox 557 1354 703 1398; x_wconf 85' lang='lat' dir='ltr'><strong>custos,</strong></span> <span class='ocrx_word' id='word_1_225' title='bbox 743 1350 782 1386; x_wconf 88' lang='lat' dir='ltr'><strong>in</strong></span> <span class='ocrx_word' id='word_1_226' title='bbox 811 1361 885 1398; x_wconf 87' lang='lat' dir='ltr'><strong>quo</strong></span> <span class='ocrx_word' id='word_1_227' title='bbox 914 1350 1134 1397; x_wconf 73' lang='lat' dir='ltr'><strong>unusquisq,</strong></span> <span class='ocrx_word' id='word_1_228' title='bbox 1164 1350 1326 1386; x_wconf 77' lang='lat' dir='ltr'><strong>minoris</strong></span> <span class='ocrx_word' id='word_1_229' title='bbox 1352 1361 1432 1385; x_wconf 88' lang='lat' dir='ltr'><strong>rem</strong></span> <span class='ocrx_word' id='word_1_230' title='bbox 1452 1349 1657 1398; x_wconf 88' lang='lat' dir='ltr'><strong>priuatam</strong></span> <span class='ocrx_word' id='word_1_231' title='bbox 1685 1360 1800 1397; x_wconf 87' lang='lat' dir='ltr'><strong>quam</strong></span> <span class='ocrx_word' id='word_1_232' title='bbox 1820 1348 2020 1398; x_wconf 74' lang='lat' dir='ltr'><strong>publicam</strong></span> <span class='ocrx_word' id='word_1_233' title='bbox 2045 1349 2188 1394; x_wconf 76' lang='lat' dir='ltr'><strong>pendat</strong></span> <span class='ocrx_word' id='word_1_234' title='bbox 2195 1359 2212 1395; x_wconf 77' lang='lat'><strong>,⁶</strong></span> 
     </span>
     <span class='ocr_line' id='line_1_24' title="bbox 273 1401 2210 1452; baseline -0.002 -10"><span class='ocrx_word' id='word_1_235' title='bbox 273 1407 395 1442; x_wconf 84' lang='lat' dir='ltr'><strong>no‘nne</strong></span> <span class='ocrx_word' id='word_1_236' title='bbox 430 1403 530 1441; x_wconf 76' lang='lat' dir='ltr'><strong>recte</strong></span> <span class='ocrx_word' id='word_1_237' title='bbox 556 1404 619 1440; x_wconf 81' lang='lat' dir='ltr'><strong>lex</strong></span> <span class='ocrx_word' id='word_1_238' title='bbox 636 1402 791 1452; x_wconf 87' lang='lat' dir='ltr'><strong>fertur,</strong></span> <span class='ocrx_word' id='word_1_239' title='bbox 819 1414 897 1452; x_wconf 87' lang='lat' dir='ltr'><strong>qua</strong></span> <span class='ocrx_word' id='word_1_240' title='bbox 925 1402 1014 1439; x_wconf 78' lang='lat' dir='ltr'><strong>lzuic</strong></span> <span class='ocrx_word' id='word_1_241' title='bbox 1040 1403 1116 1450; x_wconf 77' lang='lat' dir='ltr'><strong>ipsi</strong></span> <span class='ocrx_word' id='word_1_242' title='bbox 1134 1403 1284 1452; x_wconf 88' lang='lat' dir='ltr'><strong>populo</strong></span> <span class='ocrx_word' id='word_1_243' title='bbox 1312 1403 1426 1440; x_wconf 88' lang='lat' dir='ltr'><strong>liceat</strong></span> <span class='ocrx_word' id='word_1_244' title='bbox 1452 1413 1587 1439; x_wconf 87' lang='lat' dir='ltr'><strong>creare</strong></span> <span class='ocrx_word' id='word_1_245' title='bbox 1615 1401 1689 1438; x_wconf 85' lang='lat' dir='ltr'><strong>sibi</strong></span> <span class='ocrx_word' id='word_1_246' title='bbox 1713 1401 1985 1450; x_wconf 73' lang='lat' dir='ltr'><strong>magistratus,</strong></span> <span class='ocrx_word' id='word_1_247' title='bbox 2014 1406 2089 1450; x_wconf 82' lang='lat' dir='ltr'><strong>per</strong></span> <span class='ocrx_word' id='word_1_248' title='bbox 2116 1413 2210 1450; x_wconf 86' lang='lat' dir='ltr'><strong>quos</strong></span> 
     </span>
     <span class='ocr_line' id='line_1_25' title="bbox 274 1453 2210 1506; baseline -0.002 -11"><span class='ocrx_word' id='word_1_249' title='bbox 274 1470 346 1495; x_wconf 88' lang='lat' dir='ltr'><strong>sua</strong></span> <span class='ocrx_word' id='word_1_250' title='bbox 373 1470 458 1506; x_wconf 92' lang='lat' dir='ltr'><strong>res,</strong></span> <span class='ocrx_word' id='word_1_251' title='bbox 486 1457 531 1494; x_wconf 90' lang='lat' dir='ltr'><strong>id</strong></span> <span class='ocrx_word' id='word_1_252' title='bbox 553 1461 626 1505; x_wconf 88' lang='lat' dir='ltr'><strong>est,</strong></span> <span class='ocrx_word' id='word_1_253' title='bbox 651 1456 807 1504; x_wconf 85' lang='lat' dir='ltr'><strong>publiea</strong></span> <span class='ocrx_word' id='word_1_254' title='bbox 836 1453 1158 1492; x_wconf 64' lang='lat' dir='ltr'><strong>administretur?</strong></span> <span class='ocrx_word' id='word_1_255' title='bbox 1189 1455 1264 1492; x_wconf 89' lang='lat' dir='ltr'><strong>Cui</strong></span> <span class='ocrx_word' id='word_1_256' title='bbox 1287 1456 1487 1505; x_wconf 88' lang='lat' dir='ltr'><strong>Euodius,</strong></span> <span class='ocrx_word' id='word_1_257' title='bbox 1510 1455 1625 1491; x_wconf 74' lang='lat' dir='ltr'><strong>Recte</strong></span> <span class='ocrx_word' id='word_1_258' title='bbox 1636 1459 1817 1503; x_wconf 73' lang='lat' dir='ltr'><strong>prorsus.</strong></span> <span class='ocrx_word' id='word_1_259' title='bbox 1844 1453 1930 1492; x_wconf 72' lang='lat' dir='ltr'><strong>Hic</strong></span> <span class='ocrx_word' id='word_1_260' title='bbox 1944 1455 2210 1504; x_wconf 78' lang='lat' dir='ltr'><strong>Augustinus,</strong></span> 
     </span>
     <span class='ocr_line' id='line_1_26' title="bbox 273 1506 2210 1559; baseline -0.002 -11"><span class='ocrx_word' id='word_1_261' title='bbox 273 1511 407 1548; x_wconf 79' lang='lat' dir='ltr'><strong>Porrb</strong></span> <span class='ocrx_word' id='word_1_262' title='bbox 445 1511 482 1547; x_wconf 91' lang='lat' dir='ltr'><strong>si</strong></span> <span class='ocrx_word' id='word_1_263' title='bbox 517 1509 707 1558; x_wconf 83' lang='lat' dir='ltr'><strong>paulatim</strong></span> <span class='ocrx_word' id='word_1_264' title='bbox 750 1509 989 1559; x_wconf 87' lang='lat' dir='ltr'><strong>deprauatus</strong></span> <span class='ocrx_word' id='word_1_265' title='bbox 1029 1508 1125 1544; x_wconf 90' lang='lat' dir='ltr'><strong>idem</strong></span> <span class='ocrx_word' id='word_1_266' title='bbox 1152 1510 1327 1558; x_wconf 88' lang='lat' dir='ltr'><strong>populus</strong></span> <span class='ocrx_word' id='word_1_267' title='bbox 1363 1521 1443 1545; x_wconf 91' lang='lat' dir='ltr'><strong>rem</strong></span> <span class='ocrx_word' id='word_1_268' title='bbox 1462 1508 1669 1559; x_wconf 84' lang='lat' dir='ltr'><strong>priuatam</strong></span> <span class='ocrx_word' id='word_1_269' title='bbox 1699 1508 1760 1544; x_wconf 88' lang='lat' dir='ltr'><strong>rei</strong></span> <span class='ocrx_word' id='word_1_270' title='bbox 1779 1507 1962 1558; x_wconf 84' lang='lat' dir='ltr'><strong>publicae</strong></span> <span class='ocrx_word' id='word_1_271' title='bbox 1979 1506 2210 1558; x_wconf 85' lang='lat' dir='ltr'><strong>praeferat,</strong></span> 
     </span>
     <span class='ocr_line' id='line_1_27' title="bbox 272 1561 2211 1612; baseline -0.003 -10"><span class='ocrx_word' id='word_1_272' title='bbox 272 1569 386 1612; x_wconf 85' lang='lat' dir='ltr'><strong>atque</strong></span> <span class='ocrx_word' id='word_1_273' title='bbox 411 1562 553 1600; x_wconf 74' lang='lat' dir='ltr'><strong>babeat</strong></span> <span class='ocrx_word' id='word_1_274' title='bbox 578 1563 709 1601; x_wconf 83' lang='lat' dir='ltr'><strong>venale</strong></span> <span class='ocrx_word' id='word_1_275' title='bbox 735 1561 996 1611; x_wconf 80' lang='lat' dir='ltr'><strong>suffragium,</strong></span> <span class='ocrx_word' id='word_1_276' title='bbox 1026 1565 1305 1610; x_wconf 82' lang='lat' dir='ltr'><strong>corruptu&#39;sque</strong></span> <span class='ocrx_word' id='word_1_277' title='bbox 1331 1562 1380 1599; x_wconf 90' lang='lat' dir='ltr'><strong>ab</strong></span> <span class='ocrx_word' id='word_1_278' title='bbox 1410 1562 1462 1598; x_wconf 89' lang='lat' dir='ltr'><strong>eis</strong></span> <span class='ocrx_word' id='word_1_279' title='bbox 1490 1561 1559 1610; x_wconf 89' lang='lat' dir='ltr'><strong>qui</strong></span> <span class='ocrx_word' id='word_1_280' title='bbox 1583 1561 1749 1598; x_wconf 79' lang='lat' dir='ltr'><strong>bonores</strong></span> <span class='ocrx_word' id='word_1_281' title='bbox 1776 1565 1912 1598; x_wconf 86' lang='lat' dir='ltr'><strong>amant</strong></span> <span class='ocrx_word' id='word_1_282' title='bbox 1933 1561 2103 1608; x_wconf 87' lang='lat' dir='ltr'><strong>regimen</strong></span> <span class='ocrx_word' id='word_1_283' title='bbox 2117 1561 2157 1597; x_wconf 88' lang='lat' dir='ltr'><strong>in</strong></span> <span class='ocrx_word' id='word_1_284' title='bbox 2172 1573 2211 1597; x_wconf 92' lang='lat' dir='ltr'><strong>se</strong></span> 
     </span>
     <span class='ocr_line' id='line_1_28' title="bbox 262 1614 2210 1666; baseline -0.002 -12"><span class='ocrx_word' id='word_1_285' title='bbox 262 1617 481 1666; x_wconf 77' lang='lat' dir='ltr'><strong>flagitiosis</strong></span> <span class='ocrx_word' id='word_1_286' title='bbox 509 1617 844 1663; x_wconf 79' lang='lat' dir='ltr'><strong>consceleratisque</strong></span> <span class='ocrx_word' id='word_1_287' title='bbox 870 1615 1092 1665; x_wconf 81' lang='lat' dir='ltr'><strong>committat,</strong></span> <span class='ocrx_word' id='word_1_288' title='bbox 1121 1627 1244 1651; x_wconf 89' lang='lat' dir='ltr'><strong>nonne</strong></span> <span class='ocrx_word' id='word_1_289' title='bbox 1270 1616 1356 1652; x_wconf 91' lang='lat' dir='ltr'><strong>item</strong></span> <span class='ocrx_word' id='word_1_290' title='bbox 1384 1615 1504 1664; x_wconf 77' lang='lat' dir='ltr'><strong>recte,</strong></span> <span class='ocrx_word' id='word_1_291' title='bbox 1532 1614 1653 1662; x_wconf 89' lang='lat' dir='ltr'><strong>siquis</strong></span> <span class='ocrx_word' id='word_1_292' title='bbox 1680 1619 1768 1652; x_wconf 87' lang='lat' dir='ltr'><strong>tunc</strong></span> <span class='ocrx_word' id='word_1_293' title='bbox 1796 1614 1986 1651; x_wconf 89' lang='lat' dir='ltr'><strong>exstiterit</strong></span> <span class='ocrx_word' id='word_1_294' title='bbox 2005 1614 2068 1652; x_wconf 82' lang='lat' dir='ltr'><strong>vir</strong></span> <span class='ocrx_word' id='word_1_295' title='bbox 2091 1614 2210 1650; x_wconf 90' lang='lat' dir='ltr'><strong>bonus</strong></span> 
     </span>
     <span class='ocr_line' id='line_1_29' title="bbox 273 1667 2210 1720; baseline -0.002 -14"><span class='ocrx_word' id='word_1_296' title='bbox 273 1671 342 1719; x_wconf 85' lang='lat' dir='ltr'><strong>qui</strong></span> <span class='ocrx_word' id='word_1_297' title='bbox 371 1670 589 1720; x_wconf 87' lang='lat' dir='ltr'><strong>plurimum</strong></span> <span class='ocrx_word' id='word_1_298' title='bbox 621 1668 762 1718; x_wconf 82' lang='lat' dir='ltr'><strong>possit,</strong></span> <span class='ocrx_word' id='word_1_299' title='bbox 791 1668 939 1705; x_wconf 84' lang='lat' dir='ltr'><strong>adimat</strong></span> <span class='ocrx_word' id='word_1_300' title='bbox 963 1668 1051 1705; x_wconf 78' lang='lat' dir='ltr'><strong>liuic</strong></span> <span class='ocrx_word' id='word_1_301' title='bbox 1071 1668 1217 1718; x_wconf 86' lang='lat' dir='ltr'><strong>populo</strong></span> <span class='ocrx_word' id='word_1_302' title='bbox 1241 1672 1463 1716; x_wconf 81' lang='lat' dir='ltr'><strong>potestatem</strong></span> <span class='ocrx_word' id='word_1_303' title='bbox 1492 1667 1614 1704; x_wconf 88' lang='lat' dir='ltr'><strong>dandi</strong></span> <span class='ocrx_word' id='word_1_304' title='bbox 1636 1667 1823 1716; x_wconf 71' lang='lat' dir='ltr'><strong>bonores,</strong></span> <span class='ocrx_word' id='word_1_305' title='bbox 1852 1667 1902 1703; x_wconf 52' lang='grc' dir='ltr'><strong>ξφ</strong></span> <span class='ocrx_word' id='word_1_306' title='bbox 1931 1667 1972 1703; x_wconf 87' lang='lat' dir='ltr'><strong>in</strong></span> <span class='ocrx_word' id='word_1_307' title='bbox 1995 1671 2210 1714; x_wconf 85' lang='lat' dir='ltr'><strong>paucorum</strong></span> 
     </span>
     <span class='ocr_line' id='line_1_30' title="bbox 272 1719 2210 1769; baseline -0.002 -9"><span class='ocrx_word' id='word_1_308' title='bbox 272 1724 458 1760; x_wconf 87' lang='lat' dir='ltr'><strong>bonorum</strong></span> <span class='ocrx_word' id='word_1_309' title='bbox 499 1724 562 1760; x_wconf 85' lang='lat' dir='ltr'><strong>vel</strong></span> <span class='ocrx_word' id='word_1_310' title='bbox 598 1723 708 1759; x_wconf 91' lang='lat' dir='ltr'><strong>etiam</strong></span> <span class='ocrx_word' id='word_1_311' title='bbox 750 1721 861 1759; x_wconf 87' lang='lat' dir='ltr'><strong>vnius</strong></span> <span class='ocrx_word' id='word_1_312' title='bbox 901 1721 1058 1769; x_wconf 85' lang='lat' dir='ltr'><strong>redigat</strong></span> <span class='ocrx_word' id='word_1_313' title='bbox 1097 1719 1334 1758; x_wconf 82' lang='lat' dir='ltr'><strong>arbitrium?</strong></span> <span class='ocrx_word' id='word_1_314' title='bbox 1362 1721 1420 1757; x_wconf 89' lang='lat' dir='ltr'><strong>Et</strong></span> <span class='ocrx_word' id='word_1_315' title='bbox 1443 1721 1488 1757; x_wconf 88' lang='lat' dir='ltr'><strong>id</strong></span> <span class='ocrx_word' id='word_1_316' title='bbox 1510 1720 1627 1768; x_wconf 76' lang='lat' dir='ltr'><strong>recte,</strong></span> <span class='ocrx_word' id='word_1_317' title='bbox 1655 1720 1713 1757; x_wconf 90' lang='lat' dir='ltr'><strong>ait</strong></span> <span class='ocrx_word' id='word_1_318' title='bbox 1737 1720 1926 1756; x_wconf 87' lang='lat' dir='ltr'><strong>Euodius.</strong></span> <span class='ocrx_word' id='word_1_319' title='bbox 1972 1719 2066 1756; x_wconf 74' lang='lat' dir='ltr'><strong>Cum</strong></span> <span class='ocrx_word' id='word_1_320' title='bbox 2095 1731 2210 1769; x_wconf 87' lang='lat' dir='ltr'><strong>ergo,</strong></span> 
     </span>
     <span class='ocr_line' id='line_1_31' title="bbox 272 1773 2211 1824; baseline -0.002 -11"><span class='ocrx_word' id='word_1_321' title='bbox 272 1776 515 1824; x_wconf 77' lang='lat' dir='ltr'><strong>Augustinus</strong></span> <span class='ocrx_word' id='word_1_322' title='bbox 538 1776 681 1824; x_wconf 86' lang='lat' dir='ltr'><strong>inquit,</strong></span> <span class='ocrx_word' id='word_1_323' title='bbox 709 1774 808 1811; x_wconf 88' lang='lat' dir='ltr'><strong>duae</strong></span> <span class='ocrx_word' id='word_1_324' title='bbox 834 1775 930 1812; x_wconf 86' lang='lat' dir='ltr'><strong>istae</strong></span> <span class='ocrx_word' id='word_1_325' title='bbox 957 1775 1060 1822; x_wconf 81' lang='lat' dir='ltr'><strong>leges</strong></span> <span class='ocrx_word' id='word_1_326' title='bbox 1087 1774 1142 1811; x_wconf 88' lang='lat' dir='ltr'><strong>ita</strong></span> <span class='ocrx_word' id='word_1_327' title='bbox 1171 1774 1247 1811; x_wconf 90' lang='lat' dir='ltr'><strong>sibi</strong></span> <span class='ocrx_word' id='word_1_328' title='bbox 1271 1774 1475 1812; x_wconf 79' lang='lat' dir='ltr'><strong>videantur</strong></span> <span class='ocrx_word' id='word_1_329' title='bbox 1502 1785 1579 1810; x_wconf 89' lang='lat' dir='ltr'><strong>esse</strong></span> <span class='ocrx_word' id='word_1_330' title='bbox 1606 1773 1844 1821; x_wconf 86' lang='lat' dir='ltr'><strong>contrariae,</strong></span> <span class='ocrx_word' id='word_1_331' title='bbox 1873 1773 1914 1820; x_wconf 92' lang='lat' dir='ltr'><strong>(f.</strong></span> <span class='ocrx_word' id='word_1_332' title='bbox 1940 1773 2054 1820; x_wconf 86' lang='lat'>1479)</span> <span class='ocrx_word' id='word_1_333' title='bbox 2082 1778 2124 1811; x_wconf 84' lang='lat' dir='ltr'><strong>vt</strong></span> <span class='ocrx_word' id='word_1_334' title='bbox 2135 1785 2211 1811; x_wconf 77' lang='lat' dir='ltr'><strong>vna</strong></span> 
     </span>
     <span class='ocr_line' id='line_1_32' title="bbox 274 1825 2212 1877; baseline -0.002 -10"><span class='ocrx_word' id='word_1_335' title='bbox 274 1842 403 1867; x_wconf 85' lang='lat' dir='ltr'><strong>earum</strong></span> <span class='ocrx_word' id='word_1_336' title='bbox 444 1829 632 1866; x_wconf 78' lang='lat' dir='ltr'><strong>honorum</strong></span> <span class='ocrx_word' id='word_1_337' title='bbox 674 1827 889 1865; x_wconf 85' lang='lat' dir='ltr'><strong>dandorum</strong></span> <span class='ocrx_word' id='word_1_338' title='bbox 922 1828 1067 1876; x_wconf 85' lang='lat' dir='ltr'><strong>populo</strong></span> <span class='ocrx_word' id='word_1_339' title='bbox 1109 1827 1258 1864; x_wconf 88' lang='lat' dir='ltr'><strong>tribuat</strong></span> <span class='ocrx_word' id='word_1_340' title='bbox 1286 1831 1535 1877; x_wconf 89' lang='lat' dir='ltr'><strong>potestatem,</strong></span> <span class='ocrx_word' id='word_1_341' title='bbox 1577 1825 1740 1874; x_wconf 85' lang='lat' dir='ltr'><strong>auferat</strong></span> <span class='ocrx_word' id='word_1_342' title='bbox 1770 1827 1920 1871; x_wconf 86' lang='lat' dir='ltr'><strong>altera;</strong></span> <span class='ocrx_word' id='word_1_343' title='bbox 1949 1826 1999 1862; x_wconf 55' lang='grc' dir='ltr'><strong>ὃν</strong></span> <span class='ocrx_word' id='word_1_344' title='bbox 2025 1826 2108 1862; x_wconf 74' lang='lat' dir='ltr'><strong>cum</strong></span> <span class='ocrx_word' id='word_1_345' title='bbox 2135 1826 2212 1863; x_wconf 85' lang='lat' dir='ltr'><strong>ista</strong></span> 
     </span>
     <span class='ocr_line' id='line_1_33' title="bbox 274 1879 2210 1929; baseline -0.003 -9"><span class='ocrx_word' id='word_1_346' title='bbox 274 1883 438 1920; x_wconf 88' lang='lat' dir='ltr'><strong>secunda</strong></span> <span class='ocrx_word' id='word_1_347' title='bbox 479 1882 534 1918; x_wconf 89' lang='lat' dir='ltr'><strong>ita</strong></span> <span class='ocrx_word' id='word_1_348' title='bbox 576 1882 658 1919; x_wconf 87' lang='lat' dir='ltr'><strong>lata</strong></span> <span class='ocrx_word' id='word_1_349' title='bbox 698 1881 765 1929; x_wconf 88' lang='lat' dir='ltr'><strong>sit,</strong></span> <span class='ocrx_word' id='word_1_350' title='bbox 806 1885 848 1919; x_wconf 86' lang='lat' dir='ltr'><strong>vt</strong></span> <span class='ocrx_word' id='word_1_351' title='bbox 885 1881 990 1917; x_wconf 88' lang='lat' dir='ltr'><strong>nullo</strong></span> <span class='ocrx_word' id='word_1_352' title='bbox 1024 1880 1133 1917; x_wconf 88' lang='lat' dir='ltr'><strong>modo</strong></span> <span class='ocrx_word' id='word_1_353' title='bbox 1166 1880 1300 1917; x_wconf 85' lang='lat' dir='ltr'><strong>ambae</strong></span> <span class='ocrx_word' id='word_1_354' title='bbox 1336 1881 1376 1917; x_wconf 89' lang='lat' dir='ltr'><strong>in</strong></span> <span class='ocrx_word' id='word_1_355' title='bbox 1404 1893 1482 1919; x_wconf 86' lang='lat' dir='ltr'><strong>vna</strong></span> <span class='ocrx_word' id='word_1_356' title='bbox 1509 1879 1661 1917; x_wconf 88' lang='lat' dir='ltr'><strong>ciuitate</strong></span> <span class='ocrx_word' id='word_1_357' title='bbox 1688 1879 1805 1916; x_wconf 90' lang='lat' dir='ltr'><strong>simul</strong></span> <span class='ocrx_word' id='word_1_358' title='bbox 1828 1891 1905 1915; x_wconf 89' lang='lat' dir='ltr'><strong>esse</strong></span> <span class='ocrx_word' id='word_1_359' title='bbox 1918 1879 2093 1928; x_wconf 77' lang='lat' dir='ltr'><strong>possint,</strong></span> <span class='ocrx_word' id='word_1_360' title='bbox 2121 1891 2210 1916; x_wconf 89' lang='lat' dir='ltr'><strong>num</strong></span> 
     </span>
     <span class='ocr_line' id='line_1_34' title="bbox 274 1930 2212 1983; baseline -0.003 -10"><span class='ocrx_word' id='word_1_361' title='bbox 274 1937 438 1973; x_wconf 88' lang='lat' dir='ltr'><strong>dicemus</strong></span> <span class='ocrx_word' id='word_1_362' title='bbox 466 1935 636 1983; x_wconf 77' lang='lat' dir='ltr'><strong>aliquam</strong></span> <span class='ocrx_word' id='word_1_363' title='bbox 664 1946 798 1970; x_wconf 87' lang='lat' dir='ltr'><strong>earum</strong></span> <span class='ocrx_word' id='word_1_364' title='bbox 828 1933 1008 1971; x_wconf 87' lang='lat' dir='ltr'><strong>iniustam</strong></span> <span class='ocrx_word' id='word_1_365' title='bbox 1039 1945 1136 1982; x_wconf 87' lang='lat' dir='ltr'><strong>esse,</strong></span> <span class='ocrx_word' id='word_1_366' title='bbox 1167 1933 1217 1970; x_wconf 51' lang='grc' dir='ltr'><strong>ἐφ’</strong></span> <span class='ocrx_word' id='word_1_367' title='bbox 1236 1932 1355 1982; x_wconf 86' lang='lat' dir='ltr'><strong>ferri</strong></span> <span class='ocrx_word' id='word_1_368' title='bbox 1379 1933 1529 1970; x_wconf 75' lang='lat' dir='ltr'><strong>minime</strong></span> <span class='ocrx_word' id='word_1_369' title='bbox 1556 1930 1754 1969; x_wconf 89' lang='lat' dir='ltr'><strong>debuisse?</strong></span> <span class='ocrx_word' id='word_1_370' title='bbox 1786 1931 1861 1968; x_wconf 89' lang='lat' dir='ltr'><strong>Cui</strong></span> <span class='ocrx_word' id='word_1_371' title='bbox 1885 1931 2082 1981; x_wconf 87' lang='lat' dir='ltr'><strong>Euodius,</strong></span> <span class='ocrx_word' id='word_1_372' title='bbox 2107 1932 2212 1968; x_wconf 88' lang='lat' dir='ltr'><strong>nullo</strong></span> 
     </span>
     <span class='ocr_line' id='line_1_35' title="bbox 275 1985 2213 2038; baseline -0.003 -12"><span class='ocrx_word' id='word_1_373' title='bbox 275 1989 396 2026; x_wconf 88' lang='lat' dir='ltr'><strong>modo.</strong></span> <span class='ocrx_word' id='word_1_374' title='bbox 425 1989 668 2038; x_wconf 83' lang='lat' dir='ltr'><strong>Appellemus</strong></span> <span class='ocrx_word' id='word_1_375' title='bbox 698 1999 811 2035; x_wconf 83' lang='lat' dir='ltr'><strong>ergo,</strong></span> <span class='ocrx_word' id='word_1_376' title='bbox 841 1987 1086 2034; x_wconf 77' lang='lat' dir='ltr'><strong>Augustinus</strong></span> <span class='ocrx_word' id='word_1_377' title='bbox 1114 1987 1254 2036; x_wconf 87' lang='lat' dir='ltr'><strong>inquit,</strong></span> <span class='ocrx_word' id='word_1_378' title='bbox 1282 1987 1394 2024; x_wconf 89' lang='lat' dir='ltr'><strong>istam</strong></span> <span class='ocrx_word' id='word_1_379' title='bbox 1421 1987 1538 2034; x_wconf 87' lang='lat' dir='ltr'><strong>legem</strong></span> <span class='ocrx_word' id='word_1_380' title='bbox 1567 1985 1623 2033; x_wconf 85' lang='lat' dir='ltr'><strong>(si</strong></span> <span class='ocrx_word' id='word_1_381' title='bbox 1636 1985 1787 2034; x_wconf 85' lang='lat' dir='ltr'><strong>placet)</strong></span> <span class='ocrx_word' id='word_1_382' title='bbox 1817 1985 2061 2035; x_wconf 77' lang='lat' dir='ltr'><strong>temporalem</strong></span> <span class='ocrx_word' id='word_1_383' title='bbox 2072 1995 2088 2030; x_wconf 89' lang='lat'><strong>,·</strong></span> <span class='ocrx_word' id='word_1_384' title='bbox 2115 1996 2213 2033; x_wconf 89' lang='lat' dir='ltr'><strong>quae</strong></span> 
     </span>
     <span class='ocr_line' id='line_1_36' title="bbox 274 2037 2210 2091; baseline -0.002 -13"><span class='ocrx_word' id='word_1_385' title='bbox 274 2042 450 2091; x_wconf 88' lang='lat' dir='ltr'><strong>quamuis</strong></span> <span class='ocrx_word' id='word_1_386' title='bbox 475 2042 578 2079; x_wconf 86' lang='lat' dir='ltr'><strong>iusta</strong></span> <span class='ocrx_word' id='word_1_387' title='bbox 605 2041 671 2088; x_wconf 90' lang='lat' dir='ltr'><strong>sit,</strong></span> <span class='ocrx_word' id='word_1_388' title='bbox 702 2040 932 2077; x_wconf 85' lang='lat' dir='ltr'><strong>commutari</strong></span> <span class='ocrx_word' id='word_1_389' title='bbox 957 2045 1081 2077; x_wconf 87' lang='lat' dir='ltr'><strong>tamen</strong></span> <span class='ocrx_word' id='word_1_390' title='bbox 1100 2045 1180 2089; x_wconf 89' lang='lat' dir='ltr'><strong>per</strong></span> <span class='ocrx_word' id='word_1_391' title='bbox 1198 2044 1369 2088; x_wconf 84' lang='lat' dir='ltr'><strong>tempora</strong></span> <span class='ocrx_word' id='word_1_392' title='bbox 1383 2039 1478 2077; x_wconf 59' lang='lat' dir='ltr'><strong>iusti*</strong></span> <span class='ocrx_word' id='word_1_393' title='bbox 1483 2042 1623 2089; x_wconf 88' lang='lat' dir='ltr'><strong>potest.</strong></span> <span class='ocrx_word' id='word_1_394' title='bbox 1650 2038 1830 2075; x_wconf 87' lang='lat' dir='ltr'><strong>Euodius</strong></span> <span class='ocrx_word' id='word_1_395' title='bbox 1845 2049 2041 2087; x_wconf 89' lang='lat' dir='ltr'><strong>annuens,</strong></span> <span class='ocrx_word' id='word_1_396' title='bbox 2068 2037 2210 2088; x_wconf 90' lang='lat' dir='ltr'><strong>Appel-</strong></span> 
     </span>
     <span class='ocr_line' id='line_1_37' title="bbox 273 2091 2213 2143; baseline -0.003 -11"><span class='ocrx_word' id='word_1_397' title='bbox 273 2097 403 2133; x_wconf 86' lang='lat' dir='ltr'><strong>lemus.</strong></span> <span class='ocrx_word' id='word_1_398' title='bbox 447 2094 609 2143; x_wconf 84' lang='lat' dir='ltr'><strong>Subijcit</strong></span> <span class='ocrx_word' id='word_1_399' title='bbox 632 2093 887 2141; x_wconf 77' lang='lat' dir='ltr'><strong>Augustinus,</strong></span> <span class='ocrx_word' id='word_1_400' title='bbox 937 2091 1073 2141; x_wconf 79' lang='lat' dir='ltr'><strong>Quid?</strong></span> <span class='ocrx_word' id='word_1_401' title='bbox 1099 2093 1169 2130; x_wconf 87' lang='lat' dir='ltr'><strong>illa</strong></span> <span class='ocrx_word' id='word_1_402' title='bbox 1197 2093 1255 2129; x_wconf 69' lang='lat' dir='ltr'><strong>lex</strong></span> <span class='ocrx_word' id='word_1_403' title='bbox 1282 2104 1380 2141; x_wconf 89' lang='lat' dir='ltr'><strong>quae</strong></span> <span class='ocrx_word' id='word_1_404' title='bbox 1407 2105 1555 2129; x_wconf 88' lang='lat' dir='ltr'><strong>summa</strong></span> <span class='ocrx_word' id='word_1_405' title='bbox 1583 2092 1686 2129; x_wconf 84' lang='lat' dir='ltr'><strong>ratio</strong></span> <span class='ocrx_word' id='word_1_406' title='bbox 1715 2092 1950 2140; x_wconf 88' lang='lat' dir='ltr'><strong>nominatur,</strong></span> <span class='ocrx_word' id='word_1_407' title='bbox 1978 2091 2041 2127; x_wconf 88' lang='lat' dir='ltr'><strong>cui</strong></span> <span class='ocrx_word' id='word_1_408' title='bbox 2065 2097 2213 2140; x_wconf 88' lang='lat' dir='ltr'><strong>semper</strong></span> 
     </span>
     <span class='ocr_line' id='line_1_38' title="bbox 274 2144 2213 2198; baseline -0.003 -13"><span class='ocrx_word' id='word_1_409' title='bbox 274 2148 607 2198; x_wconf 84' lang='lat' dir='ltr'><strong>obtemperandum</strong></span> <span class='ocrx_word' id='word_1_410' title='bbox 648 2151 722 2196; x_wconf 92' lang='lat' dir='ltr'><strong>est,</strong></span> <span class='ocrx_word' id='word_1_411' title='bbox 766 2146 815 2183; x_wconf 56' lang='grc' dir='ltr'><strong>ἐφ’</strong></span> <span class='ocrx_word' id='word_1_412' title='bbox 846 2152 927 2196; x_wconf 92' lang='lat' dir='ltr'><strong>per</strong></span> <span class='ocrx_word' id='word_1_413' title='bbox 967 2158 1079 2194; x_wconf 84' lang='lat' dir='ltr'><strong>quam</strong></span> <span class='ocrx_word' id='word_1_414' title='bbox 1121 2146 1216 2183; x_wconf 88' lang='lat' dir='ltr'><strong>mali</strong></span> <span class='ocrx_word' id='word_1_415' title='bbox 1242 2146 1444 2192; x_wconf 86' lang='lat' dir='ltr'><strong>miseram,</strong></span> <span class='ocrx_word' id='word_1_416' title='bbox 1473 2145 1562 2182; x_wconf 88' lang='lat' dir='ltr'><strong>boni</strong></span> <span class='ocrx_word' id='word_1_417' title='bbox 1587 2145 1733 2181; x_wconf 88' lang='lat' dir='ltr'><strong>beatam</strong></span> <span class='ocrx_word' id='word_1_418' title='bbox 1762 2144 1879 2182; x_wconf 82' lang='lat' dir='ltr'><strong>vitam</strong></span> <span class='ocrx_word' id='word_1_419' title='bbox 1907 2151 2114 2192; x_wconf 88' lang='lat' dir='ltr'><strong>merentur,</strong></span> <span class='ocrx_word' id='word_1_420' title='bbox 2133 2149 2213 2194; x_wconf 91' lang='lat' dir='ltr'><strong>per</strong></span> 
     </span>
     <span class='ocr_line' id='line_1_39' title="bbox 276 2196 2210 2251; baseline -0.003 -13"><span class='ocrx_word' id='word_1_421' title='bbox 276 2214 390 2251; x_wconf 86' lang='lat' dir='ltr'><strong>quam</strong></span> <span class='ocrx_word' id='word_1_422' title='bbox 430 2201 552 2249; x_wconf 87' lang='lat' dir='ltr'><strong>deniq.</strong></span> <span class='ocrx_word' id='word_1_423' title='bbox 593 2201 684 2248; x_wconf 88' lang='lat' dir='ltr'><strong>illa,</strong></span> <span class='ocrx_word' id='word_1_424' title='bbox 714 2211 829 2248; x_wconf 83' lang='lat' dir='ltr'><strong>quam</strong></span> <span class='ocrx_word' id='word_1_425' title='bbox 858 2200 1102 2249; x_wconf 87' lang='lat' dir='ltr'><strong>temporalem</strong></span> <span class='ocrx_word' id='word_1_426' title='bbox 1130 2199 1339 2236; x_wconf 85' lang='lat' dir='ltr'><strong>vocandam</strong></span> <span class='ocrx_word' id='word_1_427' title='bbox 1368 2199 1550 2243; x_wconf 51' lang='lat' dir='ltr'><strong>didimus,</strong></span> <span class='ocrx_word' id='word_1_428' title='bbox 1578 2197 1676 2234; x_wconf 74' lang='lat' dir='ltr'><strong>recte</strong></span> <span class='ocrx_word' id='word_1_429' title='bbox 1693 2196 1833 2245; x_wconf 87' lang='lat' dir='ltr'><strong>fertur</strong></span> <span class='ocrx_word' id='word_1_430' title='bbox 1861 2196 1996 2245; x_wconf 78' lang='lat' dir='ltr'><strong>recte&#39;q.</strong></span> <span class='ocrx_word' id='word_1_431' title='bbox 2024 2201 2210 2244; x_wconf 88' lang='lat' dir='ltr'><strong>mutatur,</strong></span> 
     </span>
     <span class='ocr_line' id='line_1_40' title="bbox 266 2248 2212 2306; baseline -0.003 -15"><span class='ocrx_word' id='word_1_432' title='bbox 266 2259 440 2306; x_wconf 86' lang='lat' dir='ltr'><strong>potestne</strong></span> <span class='ocrx_word' id='word_1_433' title='bbox 467 2254 631 2303; x_wconf 76' lang='lat' dir='ltr'><strong>cuipiam</strong></span> <span class='ocrx_word' id='word_1_434' title='bbox 658 2253 886 2300; x_wconf 76' lang='lat' dir='ltr'><strong>intelligenti</strong></span> <span class='ocrx_word' id='word_1_435' title='bbox 910 2265 985 2289; x_wconf 86' lang='lat' dir='ltr'><strong>non</strong></span> <span class='ocrx_word' id='word_1_436' title='bbox 1006 2252 1322 2289; x_wconf 81' lang='lat' dir='ltr'><strong>incommutabilis</strong></span> <span class='ocrx_word' id='word_1_437' title='bbox 1346 2255 1577 2300; x_wconf 75' lang='lat' dir='ltr'><strong>aeternaque</strong></span> <span class='ocrx_word' id='word_1_438' title='bbox 1602 2248 1757 2288; x_wconf 78' lang='lat' dir='ltr'><strong>videri?</strong></span> <span class='ocrx_word' id='word_1_439' title='bbox 1785 2250 1849 2286; x_wconf 89' lang='lat' dir='ltr'><strong>An</strong></span> <span class='ocrx_word' id='word_1_440' title='bbox 1862 2253 1993 2299; x_wconf 84' lang='lat' dir='ltr'><strong>potest</strong></span> <span class='ocrx_word' id='word_1_441' title='bbox 2003 2249 2212 2298; x_wconf 85' lang='lat' dir='ltr'><strong>aliquando</strong></span> 
     </span>
     <span class='ocr_line' id='line_1_41' title="bbox 276 2303 2212 2355; baseline -0.004 -9"><span class='ocrx_word' id='word_1_442' title='bbox 276 2308 459 2346; x_wconf 89' lang='lat' dir='ltr'><strong>iniustum</strong></span> <span class='ocrx_word' id='word_1_443' title='bbox 487 2318 585 2355; x_wconf 90' lang='lat' dir='ltr'><strong>esse,</strong></span> <span class='ocrx_word' id='word_1_444' title='bbox 614 2312 657 2344; x_wconf 85' lang='lat' dir='ltr'><strong>vt</strong></span> <span class='ocrx_word' id='word_1_445' title='bbox 679 2306 775 2342; x_wconf 89' lang='lat' dir='ltr'><strong>mali</strong></span> <span class='ocrx_word' id='word_1_446' title='bbox 799 2306 947 2354; x_wconf 81' lang='lat' dir='ltr'><strong>miseri,</strong></span> <span class='ocrx_word' id='word_1_447' title='bbox 976 2305 1067 2342; x_wconf 90' lang='lat' dir='ltr'><strong>boni</strong></span> <span class='ocrx_word' id='word_1_448' title='bbox 1091 2310 1214 2343; x_wconf 88' lang='lat' dir='ltr'><strong>autem</strong></span> <span class='ocrx_word' id='word_1_449' title='bbox 1243 2305 1344 2343; x_wconf 82' lang='lat' dir='ltr'><strong>beati</strong></span> <span class='ocrx_word' id='word_1_450' title='bbox 1367 2305 1466 2350; x_wconf 81' lang='lat' dir='ltr'><strong>sint,·</strong></span> <span class='ocrx_word' id='word_1_451' title='bbox 1494 2309 1565 2341; x_wconf 90' lang='lat' dir='ltr'><strong>aut</strong></span> <span class='ocrx_word' id='word_1_452' title='bbox 1576 2308 1617 2342; x_wconf 85' lang='lat' dir='ltr'><strong>vt</strong></span> <span class='ocrx_word' id='word_1_453' title='bbox 1628 2304 1816 2340; x_wconf 84' lang='lat' dir='ltr'><strong>modestus</strong></span> <span class='ocrx_word' id='word_1_454' title='bbox 1832 2303 1881 2340; x_wconf 52' lang='grc' dir='ltr'><strong>ἔφ’</strong></span> <span class='ocrx_word' id='word_1_455' title='bbox 1889 2303 2034 2350; x_wconf 90' lang='lat' dir='ltr'><strong>grauis</strong></span> <span class='ocrx_word' id='word_1_456' title='bbox 2039 2303 2212 2352; x_wconf 87' lang='lat' dir='ltr'><strong>populus</strong></span> 
     </span>
     <span class='ocr_line' id='line_1_42' title="bbox 277 2353 2212 2411; baseline -0.003 -14"><span class='ocrx_word' id='word_1_457' title='bbox 277 2362 357 2411; x_wconf 80' lang='lat' dir='ltr'><strong>ipse</strong></span> <span class='ocrx_word' id='word_1_458' title='bbox 384 2360 458 2397; x_wconf 89' lang='lat' dir='ltr'><strong>sibi</strong></span> <span class='ocrx_word' id='word_1_459' title='bbox 482 2361 738 2407; x_wconf 76' lang='lat' dir='ltr'><strong>magistratus</strong></span> <span class='ocrx_word' id='word_1_460' title='bbox 765 2363 885 2408; x_wconf 90' lang='lat' dir='ltr'><strong>creet,</strong></span> <span class='ocrx_word' id='word_1_461' title='bbox 914 2359 1122 2396; x_wconf 88' lang='lat' dir='ltr'><strong>dissolutus</strong></span> <span class='ocrx_word' id='word_1_462' title='bbox 1147 2358 1239 2397; x_wconf 78' lang='lat' dir='ltr'><strong>verb</strong></span> <span class='ocrx_word' id='word_1_463' title='bbox 1267 2358 1316 2395; x_wconf 46' lang='grc' dir='ltr'><strong>ὃν</strong></span> <span class='ocrx_word' id='word_1_464' title='bbox 1343 2370 1504 2407; x_wconf 83' lang='lat' dir='ltr'><strong>nequam</strong></span> <span class='ocrx_word' id='word_1_465' title='bbox 1532 2358 1607 2394; x_wconf 88' lang='lat' dir='ltr'><strong>ista</strong></span> <span class='ocrx_word' id='word_1_466' title='bbox 1635 2357 1786 2394; x_wconf 88' lang='lat' dir='ltr'><strong>licentia</strong></span> <span class='ocrx_word' id='word_1_467' title='bbox 1813 2353 1975 2393; x_wconf 89' lang='lat' dir='ltr'><strong>careat?</strong></span> <span class='ocrx_word' id='word_1_468' title='bbox 2017 2355 2212 2404; x_wconf 89' lang='lat' dir='ltr'><strong>Euodius,</strong></span> 
     </span>
     <span class='ocr_line' id='line_1_43' title="bbox 277 2408 2218 2463; baseline -0.004 -12"><span class='ocrx_word' id='word_1_469' title='bbox 277 2414 402 2463; x_wconf 78' lang='lat' dir='ltr'><strong>video,</strong></span> <span class='ocrx_word' id='word_1_470' title='bbox 426 2414 566 2463; x_wconf 89' lang='lat' dir='ltr'><strong>inquit,</strong></span> <span class='ocrx_word' id='word_1_471' title='bbox 590 2413 690 2450; x_wconf 73' lang='lat' dir='ltr'><strong>hanc</strong></span> <span class='ocrx_word' id='word_1_472' title='bbox 715 2416 908 2448; x_wconf 88' lang='lat' dir='ltr'><strong>aeternam</strong></span> <span class='ocrx_word' id='word_1_473' title='bbox 931 2423 1009 2449; x_wconf 91' lang='lat' dir='ltr'><strong>esse</strong></span> <span class='ocrx_word' id='word_1_474' title='bbox 1034 2417 1146 2460; x_wconf 86' lang='lat' dir='ltr'><strong>atque</strong></span> <span class='ocrx_word' id='word_1_475' title='bbox 1169 2411 1508 2448; x_wconf 83' lang='lat' dir='ltr'><strong>incommutabilem</strong></span> <span class='ocrx_word' id='word_1_476' title='bbox 1530 2411 1661 2457; x_wconf 88' lang='lat' dir='ltr'><strong>legem.</strong></span> <span class='ocrx_word' id='word_1_477' title='bbox 1697 2410 1793 2446; x_wconf 80' lang='lat' dir='ltr'><strong>Tum</strong></span> <span class='ocrx_word' id='word_1_478' title='bbox 1812 2409 2078 2458; x_wconf 82' lang='lat' dir='ltr'><strong>Augustinus,</strong></span> <span class='ocrx_word' id='word_1_479' title='bbox 2101 2408 2218 2444; x_wconf 88' lang='lat' dir='ltr'><strong>simul</strong></span> 
     </span>
     <span class='ocr_line' id='line_1_44' title="bbox 278 2462 2213 2515; baseline -0.004 -11"><span class='ocrx_word' id='word_1_480' title='bbox 278 2468 389 2505; x_wconf 90' lang='lat' dir='ltr'><strong>etiam</strong></span> <span class='ocrx_word' id='word_1_481' title='bbox 418 2471 452 2503; x_wconf 90' lang='lat' dir='ltr'><strong>te</strong></span> <span class='ocrx_word' id='word_1_482' title='bbox 479 2467 608 2505; x_wconf 84' lang='lat' dir='ltr'><strong>videre</strong></span> <span class='ocrx_word' id='word_1_483' title='bbox 635 2465 814 2502; x_wconf 91' lang='lat' dir='ltr'><strong>arbitror</strong></span> <span class='ocrx_word' id='word_1_484' title='bbox 840 2466 880 2501; x_wconf 86' lang='lat' dir='ltr'><strong>in</strong></span> <span class='ocrx_word' id='word_1_485' title='bbox 907 2466 983 2503; x_wconf 83' lang='lat' dir='ltr'><strong>ista</strong></span> <span class='ocrx_word' id='word_1_486' title='bbox 1011 2465 1218 2515; x_wconf 84' lang='lat' dir='ltr'><strong>temporali</strong></span> <span class='ocrx_word' id='word_1_487' title='bbox 1242 2465 1345 2501; x_wconf 75' lang='lat' dir='ltr'><strong>nillil</strong></span> <span class='ocrx_word' id='word_1_488' title='bbox 1369 2476 1447 2501; x_wconf 86' lang='lat' dir='ltr'><strong>esse</strong></span> <span class='ocrx_word' id='word_1_489' title='bbox 1473 2464 1613 2500; x_wconf 87' lang='lat' dir='ltr'><strong>iustum</strong></span> <span class='ocrx_word' id='word_1_490' title='bbox 1639 2467 1752 2510; x_wconf 83' lang='lat' dir='ltr'><strong>atque</strong></span> <span class='ocrx_word' id='word_1_491' title='bbox 1779 2462 2004 2510; x_wconf 87' lang='lat' dir='ltr'><strong>legitimum,</strong></span> <span class='ocrx_word' id='word_1_492' title='bbox 2025 2462 2130 2509; x_wconf 85' lang='lat' dir='ltr'><strong>quod</strong></span> <span class='ocrx_word' id='word_1_493' title='bbox 2139 2473 2213 2497; x_wconf 90' lang='lat' dir='ltr'><strong>non</strong></span> 
     </span>
     <span class='ocr_line' id='line_1_45' title="bbox 279 2513 2215 2567; baseline -0.004 -10"><span class='ocrx_word' id='word_1_494' title='bbox 279 2533 320 2557; x_wconf 64' lang='lat' dir='ltr'><strong>ea*</strong></span> <span class='ocrx_word' id='word_1_495' title='bbox 359 2520 432 2557; x_wconf 77' lang='lat' dir='ltr'><strong>lzac</strong></span> <span class='ocrx_word' id='word_1_496' title='bbox 468 2523 626 2556; x_wconf 88' lang='lat' dir='ltr'><strong>aeterna</strong></span> <span class='ocrx_word' id='word_1_497' title='bbox 654 2518 728 2555; x_wconf 88' lang='lat' dir='ltr'><strong>sibi</strong></span> <span class='ocrx_word' id='word_1_498' title='bbox 751 2517 921 2555; x_wconf 71' lang='lat' dir='ltr'><strong>homines</strong></span> <span class='ocrx_word' id='word_1_499' title='bbox 947 2518 1224 2555; x_wconf 84' lang='lat' dir='ltr'><strong>deriuauerint.</strong></span> <span class='ocrx_word' id='word_1_500' title='bbox 1253 2517 1363 2554; x_wconf 81' lang='lat' dir='ltr'><strong>Nam</strong></span> <span class='ocrx_word' id='word_1_501' title='bbox 1391 2518 1428 2554; x_wconf 89' lang='lat' dir='ltr'><strong>si</strong></span> <span class='ocrx_word' id='word_1_502' title='bbox 1443 2517 1615 2567; x_wconf 87' lang='lat' dir='ltr'><strong>populus</strong></span> <span class='ocrx_word' id='word_1_503' title='bbox 1646 2516 1708 2552; x_wconf 87' lang='lat' dir='ltr'><strong>ille</strong></span> <span class='ocrx_word' id='word_1_504' title='bbox 1736 2516 1899 2564; x_wconf 88' lang='lat' dir='ltr'><strong>quodam</strong></span> <span class='ocrx_word' id='word_1_505' title='bbox 1928 2519 2094 2564; x_wconf 85' lang='lat' dir='ltr'><strong>tempore</strong></span> <span class='ocrx_word' id='word_1_506' title='bbox 2119 2513 2215 2550; x_wconf 76' lang='lat' dir='ltr'><strong>iuste</strong></span> 
     </span>
     <span class='ocr_line' id='line_1_46' title="bbox 276 2567 2213 2622; baseline -0.004 -12"><span class='ocrx_word' id='word_1_507' title='bbox 276 2574 441 2610; x_wconf 76' lang='lat' dir='ltr'><strong>bonores</strong></span> <span class='ocrx_word' id='word_1_508' title='bbox 483 2573 600 2622; x_wconf 89' lang='lat' dir='ltr'><strong>dedit,</strong></span> <span class='ocrx_word' id='word_1_509' title='bbox 643 2571 807 2619; x_wconf 89' lang='lat' dir='ltr'><strong>quodam</strong></span> <span class='ocrx_word' id='word_1_510' title='bbox 851 2583 993 2608; x_wconf 88' lang='lat' dir='ltr'><strong>rursus</strong></span> <span class='ocrx_word' id='word_1_511' title='bbox 1034 2571 1129 2608; x_wconf 71' lang='lat' dir='ltr'><strong>iuste</strong></span> <span class='ocrx_word' id='word_1_512' title='bbox 1162 2583 1237 2608; x_wconf 90' lang='lat' dir='ltr'><strong>non</strong></span> <span class='ocrx_word' id='word_1_513' title='bbox 1266 2571 1388 2616; x_wconf 82' lang='lat' dir='ltr'><strong>dedit;</strong></span> <span class='ocrx_word' id='word_1_514' title='bbox 1415 2570 1508 2607; x_wconf 76' lang='lat' dir='ltr'><strong>baec</strong></span> <span class='ocrx_word' id='word_1_515' title='bbox 1532 2568 1749 2607; x_wconf 73' lang='lat' dir='ltr'><strong>vicissitudo</strong></span> <span class='ocrx_word' id='word_1_516' title='bbox 1777 2568 2019 2618; x_wconf 88' lang='lat' dir='ltr'><strong>temporalis,</strong></span> <span class='ocrx_word' id='word_1_517' title='bbox 2047 2571 2089 2605; x_wconf 80' lang='lat' dir='ltr'><strong>vt</strong></span> <span class='ocrx_word' id='word_1_518' title='bbox 2111 2567 2213 2603; x_wconf 87' lang='lat' dir='ltr'><strong>iusta</strong></span> 
     </span>
     <span class='ocr_line' id='line_1_47' title="bbox 279 2619 2213 2675; baseline -0.003 -13"><span class='ocrx_word' id='word_1_519' title='bbox 279 2631 390 2675; x_wconf 89' lang='lat' dir='ltr'><strong>esset,</strong></span> <span class='ocrx_word' id='word_1_520' title='bbox 432 2637 479 2662; x_wconf 77' lang='lat' dir='ltr'><strong>ex</strong></span> <span class='ocrx_word' id='word_1_521' title='bbox 515 2626 585 2662; x_wconf 87' lang='lat' dir='ltr'><strong>illa</strong></span> <span class='ocrx_word' id='word_1_522' title='bbox 617 2624 839 2661; x_wconf 83' lang='lat' dir='ltr'><strong>aeternitate</strong></span> <span class='ocrx_word' id='word_1_523' title='bbox 867 2628 994 2661; x_wconf 86' lang='lat' dir='ltr'><strong>tracta</strong></span> <span class='ocrx_word' id='word_1_524' title='bbox 1022 2628 1096 2661; x_wconf 87' lang='lat' dir='ltr'><strong>est:</strong></span> <span class='ocrx_word' id='word_1_525' title='bbox 1124 2637 1202 2672; x_wconf 87' lang='lat' dir='ltr'><strong>qua</strong></span> <span class='ocrx_word' id='word_1_526' title='bbox 1228 2630 1376 2673; x_wconf 90' lang='lat' dir='ltr'><strong>semper</strong></span> <span class='ocrx_word' id='word_1_527' title='bbox 1403 2623 1542 2659; x_wconf 85' lang='lat' dir='ltr'><strong>iustum</strong></span> <span class='ocrx_word' id='word_1_528' title='bbox 1571 2627 1627 2658; x_wconf 86' lang='lat' dir='ltr'><strong>est</strong></span> <span class='ocrx_word' id='word_1_529' title='bbox 1645 2633 1811 2669; x_wconf 89' lang='lat' dir='ltr'><strong>grauem</strong></span> <span class='ocrx_word' id='word_1_530' title='bbox 1831 2620 2023 2671; x_wconf 88' lang='lat' dir='ltr'><strong>populum</strong></span> <span class='ocrx_word' id='word_1_531' title='bbox 2050 2619 2213 2656; x_wconf 74' lang='lat' dir='ltr'><strong>honores</strong></span> 
     </span>
     <span class='ocr_line' id='line_1_48' title="bbox 279 2672 2213 2728; baseline -0.004 -12"><span class='ocrx_word' id='word_1_532' title='bbox 279 2680 395 2728; x_wconf 88' lang='lat' dir='ltr'><strong>dare,</strong></span> <span class='ocrx_word' id='word_1_533' title='bbox 436 2679 552 2715; x_wconf 89' lang='lat' dir='ltr'><strong>leuem</strong></span> <span class='ocrx_word' id='word_1_534' title='bbox 595 2690 670 2714; x_wconf 88' lang='lat' dir='ltr'><strong>non</strong></span> <span class='ocrx_word' id='word_1_535' title='bbox 713 2677 830 2726; x_wconf 86' lang='lat' dir='ltr'><strong>dare,</strong></span> <span class='ocrx_word' id='word_1_536' title='bbox 873 2689 924 2714; x_wconf 90' lang='lat' dir='ltr'><strong>an</strong></span> <span class='ocrx_word' id='word_1_537' title='bbox 966 2677 1035 2714; x_wconf 89' lang='lat' dir='ltr'><strong>tibi</strong></span> <span class='ocrx_word' id='word_1_538' title='bbox 1072 2677 1187 2713; x_wconf 86' lang='lat' dir='ltr'><strong>aliter</strong></span> <span class='ocrx_word' id='word_1_539' title='bbox 1227 2673 1406 2715; x_wconf 86' lang='lat' dir='ltr'><strong>videtur?</strong></span> <span class='ocrx_word' id='word_1_540' title='bbox 1442 2675 1656 2723; x_wconf 81' lang='lat' dir='ltr'><strong>Assentior,</strong></span> <span class='ocrx_word' id='word_1_541' title='bbox 1694 2675 1752 2710; x_wconf 88' lang='lat' dir='ltr'><strong>ait</strong></span> <span class='ocrx_word' id='word_1_542' title='bbox 1777 2674 1964 2710; x_wconf 88' lang='lat' dir='ltr'><strong>Euodius.</strong></span> <span class='ocrx_word' id='word_1_543' title='bbox 2004 2673 2052 2710; x_wconf 91' lang='lat' dir='ltr'><strong>Vt</strong></span> <span class='ocrx_word' id='word_1_544' title='bbox 2076 2672 2213 2720; x_wconf 78' lang='lat' dir='ltr'><strong>igitur,</strong></span> 
     </span>
     <span class='ocr_line' id='line_1_49' title="bbox 279 2726 2212 2779; baseline -0.005 -10"><span class='ocrx_word' id='word_1_545' title='bbox 279 2732 520 2779; x_wconf 85' lang='lat' dir='ltr'><strong>Augustinus</strong></span> <span class='ocrx_word' id='word_1_546' title='bbox 547 2731 688 2779; x_wconf 85' lang='lat' dir='ltr'><strong>inquit,</strong></span> <span class='ocrx_word' id='word_1_547' title='bbox 717 2730 884 2767; x_wconf 88' lang='lat' dir='ltr'><strong>breuiter</strong></span> <span class='ocrx_word' id='word_1_548' title='bbox 915 2735 1093 2768; x_wconf 83' lang='lat' dir='ltr'><strong>aeternae</strong></span> <span class='ocrx_word' id='word_1_549' title='bbox 1121 2731 1217 2777; x_wconf 88' lang='lat' dir='ltr'><strong>legis</strong></span> <span class='ocrx_word' id='word_1_550' title='bbox 1244 2730 1429 2766; x_wconf 85' lang='lat' dir='ltr'><strong>notionem</strong></span> <span class='ocrx_word' id='word_1_551' title='bbox 1457 2740 1554 2777; x_wconf 87' lang='lat' dir='ltr'><strong>quae</strong></span> <span class='ocrx_word' id='word_1_552' title='bbox 1582 2728 1771 2777; x_wconf 88' lang='lat' dir='ltr'><strong>impressa</strong></span> <span class='ocrx_word' id='word_1_553' title='bbox 1800 2726 1905 2763; x_wconf 91' lang='lat' dir='ltr'><strong>nobis</strong></span> <span class='ocrx_word' id='word_1_554' title='bbox 1927 2730 2001 2774; x_wconf 94' lang='lat' dir='ltr'><strong>est,</strong></span> <span class='ocrx_word' id='word_1_555' title='bbox 2029 2729 2212 2774; x_wconf 87' lang='lat' dir='ltr'><strong>quantum</strong></span> 
     </span>
    </p>
   </div>
   <div class='ocr_carea' id='block_1_3' title="bbox 283 2777 2219 2867">
    <p class='ocr_par' dir='ltr' id='par_1_4' title="bbox 283 2777 2219 2867">
     <span class='ocr_line' id='line_1_50' title="bbox 283 2777 2219 2866; baseline -0.005 -43"><span class='ocrx_word' id='word_1_556' title='bbox 283 2785 409 2834; x_wconf 86' lang='lat' dir='ltr'><strong>valeo,</strong></span> <span class='ocrx_word' id='word_1_557' title='bbox 452 2784 577 2823; x_wconf 84' lang='lat' dir='ltr'><strong>verbis</strong></span> <span class='ocrx_word' id='word_1_558' title='bbox 619 2783 798 2833; x_wconf 75' lang='lat' dir='ltr'><strong>explicem</strong></span> <span class='ocrx_word' id='word_1_559' title='bbox 808 2794 824 2829; x_wconf 84' lang='grc'><strong>,·</strong></span> <span class='ocrx_word' id='word_1_560' title='bbox 865 2795 910 2820; x_wconf 86' lang='lat' dir='ltr'><strong>ea</strong></span> <span class='ocrx_word' id='word_1_561' title='bbox 953 2788 1023 2833; x_wconf 91' lang='lat' dir='ltr'><strong>est,</strong></span> <span class='ocrx_word' id='word_1_562' title='bbox 1052 2795 1129 2832; x_wconf 87' lang='lat' dir='ltr'><strong>qua</strong></span> <span class='ocrx_word' id='word_1_563' title='bbox 1157 2783 1296 2820; x_wconf 85' lang='lat' dir='ltr'><strong>iustum</strong></span> <span class='ocrx_word' id='word_1_564' title='bbox 1326 2787 1383 2820; x_wconf 91' lang='lat' dir='ltr'><strong>est</strong></span> <span class='ocrx_word' id='word_1_565' title='bbox 1405 2786 1447 2820; x_wconf 84' lang='lat' dir='ltr'><strong>vt</strong></span> <span class='ocrx_word' id='word_1_566' title='bbox 1470 2781 1598 2818; x_wconf 87' lang='lat' dir='ltr'><strong>omnia</strong></span> <span class='ocrx_word' id='word_1_567' title='bbox 1626 2780 1703 2817; x_wconf 86' lang='lat' dir='ltr'><strong>sint</strong></span> <span class='ocrx_word' id='word_1_568' title='bbox 1729 2779 2028 2817; x_wconf 87' lang='lat' dir='ltr'><strong>ordinatissima.</strong></span> <span class='ocrx_word' id='word_1_569' title='bbox 2075 2777 2155 2866; x_wconf 68' lang='lat' dir='ltr'><strong>Tul,</strong></span> <span class='ocrx_word' id='word_1_570' title='bbox 2182 2777 2219 2813; x_wconf 91' lang='lat' dir='ltr'><strong>si</strong></span> 
     </span>
     <span class='ocr_line' id='line_1_51' title="bbox 2101 2830 2215 2867; baseline 0 -1"><span class='ocrx_word' id='word_1_571' title='bbox 2101 2842 2125 2866; x_wconf 88' lang='lat' dir='ltr'><strong>a</strong></span> <span class='ocrx_word' id='word_1_572' title='bbox 2142 2830 2215 2867; x_wconf 85' lang='lat' dir='ltr'><strong>iter</strong></span> 
     </span>
    </p>
   </div>
  </div>
 </body>
</html>
