2334 3020
271 136 344 174 266
884 141 1103 170 THESES
1145 138 1577 170 THEOLOGICAE.

323 265 384 298 40.
441 251 494 287 Vt
537 255 666 287 autem
708 247 875 286 sciamus
904 247 995 296 quid
1027 248 1296 295 Sacramenta,
1326 259 1379 284 sc.
1407 246 1627 297 Baptismus
1655 250 1688 286 &
1721 244 1961 286 Eucharistia
1993 260 2204 288 commune

270 306 439 342 habeant
481 314 572 340 cum
613 300 820 348 veteribus,
863 302 957 349 quid
999 300 1247 349 particulare,
1289 301 1535 338 obseruanda
1563 307 1621 338 est
1649 300 1849 350 praedicta
1879 301 2098 349 distinctio,
2127 303 2204 352 qua

272 364 444 394 veterum
474 356 723 393 Sacramenta
751 353 789 390 in
819 353 1073 403 significatiua
1089 353 1238 390 tantum
1250 383 1260 399 ,
1276 354 1311 390 δι
1328 352 1572 403 obsignatiua
1588 365 1678 391 cum
1695 353 1977 403 significatione
1994 355 2205 393 dimisimus.

272 410 370 446 Nam
401 407 531 458 priora
559 407 624 445 illa
653 406 800 444 scilicet
829 405 1016 444 sacrificia
1044 407 1131 443 cum
1157 407 1316 442 salutern
1334 418 1413 443 non
1432 406 1686 454 contulerint,
1715 407 1782 444 sed
1798 408 1947 444 tantum
1963 408 2203 446 Saluatorem

272 461 539 511 promiserint,
579 462 614 498 &
649 460 815 497 futuram
853 459 997 497 Christi
1025 458 1331 496 incarnationem
1360 459 1628 509 figurauerint,
1657 460 1765 497 nullo
1795 460 1916 497 modo
1945 472 2034 497 cum
2063 461 2204 499 nostris

272 514 488 552 conuenire
516 514 771 558 affirmamus,
800 513 869 550 sed
898 512 993 549 duas
1022 513 1205 550 aduersas
1237 511 1472 549 constituere
1501 512 1660 560 species.

322 580 386 614 41.
441 569 498 604 Ita
527 573 656 604 tamen
686 577 775 603 cum
804 565 943 603 nostris
975 564 1129 602 vinculo
1158 563 1316 602 rationis
1345 564 1548 614 vniuntur,
1571 572 1610 601 vt
1624 564 1704 602 istis
1720 564 1854 614 positis
1869 565 2097 603 necessitate
2113 578 2204 614 qua-

271 621 360 658 dam
391 627 522 657 nostra
550 625 775 668 sequantur,
805 626 994 667 quatenus
1022 617 1085 655 illa
1114 619 1266 655 fuerunt
1295 619 1476 667 vmbrae,
1505 625 1635 655 nostra
1661 625 1749 655 sunt
1764 630 1948 668 corpora:
1966 618 2030 656 illa
2044 619 2206 667 figurae,

270 680 402 710 nostra
443 673 624 722 figurata3
667 670 731 709 illa
769 678 974 708 venturum
1011 670 1207 709 Christum
1246 669 1491 719 indicabunt,
1520 678 1651 708 nostra
1677 669 1752 708 iam
1780 671 1818 708 in
1848 683 1963 709 carne
1992 671 2204 709 exhibitum

270 726 558 764 demonstrant:
598 726 632 762 &
664 731 702 761 vt
732 725 856 773 probe
886 723 1124 774 Augustinus
1152 730 1288 761 contra
1316 724 1519 770 Faustum,
1551 724 1612 760 lib.
1647 736 1704 772 19.
1735 730 1818 774 cap.
1853 737 1910 771 14.
1953 725 2022 762 Illa
2051 725 2206 761 fuerunt

271 777 547 828 promissiones
576 777 923 827 complendarum,
951 779 1048 814 haec
1077 783 1165 814 sunt
1192 775 1335 814 indicia
1363 777 1660 825 completarum.

323 845 386 878 42.
443 830 698 881 Obsignatiua
726 832 818 867 vero
848 830 900 867 ita
927 842 1017 868 cum
1046 830 1187 867 nostris
1218 828 1430 866 conuenire
1455 828 1678 878 asserimus,
1709 835 1748 866 vt
1771 828 1806 866 in
1832 829 2044 867 substantia
2068 830 2203 868 eadem

268 884 363 933 sint,
405 883 444 921 in
487 883 786 921 circumstantiis
827 882 990 921 diuersa.
1036 884 1136 920 Nam
1180 882 1312 931 quoad
1348 881 1624 931 substantiam,
1662 881 1798 920 eadem
1834 882 1906 921 illis
1948 884 2080 921 oblata
2121 890 2204 921 erat

269 937 412 987 gratia,
456 938 625 975 eundem
671 935 802 974 cibum
845 936 1083 986 spiritualem
1121 935 1398 984 comederunt,
1434 935 1602 972 eundem
1638 935 1855 973 habuerunt
1883 935 2067 984 Spiritum
2095 935 2206 983 fidei,

270 990 433 1028 eandem
464 988 581 1028 vitam
610 990 840 1038 sperabant,
873 990 908 1027 δι
936 990 987 1027 ad
1015 989 1182 1026 eundem
1212 989 1363 1025 Patrem
1392 987 1625 1036 aspirabant.
1662 989 1704 1025 In
1736 987 1873 1037 signis,
1904 988 2028 1037 inquit
2056 990 2205 1038 Augus-

274 1043 397 1092 tinus,
426 1043 577 1081 diuersa
603 1043 777 1089 fuerunt,
805 1041 845 1079 in
872 1043 987 1080 rebus
1015 1053 1116 1090 quae
1145 1040 1461 1090 significabantur
1490 1040 1608 1089 paria.
1635 1046 1747 1079 tract.
1779 1042 1838 1078 26.
1867 1042 1906 1078 in
1933 1042 2047 1079 leem.

324 1109 384 1145 43.
441 1095 584 1144 Quoad
612 1096 910 1133 cz'rculzstantz'czs
939 1094 1120 1133 differunt
1149 1100 1296 1143 septem
1327 1093 1466 1132 modis.
1500 1107 1531 1131 1.
1557 1094 1677 1132 modo
1693 1093 2010 1132 communicandi
2023 1093 2206 1144 gratiam,

275 1148 423 1186 scilicet
451 1150 574 1199 signo.
608 1162 640 1185 2.
670 1160 847 1186 numero.
876 1162 911 1198 3.
939 1148 1127 1186 claritate.
1156 1160 1192 1194 4.
1221 1145 1460 1184 executionis
1490 1146 1682 1184 facilitate.
1709 1157 1745 1196 5.
1773 1147 2012 1185 extensione.
2042 1148 2078 1184 6.
2094 1147 2204 1184 dura—

276 1201 395 1240 tione.
439 1213 472 1250 7.
502 1200 716 1250 quantitate
746 1201 891 1247 effecti,
931 1209 1119 1250 quatenus
1157 1208 1290 1238 nostra
1313 1199 1500 1237 maiorem
1528 1199 1674 1249 gratiae
1703 1199 1957 1249 quantitatem
1988 1201 2206 1238 conferunt.

277 1256 382 1292 Male
419 1261 547 1292 autem
576 1253 817 1304 distinguunt
844 1252 1056 1302 Pontificij,
1086 1254 1179 1291 dum
1209 1253 1343 1290 dicunt
1371 1252 1435 1289 illa
1463 1252 1673 1291 contulisse
1701 1252 1863 1302 gratiam
1894 1266 1941 1291 ex
1968 1265 2087 1302 opera
2115 1265 2205 1301 ope-

274 1308 414 1356 rantis,
457 1308 552 1346 haec
590 1321 635 1345 ex
670 1319 788 1356 opere
825 1313 1008 1356 operato:
1044 1307 1107 1345 illa
1135 1305 1411 1356 promissiones
1441 1306 1675 1355 temporales
1704 1305 1884 1344 habuisse
1912 1307 2083 1355 tantum,
2111 1306 2207 1343 haec

273 1360 505 1410 spirituales:
542 1360 605 1398 illa
642 1360 865 1398 seruitutem
893 1373 1117 1410 generasse,
1147 1360 1244 1396 haec
1273 1358 1511 1401 libertaterm
1541 1358 1605 1396 illa
1632 1366 1801 1397 veterem
1830 1358 2029 1396 hominem
2058 1359 2207 1396 tantum

272 1421 487 1463 spectasse,
516 1414 613 1451 haec
641 1425 849 1451 renouare:
879 1412 942 1450 illa
971 1412 1214 1451 sanctitatem
1242 1413 1405 1461 legalem
1436 1424 1636 1460 operasse,
1667 1413 1762 1450 haec
1791 1411 2044 1461 spiritualem.

326 1480 389 1513 44.
446 1466 589 1514 Qouad
633 1472 806 1503 veterum
846 1466 1052 1513 sacrificia,
1082 1466 1314 1503 confitemur
1342 1465 1405 1502 illa
1434 1463 1574 1502 nostris
1603 1464 1852 1503 sacramentis
1881 1466 1998 1515 longe
2027 1464 2209 1504 inferiora

271 1532 376 1569 esse,
404 1518 483 1557 imo
513 1532 561 1557 ne
590 1531 736 1557 nomen
767 1518 924 1568 quidem
955 1519 1094 1557 nostris
1123 1524 1370 1567 competere,
1399 1518 1487 1554 cum
1517 1517 1555 1554 in
1584 1517 1780 1556 sacrificiis
1809 1525 1940 1555 nostra
1964 1519 2050 1555 Deo
2080 1519 2205 1557 offeri-

272 1584 379 1621 mus,
420 1571 459 1609 in
500 1571 750 1609 sacramentis
786 1573 892 1610 Deus
928 1573 1042 1610 nobis
1071 1572 1242 1620 confert,
1275 1570 1347 1608 msi
1376 1583 1446 1619 pro
1477 1570 1630 1608 diuersa
1658 1570 1824 1620 partium
1855 1571 2201 1609 Sacramentalium

272 1624 585 1664 consideratione
622 1624 752 1662 dicere
780 1624 943 1663 velimus
971 1627 1101 1663 Deum
1127 1624 1163 1661 in
1194 1636 1359 1673 persona
1387 1622 1549 1661 ministri
1582 1626 1741 1667 ἱλαςικά
1768 1623 1882 1661 nobis
1911 1623 2102 1672 tribuere,
2132 1637 2204 1662 nos

269 1679 408 1716 contra
435 1691 507 1727 pro
536 1677 735 1716 beneficiis
762 1679 849 1715 Deo
881 1678 1116 1728 εὐχαριςικά
1146 1678 1298 1714 referre.

325 1742 386 1780 45.
445 1731 545 1769 Cum
587 1730 663 1768 iam
702 1729 909 1768 viderimus
944 1730 1253 1768 conuenientiam
1290 1729 1389 1766 inter
1426 1728 1577 1766 Veteris
1613 1728 1914 1767 Testamenti&
1942 1729 2046 1767 Noui
2075 1731 2205 1768 Sacra-

271 1791 417 1831 menta,
462 1790 579 1821 restat
621 1790 661 1821 vt
703 1782 1002 1833 discrepantiam
1044 1782 1144 1820 inter
1186 1789 1317 1820 nostra
1354 1782 1389 1819 &
1427 1781 1719 1820 Pontificiorum
1758 1782 2006 1820 Sacramenta
2035 1783 2205 1821 breuiter

278 1836 531 1875 delineemus.

323 1891 386 1936 46.
442 1888 658 1927 Asserimus
700 1889 815 1939 igitur
850 1900 1012 1927 numero
1050 1889 1128 1926 duo
1164 1888 1313 1925 tantum
1343 1900 1424 1926 esse
1455 1887 1570 1925 totius
1597 1888 1796 1926 Ecclesiae
1824 1889 1894 1926 sub
1926 1889 2041 1925 Nouo
2070 1890 2204 1926 Testa-

270 1949 400 1980 mento
429 1943 700 1992 Sacramenta,
729 1953 829 1991 quae
859 1948 898 1979 vt
927 1955 1017 1980 vera
1045 1943 1080 1979 &
1108 1940 1277 1990 legitima
1307 1941 1383 1978 sint
1411 1940 1609 1989 requirunt
1638 1940 1779 1978 Christi
1810 1940 2110 1988 institutionem,
2127 1948 2207 1979 tan-

271 2007 388 2043 quam
419 1997 591 2045 regulam
620 1995 883 2033 formatricem
915 1994 985 2032 toti
1013 1994 1213 2032 Ecclesiae
1244 1993 1522 2044 praescriptam
1551 1993 1589 2031 in
1619 1993 1977 2031 communicatione
2005 1993 2149 2044 gratiae
2170 1996 2204 2032 &

270 2048 469 2098 Euangelij
499 2047 616 2086 totius
646 2047 884 2097 obligatione
914 2049 948 2085 &
974 2046 1235 2096 applicatione
1264 2046 1420 2096 publica
1448 2046 1485 2083 in
1512 2046 1661 2096 singula
1679 2048 1853 2085 membra
1868 2046 1996 2096 ipsius.
2027 2048 2077 2084 Et
2092 2059 2204 2096 prop-

272 2108 376 2138 terea
406 2103 495 2139 cum
524 2100 562 2138 in
590 2100 732 2139 nostris
759 2102 908 2139 tantum
937 2100 1221 2149 Sacramentis,
1250 2099 1395 2138 scilicet
1423 2099 1621 2148 Baptismo
1650 2099 1685 2136 &
1714 2099 1972 2150 Eucharistia,
2001 2100 2097 2138 haec
2120 2101 2202 2148 re(f.

278 2154 609 2203 1732)periantur,
651 2166 731 2192 non
768 2153 960 2191 immerito
1001 2152 1194 2190 reiicimus
1233 2153 1491 2202 septenarium
1520 2163 1723 2189 numerum
1753 2151 2065 2201 Pontificiorum,
2094 2154 2203 2190 cuius

272 2206 439 2255 primum
482 2206 696 2245 substantia
732 2207 915 2245 conuenit
958 2219 1046 2243 cum
1086 2206 1242 2255 nostris,
1271 2205 1437 2254 idquue
1466 2217 1544 2242 non
1575 2205 1774 2255 iteramus,
1804 2206 2018 2243 secundum
2045 2205 2203 2243 nomine

272 2260 441 2308 tantum,
471 2259 637 2309 ideoque
665 2258 947 2309 improbamus:
977 2259 1095 2297 ambo
1124 2270 1288 2296 numero
1319 2258 1583 2303 consentiunt,
1612 2257 1651 2296 in
1681 2263 1804 2307 eoque
1832 2271 1911 2296 non
1936 2258 2200 2296 dissentimus:

272 2312 341 2350 sed
383 2311 530 2362 relidua
569 2312 759 2362 quinque,
788 2319 923 2362 vtpote
953 2325 1000 2350 ex
1029 2314 1201 2350 humano
1231 2313 1391 2349 cerebro
1421 2311 1625 2361 decerpta,
1656 2311 1853 2349 Ecclesiae
1881 2310 2017 2349 iniuria
2045 2311 2202 2349 obtrudi

274 2377 344 2414 pro
375 2365 632 2403 Sacramentis
660 2366 908 2404 affirmamus.

327 2429 389 2465 47.
446 2419 546 2456 Nam
577 2418 701 2467 primo
730 2418 824 2456 nulli
853 2431 988 2456 eorum
1017 2417 1204 2467 competit
1232 2424 1313 2455 tota
1344 2416 1515 2455 definitio
1545 2416 1796 2456 Sacramenti.
1832 2416 1932 2455 Dein
1963 2416 2202 2466 poenitentia

273 2483 351 2508 11011
396 2471 513 2509 habet
556 2471 709 2521 signum
744 2471 904 2509 visibile.
945 2471 983 2509 Si
1012 2470 1114 2509 enim
1145 2472 1249 2509 solus
1278 2469 1428 2508 auditus
1459 2477 1589 2519 posset
1616 2470 1792 2508 sufficere
1820 2470 1871 2508 ad
1897 2469 2084 2507 maiorem
2112 2469 2201 2507 fidei

271 2523 629 2570 confirmationem,
659 2523 794 2572 quidni
819 2524 932 2562 etiam
962 2524 1102 2562 concio
1133 2525 1425 2561 Sacramentum
1455 2521 1547 2560 erit?
1575 2522 1654 2561 imo
1671 2522 1972 2572 debe1etpotius
1988 2535 2094 2571 esse,
2111 2523 2198 2559 cum

268 2576 406 2614 clarius
446 2576 493 2614 sit
523 2577 631 2625 quod
660 2577 836 2626 pluribus
866 2577 992 2616 verbis
1022 2577 1252 2626 explicatur,
1288 2578 1403 2625 quam
1434 2577 1521 2613 cum
1551 2576 1707 2623 dicitur,
1737 2576 1826 2623 Ego
1856 2582 1889 2614 te
1918 2577 2095 2620 absoluo,
2125 2577 2195 2613 ἃς.

322 2631 384 2675 48.
442 2630 621 2678 Denique
648 2628 684 2666 in
716 2630 1025 2668 Confirmatione
1054 2630 1296 2667 desideratur
1328 2630 1491 2666 verbum
1522 2629 1712 2676 mandati,
1735 2629 1770 2666 &
1792 2627 2057 2678 promissionis
2074 2629 2201 2665 Euan-

268 2681 425 2730 gelicae.
466 2684 508 2719 In
539 2689 711 2720 extrema
742 2683 925 2721 vnctione
955 2682 1162 2732 promissio
1193 2681 1338 2731 (nobis)
1368 2682 1482 2719 facta.
1512 2683 1554 2718 ln
1584 2681 1796 2719 Ordinibus
1825 2680 2106 2719 Ecclesiasticis
2128 2680 2200 2729 sig·

268 2745 359 2771 1111111
388 2737 410 2771 ii
442 2735 599 2772 Christo
630 2735 846 2773 institutum
878 2739 911 2774 ἃ
945 2735 1153 2785 promissio
1183 2734 1433 2784 Euangelica.
1463 2737 1505 2772 In
1536 2734 1786 2772 matrimonio
1815 2735 1975 2772 verbum
2005 2740 2085 2771 tum
2113 2746 2198 2782 pro-

271 2786 483 2837 missionis,
524 2795 603 2825 tum
639 2787 905 2826 institutionis.
951 2790 1038 2826 Non
1076 2789 1176 2825 enim
1205 2787 1363 2836 quacuis
1391 2789 1577 2836 parabola
1605 2789 1638 2825 &
1667 2787 1878 2824 similitudo
1906 2788 2196 2824 Sacramentum

2050 2837 2198 2875 dicetur
