2334 3020
791 101 861 129 DE
902 102 1045 129 VERA
1089 100 1443 130 THEOLOGIA.
2037 84 2101 138 71'

149 215 283 263 hatur,
311 213 389 261 quo
418 223 490 248 nec
518 209 699 248 facultate
730 216 910 259 naturae,
939 222 1011 247 nec
1038 216 1118 247 arte
1146 210 1335 259 humana,
1361 222 1433 247 nec
1458 211 1511 246 rei
1536 213 1687 245 creatae
1701 206 1812 245 vllius
1827 206 2059 246 adiumentis
2075 238 2085 257 ,

146 273 275 318 potest
303 275 517 314 assurgere:
547 263 756 312 Propterea
784 275 941 301 necesse
968 262 1059 313 fuit,
1088 268 1153 300 aut
1181 261 1380 300 hominem
1409 261 1535 311 ipsum
1559 259 1790 310 investigare
1813 259 1941 298 modis
1955 260 2078 299 omni-

151 322 244 369 bus,
287 317 446 357 sicunde
488 315 588 354 viam
632 315 901 364 rationemque
940 315 1035 354 boni
1072 315 1178 353 istius
1213 314 1389 354 obtinere
1430 320 1580 364 posset,
1608 320 1673 351 aut
1701 313 1783 351 eius
1812 312 1879 362 qui
1907 315 2086 351 conferre

151 378 280 423 potest
306 368 499 409 beneficio
528 369 578 406 ad
606 367 873 418 cognitionem
902 368 1332 419 apprehensionemque
1361 367 1444 405 viae
1472 367 1572 405 illius
1601 366 1782 416 perduci,
1811 377 1888 415 qua
1909 378 2086 415 asseque-

150 432 256 464 retur
283 425 445 463 bonum.
474 423 528 459 Vt
556 427 685 460 autem
714 423 833 460 homo
860 421 986 471 ipsum
1013 428 1216 460 auctorem
1244 421 1301 459 sui
1330 420 1429 459 illius
1457 420 1573 471 boni,
1602 419 1784 468 viamque
1812 419 1863 456 ad
1891 418 2020 469 illum,
2049 421 2085 458 &

150 478 246 517 boni
287 474 527 526 percipiendi
564 475 725 513 modum
766 474 912 513 viribus
952 481 1112 514 naturae
1148 487 1259 524 suae,
1293 481 1358 513 aut
1386 480 1466 512 arte
1494 475 1570 511 vlla
1598 471 1822 511 subsidiove
1849 471 1904 510 rei
1933 479 2086 511 creatae

150 537 426 582 cognosceret3
456 539 655 577 nunquam
683 529 862 578 profecto
891 528 972 566 fieri
1002 527 1208 577 potuisset:
1239 540 1330 565 nam
1358 527 1562 576 quomodo
1593 525 1744 575 perdita
1771 524 1810 562 in
1839 537 1880 563 56
1908 532 2087 563 creatura

152 585 187 622 &
215 584 265 621 ab
292 588 453 620 auctore
481 580 576 619 boni
604 580 662 619 sui
691 581 791 619 iusto
821 581 966 619 iudicio
994 581 1233 631 abiudicata,
1261 580 1311 618 ad
1339 591 1427 618 eum
1456 579 1588 618 fuisset
1608 576 2086 628 peruentura?quomodo

157 649 275 675 caeca
302 635 430 673 visura
458 632 717 672 inuisibilem?
746 635 949 683 quomodo
975 641 1130 673 mortua
1158 635 1447 683 apprehensura
1474 634 1510 671 &
1538 632 1758 670 institutura
1785 630 1909 682 viam,
1938 642 2015 680 qua
2036 631 2087 669 ad

157 690 307 727 bonum
337 688 463 737 (quod
492 686 650 736 quidem
679 689 769 725 vere
798 687 845 725 sit
876 688 1041 737 bonum)
1070 693 1186 736 queat
1213 684 1475 725 contendere?

218 743 331 780 Thes.
362 754 423 778 20.
472 741 722 790 Quapropter
755 742 1004 790 superuenire
1037 742 1185 778 homini
1218 741 1388 789 oportuit
1416 741 1523 777 illam
1541 738 1804 787 *Theologiam
1836 738 2085 786 inspiratam,

157 808 273 844 qnam
302 795 350 832 ab
380 799 468 830 ortu
496 795 576 830 eius
603 795 938 843 supernaturalem
966 795 1221 843 appellamus,
1251 793 1285 829 &
1320 793 1359 829 T
1354 793 1567 840 lzeologiam
1594 791 1840 828 reuelationis
1867 791 1892 826 ὰ
1910 791 2089 838 gratioso

157 848 503 886 commmzicationis
531 848 651 883 medo.
693 846 878 895 Alioquin
907 858 1108 895 nunquam
1136 845 1270 883 fuisset
1297 846 1487 894 futurum,
1517 852 1557 882 vt
1582 856 1690 882 mens
1713 842 1881 882 hominis
1905 855 1952 880 ex
1973 853 2088 880 sensu

158 899 250 938 mali
288 899 347 938 sui
387 911 611 950 emergens,
649 899 698 937 ad
731 912 841 949 spem
872 906 1017 937 certam
1045 897 1473 949 apprehensionemque
1502 897 1598 935 boni
1625 896 1836 934 deueniret.
1873 897 2087 933 Auctorem

155 953 285 1003 itaque
311 952 408 991 boni
435 953 485 990 ad
514 951 695 990 miserum
723 952 998 1002 abiectumque
1028 951 1228 989 hominem
1257 950 1430 999 oportuit
1456 950 1668 999 accedere,
1697 950 1787 987 cum
1809 949 1915 986 nulla
1937 948 2087 986 ratione

156 1007 278 1044 homo
306 1005 476 1056 potuerit
502 1005 552 1043 ad
581 1004 688 1043 illum
717 1005 992 1044 conscendere.
1035 1003 1201 1042 Accedit
1227 1010 1358 1041 autem
1384 1004 1511 1053 Deus,
1538 1008 1675 1040 auctor
1697 1001 1824 1040 omnis
1844 1001 1957 1049 boni,
1980 1000 2084 1039 varie

158 1061 210 1098 ad
237 1059 414 1098 homines
442 1070 514 1108 pro
537 1057 645 1096 vario
674 1058 911 1108 operationis
941 1058 1082 1096 modo:
1112 1057 1180 1095 sed
1208 1056 1239 1094 si
1267 1057 1344 1094 vlla
1372 1055 1486 1094 nobis
1515 1055 1690 1093 salutaris
1719 1062 1795 1097 est.
1822 1055 1916 1092 dum
1944 1054 1983 1092 in
2010 1055 2085 1092 hac

157 1112 236 1151 vita
263 1111 462 1162 degimus,
490 1111 639 1149 donum
667 1114 770 1149 certe
797 1110 1045 1161 cogitationis
1073 1117 1147 1161 est,
1176 1120 1254 1159 qua
1281 1110 1432 1156 Deum,
1461 1115 1577 1158 prout
1604 1119 1735 1145 sumus
1755 1107 1904 1157 abipso
1919 1107 2082 1157 cogniti,

159 1165 342 1204 discimus
369 1176 620 1215 cognoscere.
649 1165 743 1202 Hoc
770 1164 865 1202 illud
892 1165 1042 1202 bonum
1065 1170 1144 1212 est,
1169 1162 1276 1211 quod
1297 1163 1544 1209 Theologiam
1571 1162 1801 1210 inspiratam
1829 1161 2086 1209 appellamus:

156 1231 247 1256 narn
284 1217 539 1268 inspiratione
575 1229 648 1255 nos
682 1216 908 1268 cognoscit,
944 1218 1006 1255 vel
1036 1216 1166 1265 potius
1194 1214 1374 1265 cognitos
1402 1213 1476 1252 sibi
1504 1227 1586 1252 esse
1612 1219 1773 1251 testatur
1800 1214 1930 1264 Deus,
1958 1214 2088 1251 Theo-

156 1272 260 1322 logia
293 1274 406 1318 vero,
436 1281 554 1320 quam
581 1269 742 1319 inspirat
768 1270 903 1320 nobis,
933 1268 1208 1319 cognoscimus
1239 1269 1388 1317 Deum,
1418 1274 1536 1316 prout
1565 1268 1615 1304 ab
1643 1266 1730 1316 ipso
1759 1265 1900 1303 fuimus
1930 1265 2086 1316 cogniti.

158 1326 275 1362 Hanc
301 1326 393 1362 vero
421 1324 626 1362 salutarem
655 1322 729 1361 Dei
755 1321 1047 1372 inspirationem
1075 1320 1421 1371 cognitionemque
1435 1319 1763 1359 communicatam
1777 1318 1969 1357 beneficio
1985 1318 2088 1367 eius,

158 1381 206 1416 eo
246 1378 493 1427 superuenire
525 1375 708 1426 dicimus,
743 1375 833 1425 quia
869 1388 942 1414 nec
970 1376 1009 1413 in
1037 1375 1172 1424 nobis,
1201 1387 1275 1412 nec
1302 1386 1422 1424 penes
1451 1386 1540 1424 nos,
1571 1385 1644 1411 nec
1670 1385 1789 1422 penes
1818 1384 1863 1410 ea
1891 1383 1990 1421 quae
2017 1371 2087 1409 cir-

158 1436 353 1468 cumstant
393 1442 482 1479 nos,
520 1441 592 1466 nec
632 1428 672 1466 in
713 1435 795 1467 tota
835 1440 967 1467 rerum
1005 1427 1256 1467 vniuersitate
1293 1426 1528 1477 principium
1556 1428 1697 1476 vllum,
1725 1432 1792 1463 aut
1818 1437 1951 1463 semen
1981 1424 2088 1462 istius

155 1483 250 1521 boni
292 1489 440 1522 exstare
479 1487 607 1531 potest
646 1481 696 1520 ad
735 1483 898 1520 salutem
933 1481 1140 1520 hominum
1169 1482 1324 1532 efficax3
1352 1481 1421 1519 sed
1447 1481 1578 1517 Deum
1609 1479 1718 1517 illum
1746 1485 1945 1517 auctorem
1973 1477 2089 1527 boni,

157 1535 223 1586 qui
264 1535 303 1573 in
344 1534 527 1574 omnibus
569 1540 647 1585 est,
688 1536 724 1573 &
765 1547 834 1584 per
876 1535 1029 1586 omnia,
1064 1536 1100 1573 &
1136 1545 1251 1584 supra
1280 1533 1412 1572 omnia
1441 1533 1721 1583 superfundere
1749 1533 1956 1571 salutarem
1983 1531 2089 1569 illam

155 1587 317 1639 gratiam
357 1600 516 1627 necesse
556 1593 633 1639 est,
676 1593 841 1638 eamque
883 1588 974 1627 inde
1013 1587 1264 1638 superuenire
1298 1587 1434 1637 nobis3
1464 1595 1504 1624 vt
1532 1585 1728 1637 possimus
1755 1585 1915 1623 credere
1945 1583 2091 1622 dicenti

156 1641 358 1693 coelestia,
387 1641 454 1691 qui
481 1653 530 1679 ne
559 1647 711 1679 terrena
739 1642 898 1691 quidem
925 1641 1072 1680 dicenti
1099 1641 1368 1679 credebamus.
1398 1640 1560 1690 Ortum,
1579 1639 1956 1689 naturam,modum
1971 1636 2089 1676 totius

154 1695 267 1733 huius
295 1694 465 1744 mysterij
495 1696 660 1744 superne
689 1694 790 1733 effici
818 1694 1008 1745 oportuit:
1051 1694 1159 1733 Hinc
1186 1694 1281 1732 illud
1309 1700 1444 1732 natum
1473 1700 1548 1740 est,
1578 1693 1687 1742 quod
1709 1693 1810 1729 hanc
1829 1691 2090 1741 Theologiam

156 1747 402 1799 inspiratam,
439 1748 488 1785 ab
521 1753 610 1785 ortu
642 1750 978 1798 supernaturalem
985 1760 1001 1795 ;
1040 1750 1065 1784 a
1101 1749 1280 1797 gratioso
1308 1748 1436 1798 modo,
1465 1747 1710 1784 reuelationz's
1742 1746 1782 1782 T
1778 1746 1989 1793 lzeologz'am
2019 1756 2089 1792 ap-

149 1803 398 1851 pellauimus:
441 1800 761 1850 quandoquidem
797 1809 908 1852 ortu,
944 1803 980 1839 &
1008 1802 1104 1851 na(f.
1138 1802 1356 1850 1397.)tura
1392 1811 1480 1850 sua,
1508 1801 1544 1838 &
1573 1797 1940 1838 communicationis
1966 1796 2089 1834 modo

157 1854 398 1893 demonstrat
431 1853 720 1905 potentissime,
747 1853 843 1893 nihil
870 1854 908 1893 in
937 1855 1012 1893 hac
1041 1867 1082 1893 re
1109 1857 1132 1892 a
1161 1855 1248 1892 Deo
1277 1866 1358 1891 non
1385 1852 1611 1903 peruenire,
1639 1854 1675 1890 &
1703 1851 1844 1890 virtute
1858 1849 1992 1888 diuina
2006 1862 2090 1899 per-

159 1907 234 1946 fici.
273 1907 320 1946 Id
357 1914 487 1946 tamen
516 1907 807 1946 obseruandum
836 1915 911 1959 est,
950 1919 1070 1958 quum
1097 1908 1195 1945 haec
1223 1906 1443 1957 Theologia
1472 1904 1719 1944 reuelationis
1748 1904 1980 1954 appellatur,
2011 1902 2090 1940 dici

159 1961 238 1997 κατ’
267 1962 425 2009 ἐξοχὴνἸ
454 1961 490 1998 81
518 1961 739 2011 angustiore
767 1961 1007 2012 significatu,
1037 1963 1154 2011 quam
1182 1960 1309 2010 capite
1339 1966 1481 1998 octauo
1503 1960 1662 1997 &nono
1678 1957 1749 1996 fuit
1763 1956 1976 2007 proposita.
2005 1955 2090 1993 Illic

159 2014 263 2051 enim
304 2013 565 2064 Theologiam
606 2013 854 2053 reuelationis
894 2014 1122 2053 dicebamus
1156 2027 1262 2064 eam,
1299 2024 1418 2062 quam
1452 2014 1559 2051 Deus
1587 2011 1649 2049 hic
1677 2023 1767 2049 cum
1794 2009 1954 2048 homine
1983 2021 2090 2046 com-

156 2066 346 2116 municat,
376 2066 456 2106 siue
482 2067 669 2117 naturali,
698 2067 780 2107 siue
809 2067 1092 2118 supernaturali
1118 2066 1261 2118 gratia:
1291 2065 1372 2104 Hic
1387 2069 1479 2104 vero
1496 2065 1774 2103 reuelationem
1790 2061 2091 2113 supernaturalis

155 2119 301 2169 gratiae
328 2131 419 2158 cum
446 2127 582 2159 natura
609 2124 645 2159 &
673 2121 787 2160 bonis
815 2128 976 2160 naturae
1003 2127 1297 2171 comparantes,
1326 2120 1362 2157 &
1391 2126 1600 2158 statuentes
1630 2128 1763 2156 earum
1789 2117 1890 2155 inter
1913 2129 1954 2154 se
1969 2127 2091 2165 oppo-

156 2171 337 2212 sitionem
364 2174 414 2212 de
441 2174 722 2224 supernaturali
750 2175 875 2213 solum
904 2174 1162 2226 reuelatione,
1189 2175 1225 2212 &
1253 2172 1426 2224 gratioso
1454 2173 1575 2210 modo
1605 2168 1972 2210 communicationis
1987 2168 2090 2206 insti-

158 2225 301 2265 tuimus
328 2225 471 2266 dicere.

216 2281 330 2320 lees.
361 2293 420 2320 21.
450 2281 529 2319 Est
550 2286 674 2319 autem
706 2282 919 2331 Theologia
933 2283 1265 2331 supernaturalis,
1281 2281 1472 2329 sapientia
1485 2291 1617 2317 rerum
1633 2279 1878 2327 diuinarum,
1892 2287 2090 2325 quaepro-

158 2334 254 2370 cedit
277 2346 325 2371 ex
342 2335 551 2383 princzpz‘is
578 2336 779 2372 secundum
808 2348 848 2373 se
874 2337 994 2385 notis,
1018 2336 1232 2385 superioris
1252 2335 1427 2372 scientiae
1449 2334 1609 2382 lumine,
1633 2344 1755 2381 supra
1769 2331 1960 2368 humanae
1974 2329 2091 2366 ratio-

158 2387 217 2423 nis
244 2386 510 2425 modum.'His
536 2387 665 2426 verbis
695 2394 899 2437 sequentes
928 2388 1089 2438 vestigia
1113 2385 1370 2436 definitionis,
1394 2397 1512 2435 quam
1528 2386 1577 2423 de
1591 2383 1756 2423 naturali
1770 2381 1988 2432 Theologia
2002 2382 2092 2418 ante

158 2439 407 2490 tradidimus,
435 2440 569 2490 paucis
596 2441 856 2492 Theologiam
885 2442 1218 2491 supernaturalem
1245 2439 1462 2478 definimus.
1489 2440 1550 2476 Ac
1573 2449 1695 2488 genus
1719 2435 1878 2486 quidem
1905 2436 1940 2472 &
1957 2432 2091 2472 diffen-

156 2491 320 2530 rentiam
346 2492 459 2530 huius
483 2494 724 2544 Theologiae
753 2507 800 2533 ex
828 2494 1152 2533 antecedentibus
1181 2505 1317 2532 omnes
1346 2491 1459 2530 facile
1488 2491 1718 2542 intelligunt.
1746 2491 1816 2528 Est
1831 2488 1935 2526 enim
1950 2497 2092 2537 genus,

155 2544 368 2595 Sapientia:
397 2559 478 2584 non
506 2546 570 2584 illa
598 2547 758 2596 quidem
784 2549 1018 2598 archetypa,
1048 2548 1098 2586 de
1125 2558 1202 2597 qua
1229 2544 1421 2596 principio
1445 2544 1692 2593 dicebamus,
1716 2545 1821 2592 (nam
1837 2542 1934 2579 haec
1948 2538 2088 2590 princi-

154 2597 262 2647 pium
290 2598 507 2638 vniuersale
532 2606 606 2647 est,
624 2599 791 2650 ideoque
806 2602 914 2639 nullo
929 2614 1072 2652 genere
1089 2599 1272 2639 concludi
1285 2601 1431 2648 potest)
1445 2599 1516 2637 sed
1529 2597 1718 2648 sapientia
1731 2594 1946 2644 aequiuoce
1963 2592 2087 2637 dicta,

155 2663 203 2710 ex
230 2651 438 2690 vniuersali
466 2652 533 2691 illo
560 2652 755 2704 principio
785 2655 959 2692 defluens
980 2667 1048 2704 per
1069 2653 1267 2692 Christum
1290 2654 1440 2702 Iesum,
1455 2651 1493 2689 in
1510 2663 1589 2701 quo
1605 2662 1742 2689 omnes
1756 2646 1925 2686 thesauri
1940 2644 2090 2696 sapien-

155 2710 230 2742 tlae
253 2706 288 2743 &
311 2704 587 2755 intelligentiae
614 2713 702 2745 sunt
728 2707 963 2746 absconditi.
992 2706 1219 2745 Differentia
1246 2718 1316 2756 per
1330 2716 1464 2744 causas
1480 2712 1588 2743 certo
1603 2703 1741 2742 ordine
1757 2700 1981 2751 exponitur:
1997 2711 2088 2736 nam

154 2769 269 2796 causa
308 2757 479 2798 efficiens
506 2759 619 2798 huius
651 2760 892 2810 Theologiae
921 2767 976 2800 est
1005 2762 1113 2799 Deus
1143 2759 1353 2798 infundens
1378 2759 1591 2808 superioris
1616 2758 1721 2794 illius
1748 2755 1926 2845 “immixti
1943 2754 2090 2842 lum-2712?

1927 2811 2022 2844 aterl
2074 2816 2095 2842 s
