2334 3020
792 138 1058 165 EIRENICI
1102 139 1240 165 PARS
1284 139 1307 164 1.
1934 140 2006 175 413

83 245 195 284 nobis
226 244 445 295 longissime
476 245 620 283 isthaec
649 245 809 284 insania.
852 246 1072 284 Statuamus
1103 244 1230 294 potius
1260 256 1349 283 cum
1378 244 1514 283 animis
1544 244 1709 293 nostris,
1749 246 1830 282 Nos
1858 257 2019 293 omnes,

81 306 273 348 quotquot
302 297 505 336 Christiani
534 310 687 346 sumus,
717 311 854 348 operas
884 299 955 336 Dei
985 311 1085 336 esse:
1117 312 1162 336 ac
1191 306 1396 348 propterea
1430 298 1634 336 vocatione
1665 298 1865 336 communi
1895 299 2016 336 teneri

81 353 177 389 ferre
215 363 469 400 quaecunque
508 352 580 388 fert
608 352 733 397 Deus,
772 353 807 390 &
842 351 1042 401 proximos
1078 364 1215 389 omnes
1244 359 1399 389 nostros
1429 351 1645 389 secundum
1676 358 1875 400 naturam,
1906 364 2020 388 voca-

80 404 246 452 tionem,
274 404 310 441 δε
337 404 498 453 gratiam
527 403 576 441 ad
603 404 769 443 eandem
798 405 1118 443 communionem
1147 405 1355 442 aduocare.
1394 406 1439 442 In
1469 404 1602 454 primis
1634 411 1764 442 autem
1797 403 2021 453 quicunque

81 456 244 506 operarij
275 464 363 494 sunt
402 456 562 495 Domini
592 470 638 494 ex
667 457 871 496 vocatione
899 457 1104 507 singulari,
1134 465 1200 495 aut
1227 457 1265 495 in
1294 469 1458 495 numero
1489 457 1717 506 dignissimo
1747 457 2016 507 operariorum

82 510 161 548 eius
191 523 238 547 ex
275 510 413 547 ordine
447 509 581 547 haberi
616 511 770 560 volunt,
805 523 883 560 quo
919 511 1084 560 amplius
1119 510 1280 548 honoris
1317 512 1340 548 a
1370 509 1545 548 Domino
1574 509 1707 555 donis,
1745 510 1779 547 δε
1814 510 2020 547 vocatione

80 562 211 612 adepti
239 569 346 610 sunt,
375 563 397 611 ij
428 562 483 600 sic
511 562 702 612 cogitent,
732 576 773 602 se
800 576 882 601 non
912 571 950 600 vt
979 571 1161 613 praeeant
1189 564 1375 601 arbitratu
1404 575 1496 612 suo,
1528 563 1595 601 sed
1624 571 1666 601 vt
1682 563 1896 600 Dominum
1914 576 2019 612 prae-

80 625 240 654 euntum
267 622 477 664 sequantur
505 615 613 653 omni
642 616 829 666 religione
858 630 904 654 ac
933 617 1008 654 fide
1041 625 1201 655 vocatos
1230 629 1333 654 esse:
1364 618 1499 665 Itaque
1521 616 1578 654 sui
1594 628 1676 654 esse
1694 615 1861 654 maxime
1878 617 2020 665 officij,

79 676 118 706 vt
143 668 321 706 homines
348 668 529 706 disiectos
558 669 593 705 δι
621 678 774 708 exteros
802 670 852 706 ab
868 669 1046 708 aedificio
1065 669 1224 707 Domini
1241 669 1470 707 miserentur
1486 670 1640 718 animo,
1669 681 1849 706 sermone
1864 676 2018 717 vocent,

78 722 113 759 &
151 733 269 770 opere
308 723 567 770 exemploque
604 731 787 772 praeeant
816 722 1125 772 diligentissime:
1165 723 1433 772 Quoscunque
1462 735 1554 760 vcro
1583 729 1648 760 aut
1677 722 1797 760 verbo
1827 722 1943 760 trahit
1969 723 2019 760 ad

78 775 240 812 domum
269 785 398 823 suam,
428 775 469 823 (f.
487 776 579 823 692)
609 784 674 814 aut
705 776 842 814 virtute
870 775 1023 825 spiritus
1051 775 1241 825 applicat,
1271 775 1315 813 iis
1346 788 1463 813 omne
1479 774 1650 813 officium
1669 775 2020 824 pietatis&liiinia-

76 827 203 865 nitatis
231 840 299 876 per
327 826 556 865 charitatem
583 827 836 879 ἀνυπόκριτον
867 836 1062 878 praestent
1090 829 1128 866 in
1160 829 1345 866 Domino.
1378 830 1476 866 Nam
1506 840 1716 866 commune
1744 829 1821 866 hoc
1847 828 2020 866 officium

76 888 133 918 est
161 880 344 918 omnibus
372 880 624 930 imperatum,
654 890 693 919 vt
722 882 904 920 omnibus
934 882 1241 920 benefaciamus:
1273 882 1342 919 sed
1373 883 1462 919 cum
1491 881 1538 919 de
1567 881 1634 919 illo
1657 894 1821 919 numero
1846 881 2021 919 omnium

77 933 236 983 propius
263 932 524 983 adiungantur
550 933 664 972 nobis
692 934 758 984 qui
785 942 975 972 vocantur
1004 936 1125 973 verbo
1155 938 1262 983 (nam
1294 934 1387 971 mihi
1416 934 1658 972 Christianus
1688 942 1743 972 est
1760 936 1877 983 quarn
1894 936 2024 972 Turca

78 985 349 1036 propinquior)
379 987 553 1035 proxime
582 995 712 1025 autem
744 987 810 1037 qui
841 988 982 1026 vnitate
1010 988 1164 1038 spiritus
1180 988 1428 1025 continentur
1452 987 1657 1025 nobiscum
1683 987 1722 1025 in
1740 987 1915 1025 Ecclesia
1930 987 2024 1025 Dei:

78 1052 150 1077 nos
188 1039 245 1077 his
274 1039 439 1078 maxime
469 1039 666 1086 omnium,
698 1041 800 1078 velut
829 1040 1055 1079 domesticis
1084 1040 1196 1088 fidei,
1226 1047 1382 1090 oportet
1407 1041 1650 1078 benefacere.
1692 1041 1809 1078 Nulla
1842 1040 2026 1090 materia,

79 1093 172 1130 dum
210 1093 248 1130 in
288 1092 349 1130 via
383 1104 538 1142 sumus,
579 1092 810 1143 negligenda
839 1096 944 1142 (nam
972 1093 1058 1144 quis
1086 1094 1196 1132 nouit
1226 1106 1305 1143 quo
1332 1101 1458 1131 vtatur
1487 1095 1592 1131 Deus
1608 1091 1637 1141 Ρ)
1665 1094 1734 1131 sed
1765 1095 1861 1131 haec
1891 1100 2022 1132 tamen

78 1145 130 1182 illi
158 1146 433 1195 anteponenda
461 1154 540 1193 est,
571 1154 686 1195 prout
716 1148 839 1185 verbo
869 1147 904 1184 &
933 1160 1053 1197 opere
1083 1148 1327 1186 demonstrat
1357 1148 1476 1185 Deus.
1506 1148 1635 1196 Atque
1662 1147 1759 1184 haec
1790 1147 1838 1184 de
1860 1146 2020 1184 materia

78 1199 127 1236 ad
157 1199 321 1236 domum
351 1199 425 1237 Dei
454 1199 671 1248 pertinente
701 1199 803 1238 satis.

130 1253 273 1289 Forma
294 1259 424 1290 autem
449 1252 660 1290 essentialis
680 1252 793 1291 huius
819 1254 960 1291 domus
983 1252 1021 1290 in
1046 1253 1250 1300 relatione,
1277 1253 1316 1290 id
1336 1259 1414 1300 est,
1443 1252 1690 1290 ordinatione
1707 1256 1741 1290 Q
1757 1251 2018 1302 applicatione

80 1305 130 1342 ad
159 1304 285 1353 ipsum
314 1304 441 1354 posita
468 1312 549 1343 est:
579 1305 688 1343 cuius
709 1316 887 1356 respectu
912 1307 1054 1344 domus
1076 1307 1244 1344 Ielcomze
1269 1307 1498 1355 appellatur.
1539 1307 1641 1343 Nam
1671 1313 1710 1343 vt
1733 1317 1875 1354 corpus
1902 1318 2019 1343 vnum

81 1370 127 1394 ex
156 1357 339 1396 omnibus
368 1358 589 1396 hominibus
620 1358 901 1408 constituatur,
943 1367 1059 1409 prout
1094 1358 1222 1409 specie
1252 1372 1389 1397 omnes
1426 1370 1558 1396 sumus
1590 1370 1733 1396 vnum:
1779 1371 1858 1396 non
1890 1366 2020 1397 tamen

85 1410 273 1448 continuo
311 1423 444 1449 sumus
478 1412 620 1449 domus
648 1425 724 1449 vna
752 1413 933 1450 Jelzouae.
979 1413 1053 1450 Sed
1092 1412 1166 1450 alia
1195 1412 1388 1461 quaedam
1425 1412 1552 1449 forma
1580 1413 1629 1449 ab
1658 1413 1781 1449 altero
1811 1411 2026 1462 principio,

82 1466 201 1512 quam
239 1466 262 1501 a
290 1471 427 1502 natura
456 1471 535 1514 est,
580 1466 795 1503 secundnm
826 1478 943 1514 quam
973 1478 1019 1503 ex
1050 1467 1123 1503 hac
1155 1465 1354 1503 communi
1383 1465 1541 1502 materia
1570 1466 1631 1503 vel
1658 1477 1823 1514 corpore
1841 1495 1851 1514 ,
1881 1464 1920 1502 id
1948 1473 2026 1515 est,

84 1531 130 1554 ex
174 1516 303 1566 specie
344 1517 506 1555 humani
542 1518 694 1567 generis
731 1519 873 1556 domus
908 1519 1078 1556 lelzouae
1105 1519 1322 1556 conficitur.
1365 1519 1513 1556 Notum
1545 1526 1602 1556 est
1630 1524 1760 1555 autern
1790 1517 1828 1555 in
1858 1518 2027 1565 scholis,

84 1570 335 1619 relationem,
378 1581 496 1619 quam
526 1579 691 1616 vocant,
733 1573 901 1609 sormam
941 1584 1025 1610 esse
1062 1584 1194 1609 earum
1229 1584 1357 1609 rerum
1393 1583 1493 1620 quae
1524 1572 1574 1609 ad
1603 1570 1750 1620 aliquid
1779 1572 2023 1610 referuntur:

80 1636 126 1661 ac
158 1622 324 1671 proinde
362 1623 458 1660 citra
495 1624 725 1662 relationem
765 1638 810 1663 ea
849 1637 948 1674 quae
977 1625 1104 1675 reipsa
1131 1627 1251 1662 relata
1279 1632 1388 1673 sunt,
1431 1624 1471 1662 id
1500 1624 1626 1674 ipsum
1656 1624 1762 1673 quod
1792 1632 1898 1683 sunt,
1941 1638 2022 1663 non

81 1689 194 1726 posse
223 1689 318 1714 esse.
362 1676 610 1715 Relationem
639 1685 787 1724 autem,
817 1678 1031 1716 secundum
1059 1690 1177 1727 quarn
1203 1679 1300 1716 haec
1329 1678 1471 1716 domus
1496 1691 1542 1715 ex
1570 1677 1762 1727 lapidibus
1788 1677 1884 1715 viuis
1909 1691 2024 1737 coag-

80 1737 249 1767 mentata
277 1742 409 1767 veram
439 1742 548 1768 suam
577 1732 744 1768 formam
773 1734 808 1770 Q
837 1731 1082 1769 essentialem
1098 1731 1269 1779 obtinet,
1288 1731 1529 1769 demonstrat
1544 1744 1690 1769 nomen
1706 1732 1902 1768 lelzouae:
1931 1731 2021 1780 quia

83 1778 262 1820 Ecclesia
292 1783 433 1820 domus
461 1784 628 1821 lelzomze
656 1786 892 1834 appellatur
922 1792 1108 1834 tanquam
1138 1761 1287 1822 domnii
1315 1785 1390 1832 5111·
1419 1785 1454 1821 &
1479 1783 1648 1822 vicissim
1679 1784 1894 1833 Dominus,
1911 1785 2024 1823 huius

78 1836 240 1885 domus,
269 1848 386 1885 quam
417 1836 633 1875 Ecclesiam
663 1849 872 1886 vocamus,
903 1838 1099 1876 dominus.
1143 1839 1212 1876 Est
1241 1845 1372 1876 autem
1397 1837 1608 1876 essentialis
1633 1838 1779 1886 forma,
1808 1850 1877 1886 per
1903 1851 2021 1887 quam

81 1901 141 1927 res
170 1896 226 1927 cst
255 1896 370 1938 atque
398 1897 593 1939 operatur.
649 1891 769 1939 Quod
798 1890 828 1929 si
858 1904 917 1929 res
948 1891 1108 1930 relatiua
1136 1899 1218 1942 est,
1261 1890 1342 1929 eius
1372 1891 1498 1929 forma
1527 1890 1740 1929 essentialis
1768 1903 1891 1939 vsque
1918 1892 2020 1930 adeo

80 1941 117 1979 in
148 1949 325 1992 respectu
353 1942 508 1980 alterius
538 1945 573 1982 &
601 1943 788 1983 relatione
817 1944 942 1994 posita
971 1952 1047 1993 est,
1078 1952 1119 1982 vt
1142 1944 1238 1983 citra
1262 1944 1371 1982 illum
1400 1950 1620 1994 respectum
1645 1956 1720 1981 nec
1745 1944 1812 1994 sit,
1841 1956 1915 1981 nec
1930 1951 2021 1994 agat

80 1994 303 2044 quicquam.
346 1995 408 2033 Sic
436 1996 635 2047 Ecclesia,
665 1997 851 2047 quicquid
878 2004 955 2045 est,
985 1975 1174 2048 quicquid
1202 1997 1281 2048 agit
1311 1997 1388 2057 qua
1417 1997 1594 2035 Ecclesia
1621 2004 1698 2044 est,
1736 1996 1776 2034 id
1806 2004 1934 2035 totum
1962 2004 2020 2036 est

81 2049 115 2085 &
144 2048 223 2098 agit
250 2048 289 2086 in
317 2048 512 2087 Domino:
542 2052 577 2088 &
601 2051 736 2089 relatio
758 2051 839 2089 eius
866 2052 917 2089 ad
942 2052 1177 2098 Dominum,
1206 2050 1421 2090 certissima
1442 2052 1478 2089 St
1502 2050 1616 2089 vnica
1639 2052 1767 2088 forma
1787 2050 1868 2088 eius
1892 2063 2019 2089 essen-

82 2101 179 2140 tialis
208 2110 277 2139 est.
331 2103 516 2140 Formam
553 2110 682 2141 autem
719 2103 810 2142 dico
839 2104 930 2142 inde
959 2107 981 2143 a
1010 2104 1229 2154 principio,
1272 2106 1308 2142 &
1337 2105 1552 2142 secundum
1582 2116 1690 2149 esse,
1735 2105 1770 2142 &
1803 2104 2020 2142 secundum

82 2154 316 2204 potentiam.
344 2157 379 2193 &
407 2156 623 2194 secundum
651 2157 826 2196 actiones
855 2158 1181 2217 operationesque
1212 2157 1353 2207 ipsius,
1380 2159 1415 2195 &
1446 2157 1663 2195 secundum
1688 2158 1829 2194 finem:
1859 2157 1949 2206 quia
1973 2170 2020 2195 ex

81 2220 149 2253 eo,
177 2209 212 2246 &
239 2221 307 2257 per
336 2221 426 2246 eum
455 2209 490 2246 &
518 2209 555 2246 in
585 2222 674 2248 eum
704 2218 793 2248 sunt
820 2210 974 2248 omnia:
1006 2211 1081 2249 Cui
1107 2211 1155 2249 sit
1182 2210 1306 2261 gloria
1333 2211 1371 2248 in
1402 2211 1543 2249 secula.
1574 2211 1693 2248 Rom.
1714 2223 1771 2248 11.
1797 2211 1861 2259 36.

136 2261 291 2299 Etenim
326 2262 434 2299 Deus
471 2263 576 2300 501115
613 2264 739 2301 50111111
770 2272 825 2302 θ5ῖ
862 2264 1095 2314 principium
1133 2265 1425 2314 supernaturale
1463 2262 1627 2313 gratiae,
1673 2264 1796 2312 Deus,
1839 2263 2019 2313 inquam,

85 2315 196 2352 Pater
224 2314 262 2352 in
292 2315 448 2353 Christo
476 2317 563 2353 Iesu
592 2329 661 2365 per
689 2317 1089 2355 communicationem
1118 2317 1293 2367 spiritus.
1347 2317 1598 2366 Quapropter
1628 2323 1709 2353 tum
1738 2317 1788 2354 ab
1818 2328 1865 2354 eo
1893 2316 2020 2354 omnis

83 2367 267 2417 cognatio
292 2367 433 2406 dicitur
462 2368 654 2407 nominari
683 2369 721 2407 in
750 2372 859 2408 caelo
888 2371 924 2408 δι
952 2370 1074 2416 terra,
1103 2377 1185 2408 tum
1212 2372 1302 2408 vero
1319 2369 1546 2407 Ecclesia&
1563 2369 1713 2419 Singula
1729 2369 1828 2407 illius
1844 2371 2021 2407 membra

84 2420 264 2458 dicuntur
288 2433 370 2459 esse
398 2421 559 2472 Christi,
588 2424 623 2460 &
653 2423 827 2461 Christus
855 2423 941 2462 Dei.
972 2424 1116 2472 Ephes.
1145 2437 1182 2473 3.
1217 2435 1276 2473 15.
1313 2423 1452 2461 1.Cor.
1482 2436 1520 2472 3.
1552 2435 1611 2460 22.
1651 2424 1783 2472 Atque
1813 2422 1875 2460 hie
1905 2423 2019 2460 etiam

82 2475 190 2512 locus
218 2477 266 2512 eo
295 2474 460 2523 pertinet
488 2477 620 2524 (prout
646 2484 920 2526 argumentum
948 2477 1066 2515 docet
1095 2476 1290 2527 Apostoli)
1320 2485 1361 2514 vt
1390 2476 1649 2526 intelligamus
1673 2477 1777 2514 hunc
1802 2483 2020 2526 respectum

84 2527 163 2564 siue
192 2527 447 2578 relationem,
475 2529 526 2566 ad
555 2529 762 2567 essentiam
791 2537 915 2568 totam
944 2529 1164 2571 Ecclesiae
1193 2531 1272 2568 hoc
1300 2537 1376 2578 est,
1405 2542 1486 2567 non
1501 2529 1551 2567 ad
1566 2529 1859 2579 generationem
1876 2530 2021 2577 solum,

84 2581 219 2617 xeriim
258 2580 374 2618 etiam
410 2582 461 2619 ad
497 2581 816 2621 constitutionem
855 2582 937 2621 eius
972 2583 1154 2632 protendi
1192 2590 1401 2642 oportere:
1444 2583 1535 2632 quia
1565 2589 1605 2620 vt
1632 2584 1682 2620 ab
1712 2595 1783 2631 θο,
1826 2582 1943 2620 sicin
1972 2595 2020 2620 eo

85 2632 254 2671 subsistit
283 2633 484 2672 Ecclesia:
513 2634 593 2674 imo
621 2636 740 2685 longe
769 2636 914 2674 firmius
942 2649 989 2674 ac
1017 2636 1222 2686 gloriosius
1251 2635 1289 2674 in
1320 2649 1367 2674 eo
1384 2636 1574 2685 subsistit,
1591 2647 1657 2685 qui
1671 2637 1778 2674 solus
1793 2635 2021 2673 nnmortahs

88 2694 144 2723 est
173 2687 207 2724 &
237 2686 408 2725 subsistit
436 2700 505 2737 per
533 2701 594 2736 se,
636 2691 754 2737 quam
784 2689 887 2726 aliud
916 2689 1140 2738 quicquam.
1196 2689 1302 2737 Quin
1332 2689 1447 2727 etiam
1476 2691 1566 2727 011111
1595 2688 1703 2726 0111111
1730 2688 1920 2727 essentiae
1951 2700 2019 2726 sua

90 2739 136 2776 sit
169 2741 191 2776 a
225 2748 361 2777 natura
396 2739 594 2780 inclinatio
633 2744 667 2779 81
706 2741 905 2791 operatio,
948 2742 1071 2792 gratia
1098 2745 1191 2780 vero
1219 2749 1396 2780 naturam
1426 2750 1579 2780 anteeat
1607 2741 1779 2780 numeris
1808 2741 2019 2789 omnibns,

90 2805 136 2829 ex
165 2805 212 2830 eo
240 2805 397 2842 quoque
424 2793 518 2831 illud
546 2795 815 2845 consequitur,
844 2796 952 2844 quod
977 2808 1137 2833 omnem
1162 2808 1271 2834 suam
1298 2795 1513 2845 potentiam
1530 2795 1705 2833 Ecclesia
1727 2796 1852 2833 aDeo
1869 2793 2019 2832 obtinet

1826 2848 1993 2897 gratiose
2011 2859 2020 2898 3
