2334 3020
854 108 1122 136 EIRENICI
1166 108 1307 135 PARS
1352 109 1377 134 1.
2006 107 2077 141 411

146 219 289 256 temere
331 216 608 256 condemnant.
654 219 689 253 δι
732 228 868 264 pacam
897 214 1159 265 pronunciant
1186 227 1253 253 eos
1281 213 1412 264 lingua
1442 213 1572 252 testari
1602 215 1740 251 contra
1781 215 1897 262 quarn
1928 212 2082 250 animus

145 270 300 319 sentiat,
330 277 368 307 vt
396 268 635 318 iniquitatem
663 267 897 306 iudiciorum
926 280 1083 307 suorum
1112 269 1292 318 proterue
1322 265 1523 305 tueantur?
1563 268 1701 317 Apage
1730 267 1841 304 istam
1872 265 2083 312 insaniam,

147 335 226 361 non
269 321 427 360 homine
468 320 711 371 Christiano,
754 334 833 359 non
876 321 1038 359 naturali
1080 320 1260 371 homine3
1289 333 1368 358 non
1398 321 1512 358 bruta
1540 319 1738 358 animante
1767 318 1946 369 dignam:
1980 330 2083 368 quae

147 374 294 414 insania
328 374 418 413 inde
459 376 481 412 ἐι
509 374 647 413 seculis
692 373 820 412 multis
861 374 1008 412 animas
1035 373 1205 424 perdidit
1233 372 1546 412 innumerabiles.
1584 374 1862 411 Verumtamen
1892 378 2000 421 esto,
2031 371 2081 409 de

149 428 243 466 Fine
271 427 498 477 conueniat,
537 435 578 466 vt
618 430 708 466 ante
750 427 896 466 dictum
925 434 1000 466 est:
1031 439 1124 477 ergo
1154 428 1203 466 de
1239 426 1313 465 Via
1341 437 1416 476 qua
1445 426 1495 464 ad
1526 427 1643 463 finem
1672 424 1895 474 peruenturi
1925 435 2082 474 sumus,

148 480 332 531 deinceps
360 480 572 519 videndum
600 487 670 519 est.
701 481 830 530 Atque
859 480 922 519 hic
951 480 1144 519 secundus
1171 481 1282 518 locus
1311 486 1387 529 est,
1404 490 1521 529 quem
1537 480 1626 516 ante
1641 478 1692 516 ad
1707 478 1847 516 horum
1864 477 2074 515 verborum

148 533 506 583 interpretationem
537 535 659 583 probe
688 534 888 572 obseruari
917 533 1084 572 diximus
1113 539 1309 583 oportere.

199 586 273 624 Via
315 585 390 636 qua
431 587 482 624 ad
523 587 651 624 Deum
693 598 791 636 opus
836 594 893 625 est
930 586 1187 636 contendere,
1216 588 1240 624 a
1269 585 1383 624 nobis
1413 583 1572 623 definita
1599 591 1656 622 est
1684 584 1902 633 Prophetae
1931 581 2080 631 verbis,

149 640 238 677 curn
280 641 427 677 domum
470 640 658 688 Ielzoaae,
702 639 740 677 id
776 646 853 690 est,
882 639 1097 678 Ecclesiam
1133 651 1204 689 pro
1233 639 1295 677 via
1322 637 1436 676 nobis
1465 637 1688 675 habendam
1717 648 1797 674 esse
1823 636 2074 673 traderemus.

149 694 242 731 Hoc
284 692 379 730 illud
420 699 496 741 est,
539 692 686 742 inquiet
728 694 889 731 fortasse
925 692 1143 743 quispiam,
1173 692 1282 742 quod
1310 698 1513 740 tantopere
1542 689 1740 740 cupimus:
1771 691 1805 727 δι
1835 688 1995 737 quidem
2028 700 2076 725 eo

148 745 312 795 amplius
340 745 539 795 cupimus,
569 758 647 795 quo
675 745 853 784 videmus
881 746 1044 796 amplius
1060 744 1315 784 necessariam
1332 756 1416 782 esse
1432 743 1557 793 reipsa
1572 743 1694 793 viam,
1711 744 1746 781 &
1764 749 1893 779 tamen
1909 740 2079 779 vanitate

147 798 350 837 hominum
379 806 684 837 controuersam.
714 800 815 837 Nam
843 798 1058 837 Ecclesiam
1087 798 1245 848 quidem
1273 798 1376 836 viam
1405 797 1456 835 ad
1484 797 1612 834 Deum
1641 807 1725 834 esse
1753 794 1927 845 plerique
1943 806 2080 832 omnes

148 851 415 902 agnoscimus:
445 853 520 890 Sed
548 851 585 889 in
616 851 974 902 circumscriptione
1001 854 1036 890 δῖ
1064 850 1387 890 determinatione
1415 848 1537 898 illius,
1566 850 1685 887 ferme
1714 848 1838 898 (quod
1866 849 1984 897 vulgo
2008 846 2083 884 (lici

150 906 264 954 solet)
295 912 391 954 quot
419 904 568 955 capita,
599 911 656 943 tot
693 905 918 944 sententiae.
945 906 1050 955 Ergo
1082 912 1123 943 vt
1151 905 1201 942 de
1227 916 1269 942 re
1298 910 1376 941 tam
1408 901 1645 952 necessaria,
1675 902 1710 939 &
1740 909 1871 940 tamen
1889 901 1974 950 plus
1990 899 2080 938 satis

149 964 419 1004 controuersa,
446 958 546 996 inter
573 971 645 996 nos
673 957 885 997 conuenire
915 958 1055 1008 possit,
1085 958 1163 996 duo
1192 957 1374 1007 ponenda
1402 962 1509 1005 sunt,
1540 967 1640 1005 quae
1669 966 1787 993 nemo
1816 954 1945 992 bonus
1969 953 2080 1001 (dum

148 1011 222 1049 sibi
249 1010 444 1050 constabit
471 1013 614 1061 mente)
644 1018 852 1062 negaturus
881 1019 951 1049 est.
981 1013 1111 1049 Vnum
1141 1017 1218 1060 est,
1247 1010 1341 1047 dum
1358 1009 1495 1047 dehac
1510 1007 1868 1057 circumscriptione
1883 1005 2082 1044 Ecclesiae

148 1063 360 1103 sententiae
396 1063 605 1102 audiuntur
641 1067 675 1103 &
717 1064 990 1113 discutiuntur,
1029 1070 1209 1113 oportere
1247 1070 1288 1101 vt
1316 1062 1378 1111 alij
1408 1063 1576 1099 feramus
1606 1060 1725 1111 alios,
1754 1073 1800 1098 ac
1829 1071 1909 1097 non
1939 1060 2078 1097 contra

149 1120 267 1167 quam
304 1116 343 1155 in
380 1118 536 1167 optimis
575 1119 689 1156 rebus
724 1118 890 1167 publicis
927 1118 962 1155 &
991 1116 1142 1156 iudiciis
1170 1118 1271 1155 bene
1299 1114 1518 1154 constitutis
1546 1113 1626 1152 iure
1655 1112 1853 1152 obseruari
1884 1113 2000 1161 solet,
2030 1113 2081 1150 ab

148 1170 378 1209 executione
406 1177 617 1209 statuamus
646 1170 700 1209 rei
724 1170 941 1210 exordium.
969 1172 1145 1209 Alterum
1162 1176 1237 1218 est,
1253 1175 1294 1207 vt
1309 1167 1457 1206 facilius
1474 1168 1522 1205 de
1537 1168 1611 1204 hac
1627 1166 1855 1216 quaestione
1871 1164 2081 1203 conuenire

148 1223 290 1274 possit,
320 1223 435 1262 etiam
470 1223 757 1262 consentiamus
784 1224 882 1262 inter
910 1237 981 1262 nos
1011 1223 1059 1261 de
1096 1222 1210 1262 certis
1248 1221 1385 1260 mediis
1413 1221 1474 1258 vel
1508 1219 1637 1270 potius
1663 1217 1863 1269 principiis
1891 1217 2080 1256 confessis

147 1277 326 1326 vtrinque
360 1276 459 1314 inter
496 1276 666 1315 diuersas
693 1284 821 1327 partes
859 1288 957 1327 opus
996 1289 1096 1326 esse,
1134 1289 1182 1314 ex
1210 1275 1351 1324 quibus
1379 1272 1585 1324 paulatim,
1623 1271 1760 1310 animis
1789 1270 2015 1321 compositis
2043 1272 2078 1309 &

148 1330 238 1369 rixis
273 1329 470 1381 sepositis,
506 1331 556 1369 ad
594 1330 878 1380 assequendam
906 1330 1011 1368 illam
1040 1327 1441 1378 circumscriptionem
1469 1325 1669 1365 veniamus
1699 1323 2080 1363 determinationem-

148 1396 225 1434 que
261 1382 472 1422 Ecclesiae.
509 1385 661 1422 Interea
703 1385 794 1422 vero
829 1396 878 1422 ne
912 1383 951 1421 in
988 1384 1063 1421 hac
1107 1389 1239 1420 nostra
1274 1393 1395 1431 opera
1422 1385 1552 1418 aerem
1580 1378 1755 1416 dicamur
1784 1378 1970 1423 caedere,
2000 1377 2080 1415 sine

149 1436 449 1486 discrepantium
486 1436 585 1475 inter
612 1449 654 1474 se
681 1437 849 1486 partium
878 1435 1134 1486 praeiudicio,
1164 1433 1401 1484 Principium
1429 1434 1650 1471 confessum
1679 1430 1784 1481 apud
1822 1443 1959 1469 omnes
1994 1441 2083 1468 curn

149 1491 255 1529 bona
282 1501 380 1539 pace
410 1489 584 1528 omnium
615 1496 838 1528 statuemus.
869 1489 971 1527 Illud
999 1495 1129 1528 autem
1159 1495 1216 1526 est
1243 1487 1444 1537 Scriptura
1471 1498 1605 1534 sacra,
1624 1485 1683 1522 de
1712 1496 1789 1534 qua
1818 1483 1964 1533 optime
1989 1482 2082 1520 olim

150 1542 390 1593 Augustinus
432 1555 522 1581 curn
555 1542 770 1581 Donatistis
805 1555 941 1593 agens,
971 1542 1008 1580 in
1038 1540 1267 1592 Scripturis,
1294 1539 1514 1590 inquiebat,
1550 1537 1754 1576 didicimus
1783 1536 2000 1575 Christum:
2040 1538 2084 1573 ln

150 1595 356 1646 Scripturis
385 1595 590 1634 didicimus
619 1596 841 1634 ecclesiam:
871 1596 951 1635 Cur
980 1608 1060 1633 non
1089 1607 1183 1645 ergo
1204 1594 1243 1633 in
1269 1592 1466 1643 scripturis
1490 1603 1739 1630 communem
1756 1590 1953 1629 Christum
1969 1596 2084 1638 atque

149 1648 365 1689 Ecclesiam
395 1647 630 1688 retinemus?
663 1650 722 1687 Ex
749 1648 809 1687 his
836 1656 966 1688 autem
995 1648 1212 1698 scripturis,
1241 1648 1348 1685 velut
1375 1644 1608 1684 immediatis
1628 1647 1651 1681 a
1677 1645 1785 1693 Deo,
1809 1643 1942 1692 certis,
1967 1648 2083 1691 atque

147 1701 319 1742 immotis
347 1701 545 1752 principiis
573 1702 801 1741 delineaturi
831 1701 1071 1751 Ecclesiam,
1101 1714 1181 1739 non
1210 1700 1437 1750 colligemus
1466 1698 1558 1736 hinc
1581 1697 1671 1736 inde
1695 1709 1794 1746 quae
1817 1697 1960 1734 adhoc
1974 1708 2085 1746 argu-

149 1763 323 1795 mentum
353 1754 532 1794 videntur
559 1755 772 1806 pertinere:
803 1756 871 1794 sed
898 1757 1102 1794 haerentes
1130 1754 1168 1792 in
1196 1755 1274 1792 hoc
1303 1753 1388 1804 ipso
1405 1752 1559 1790 cantico
1575 1750 1734 1800 vestigia
1750 1750 1968 1799 Prophetae
1988 1750 2082 1786 κατὰ

148 1810 266 1851 πόδας
294 1821 586 1859 persequemur.
615 1808 678 1847 Sic
706 1809 755 1847 de
784 1808 963 1847 Ecclesia
992 1808 1190 1858 dicemus,
1217 1819 1318 1857 quae
1344 1805 1407 1844 hic
1435 1805 1517 1856 ipse
1544 1806 1655 1843 locus
1684 1802 1797 1841 nobis
1818 1801 2081 1841 subministra-

146 1872 253 1900 turus
282 1869 359 1909 est,
389 1864 424 1900 &
452 1861 526 1900 Dei
555 1862 716 1912 Spiritus
746 1875 793 1900 ex
821 1874 868 1900 eo
898 1862 1120 1900 edocturus.

199 1916 312 1953 Haec
346 1915 461 1965 igitur
497 1915 705 1954 informata
741 1922 799 1954 est
833 1917 856 1953 a
893 1915 1046 1953 Dauide
1082 1913 1283 1952 Ecclesiae
1318 1912 1437 1959 ratio,
1481 1923 1598 1961 quam
1636 1922 1683 1948 ex
1722 1907 1923 1959 ipsissimis
1953 1906 2082 1945 verbis

147 1981 283 2006 omnes
309 1971 455 2019 (spero)
485 1981 638 2007 mecum
666 1967 902 2019 recognituri
930 1975 1028 2006 sunt.
1059 1967 1259 2006 Ecclesiae
1288 1966 1434 2015 duplex
1450 1972 1507 2003 est
1522 1963 1637 2001 ratio:
1654 1964 1830 2011 Interna,
1849 1962 2082 2000 &Externa

146 2023 343 2061 Internam
374 2021 564 2060 rationem
592 2023 788 2071 Propheta
820 2021 989 2071 explicat
1015 2022 1089 2059 hac
1117 2033 1193 2058 vna
1220 2019 1501 2070 appellatione,
1531 2016 1638 2067 quod
1668 2017 1797 2053 domus
1827 2015 1996 2052 lclzomze
2012 2019 2082 2051 est.

146 2076 357 2114 Externam
387 2078 479 2114 vero
509 2074 700 2113 rationem
727 2075 766 2113 in
795 2075 1074 2113 communione
1103 2081 1328 2112 sanctorum
1353 2071 1522 2122 positam
1537 2070 1778 2108 demonstrat
1793 2069 1907 2118 plane
1923 2077 2084 2116 sequen—

146 2127 261 2167 tibus.
304 2130 351 2168 Id
392 2129 519 2166 solum
561 2128 769 2167 discrimen
806 2127 1015 2167 interuenit
1053 2127 1153 2165 inter
1179 2126 1270 2164 ilarn
1302 2124 1518 2164 Ecclesiam
1548 2124 1583 2161 &
1611 2123 1713 2160 hanc
1742 2128 1939 2169 nostram,
1969 2131 2086 2169 quarn

148 2181 322 2221 Christus
349 2183 494 2220 adunat
521 2181 725 2232 Euangelij
756 2180 1068 2231 praedicatione,
1095 2180 1204 2230 quod
1232 2179 1296 2217 illa
1325 2191 1415 2217 cum
1443 2191 1482 2216 re
1511 2175 1646 2215 habuit
1674 2174 2029 2225 vmbracula3haec
2045 2185 2085 2211 re

145 2247 236 2273 cum
265 2235 328 2274 illa
355 2235 492 2274 eadem
522 2243 597 2285 est,
627 2236 695 2273 sed
726 2234 938 2273 inuolucris
968 2241 1149 2284 exempta
1176 2233 1495 2271 vmbraculorum
1526 2231 1787 2280 typorumque
1817 2225 2086 2276 eiusmodi,vt

146 2289 248 2326 faeta
274 2290 298 2326 a
325 2287 480 2327 Christo
510 2287 580 2326 fuit
610 2288 834 2338 disparatio.
858 2290 943 2326 Iam
968 2289 1017 2326 de
1042 2286 1192 2326 ratione
1217 2285 1367 2324 interna
1396 2285 1431 2322 &
1449 2281 1641 2323 essentiali
1657 2281 1857 2319 Ecclesiae
1872 2280 2083 2318 videamus.

196 2342 438 2380 Describitur
467 2342 643 2380 Ecclesia
671 2342 821 2380 duabus
850 2340 927 2380 suis
954 2340 1130 2391 partibus
1158 2338 1428 2377 essentialibus
1457 2340 1514 2386 (ut
1540 2335 1725 2374 omnibus
1740 2336 1856 2373 rebus
1871 2333 1952 2372 fieri
1968 2333 2084 2380 solet)

144 2407 234 2432 cum
263 2396 396 2434 domus
424 2395 591 2433 Ielzomze
618 2396 848 2445 appellatur.
876 2395 978 2432 Nam
1008 2395 1086 2444 qua
1113 2394 1267 2444 domus,
1297 2390 1460 2430 materia
1476 2389 1734 2440 significatur:
1750 2389 1919 2426 [cleonae
1933 2388 2085 2435 domus,

145 2449 271 2486 forma
298 2447 509 2486 essentialis
537 2447 627 2486 huic
657 2447 842 2486 materiae
870 2447 1005 2486 indita.

196 2501 386 2540 Materiae
419 2513 537 2550 quam
576 2502 614 2540 in
654 2500 830 2539 Ecclesia
869 2502 1147 2549 obseruamus,
1176 2497 1350 2549 cognitio
1380 2503 1437 2535 est
1464 2496 1637 2535 euidens.
1668 2496 1808 2544 Neque
1839 2493 1942 2532 enim
1971 2504 2086 2542 agere

144 2555 219 2592 hoc
260 2555 350 2592 loco
394 2557 596 2593 statuimus
638 2555 687 2593 de
728 2553 905 2593 Ecclesia
945 2553 1019 2592 Dei
1055 2554 1094 2591 in
1123 2551 1241 2590 caelis
1270 2557 1448 2590 versante
1476 2556 1593 2599 atque
1621 2547 1815 2599 gloriosa,
1855 2559 1902 2585 ex
1938 2544 2086 2596 angelis

143 2606 447 2657 hominibusque
490 2615 763 2658 coagmentata
804 2607 1022 2646 secundum
1065 2604 1298 2644 electionem
1341 2603 1416 2642 Dei
1446 2602 1485 2640 in
1514 2601 1672 2641 Christo
1701 2603 1807 2639 Iesu:
1838 2600 1906 2638 sed
1936 2600 2086 2637 tantum

145 2661 194 2698 de
237 2661 411 2699 Ecclesia
449 2661 541 2709 Dei,
587 2673 687 2711 quae
723 2661 787 2698 hic
814 2660 852 2698 in
884 2659 994 2698 terris
1021 2666 1216 2706 versatur,
1248 2659 1285 2697 &
1323 2657 1361 2695 in
1391 2657 1469 2695 fide
1497 2655 1685 2706 tantisper
1713 2654 1886 2693 ambulat
1914 2653 2008 2690 dum
2035 2651 2087 2689 ad

144 2713 428 2762 perfectionem
471 2713 576 2752 illam
618 2714 807 2764 perducta
850 2712 909 2752 sit.
953 2711 1117 2751 Materia
1160 2710 1275 2761 igitur
1313 2709 1426 2748 huius
1454 2708 1654 2747 Ecclesiae
1682 2721 1729 2746 ex
1757 2705 1984 2745 hominibus
2012 2711 2086 2742 est:

147 2779 238 2804 nam
282 2780 327 2805 ex
364 2766 443 2818 his,
474 2774 659 2817 tanquam
690 2780 737 2806 ex
765 2766 959 2816 lapidibus
989 2767 1150 2816 domus,
1177 2764 1406 2802 aedificatur
1435 2753 1614 2801 Ecclesia
1643 2760 1730 2800 Dei.
1760 2760 1837 2798 Sed
1867 2759 1907 2798 hi
1934 2757 2084 2816 lapides

2009 2822 2087 2849 Vlul
