2334 3020
824 98 1092 126 EIRENICI
1134 97 1272 126 PARS
1312 98 1338 126 1.
1969 99 2045 138 399

111 205 207 256 quid
243 212 309 245 aut
347 207 397 245 de
432 218 495 244 me
524 204 684 244 homine
711 205 996 255 abiectissimo,
1023 212 1089 244 aut
1117 206 1166 245 de
1194 204 1340 256 scripto
1370 205 1448 244 1106
1474 205 1648 244 11151111110
1679 218 1769 244 11160
1798 206 2051 256 praeiudicati

111 259 335 310 concipiant
369 259 408 298 in
444 258 582 298 animis
617 258 715 309 suis,
754 266 939 309 tanquam
975 260 1007 298 si
1035 259 1073 297 in
1102 260 1240 297 harum
1278 266 1342 297 aut
1370 258 1522 297 illarum
1552 259 1719 309 partium
1748 259 1905 309 (quibus
1932 259 2051 297 hodie

111 313 350 351 Christianus
380 311 485 351 orbis
515 312 653 350 misere
685 311 887 360 scinditur)
916 313 1070 361 odium,
1091 312 1381 362 inuidiam,aut
1395 320 1530 351 notam
1545 314 1857 362 qualemcunque
1875 312 1947 350 sim
1964 313 2052 350 alla-

112 374 243 417 turus,
283 374 349 404 aut
386 367 435 404 de
465 378 527 404 me
561 365 642 416 ipse
671 365 877 415 magnifice
906 369 1021 416 supra
1050 368 1169 415 quam
1199 366 1312 404 decet
1342 373 1407 403 aut
1436 373 1592 415 oportet
1620 366 1800 415 sentiam,
1829 373 1895 404 aut
1926 379 2051 404 meam

113 432 274 469 operam
312 419 569 469 praefidenter
603 419 787 468 aliorum,
825 431 925 468 quos
954 432 1065 467 amo,
1095 420 1204 469 colo,
1235 425 1493 469 venerorque,
1523 432 1665 469 operae
1693 427 1951 469 anteponam:
1983 419 2051 458 sed

111 473 239 523 potius
267 472 321 511 sic
349 473 398 510 de
426 485 489 510 me
518 479 705 521 statuant,
729 485 790 511 me
814 472 958 510 omissa
982 484 1204 521 causarum,
1221 484 1371 522 rerum,
1388 472 1635 511 &actionum
1650 472 1924 523 singularium,
1948 485 2048 522 quae

111 527 148 564 in
177 527 253 565 hoc
281 533 459 575 tempore
486 525 765 575 discutiuntur,
796 526 966 574 ratione,
996 526 1091 564 citra
1119 525 1424 575 praeiudicatum
1458 525 2050 573 1111111511011111115,6)(5016ν611-

111 580 197 618 tatis
224 579 379 618 diuinae
406 578 738 629 contemplatione
765 578 814 616 de
843 592 940 629 pace
970 579 1303 629 Christianorum,
1333 591 1433 629 quae
1461 579 1687 617 communia
1712 587 1801 617 sunt
1827 580 1932 628 (hinc
1949 579 2051 618 6111111

111 633 348 672 traducimur
375 632 672 683 particularibus
701 632 835 671 studiis
864 635 899 671 ἃ
930 632 1219 681 occasionibus)
1248 632 1443 670 dicturum
1472 645 1573 671 esse:
1611 632 1677 682 qui
1712 633 1761 671 de
1790 645 1853 671 me
1882 633 1937 671 sic
1967 645 2055 672 sen-

111 687 227 735 tiam,
265 700 344 725 non
383 688 510 724 solum
545 685 711 724 aliorum
749 693 922 735 peccata,
967 687 1034 725 sed
1065 699 1151 724 mea
1181 697 1340 735 quoque
1368 685 1487 736 ipsius
1515 685 1553 723 in
1584 688 1712 725 Deum
1742 686 1969 737 grauissima
1996 686 2055 724 his

110 740 423 779 lamentabilibus
453 738 750 778 Christianitatis
779 738 947 778 dissidiis
969 739 1164 790 castigari:
1204 738 1270 788 qui
1299 739 1469 788 denique
1497 740 1546 777 de
1576 752 1663 777 mea
1693 741 1813 790 opera
1842 753 1922 778 non
1952 740 2055 778 aliud

110 795 356 845 praedicem,
384 795 502 844 quam
532 793 640 842 quod
665 793 712 831 sit
741 792 988 843 tenuissima,
1018 795 1053 831 &
1080 796 1103 831 a
1125 794 1201 831 fine
1229 792 1432 842 proposito
1461 793 1559 831 absit
1587 795 1705 843 quam
1722 794 2054 844 longissime,sed

108 856 238 887 tamen
266 850 289 886 a
315 850 404 886 Deo
433 847 501 898 sit,
529 846 596 897 qui
624 847 740 885 etiam
769 854 902 886 tenues
931 847 1129 898 operarios
1157 850 1193 885 ἃ
1222 846 1397 884 infirmos
1423 858 1512 884 cum
1531 846 1809 886 valentioribus
1825 854 1994 897 occupat
2014 846 2053 884 in

108 902 230 941 domo
259 914 327 940 sua
354 901 592 950 extruenda,
616 901 667 939 ad
682 907 906 939 sanctorum
924 899 1307 951 coagmentationem
1323 902 1358 938 S:
1373 899 1686 938 aedificationem
1702 901 1880 950 corporis
1896 899 2053 939 Christi.

109 956 217 994 Deus
244 954 379 1004 nouit,
409 955 472 993 cui
500 954 628 993 seruio
657 954 697 992 in
726 954 861 1004 spiritu
890 954 1029 992 mentis
1058 966 1169 992 meae
1197 960 1388 1002 quantum
1416 952 1640 991 incendium
1672 956 1728 1002 (vt
1757 954 1810 992 ita
1838 954 1983 1002 dicam)
2014 953 2051 991 in

109 1008 346 1058 praecordiis
375 1009 410 1046 &
438 1007 570 1046 animo
595 1020 686 1046 11160
716 1007 881 1045 sentiam
910 1009 984 1046 1166
1013 1006 1112 1045 111511
1142 1007 1242 1045 facie
1269 1005 1567 1045 Christianitatis
1592 1006 1768 1045 excitari:
1785 1015 1974 1056 quantum
1991 1019 2053 1045 me

108 1064 249 1100 110111111
291 1063 326 1099 81
363 1061 518 1100 1110111111
555 1061 669 1099 51111111
705 1060 905 1111 misereat,
945 1060 1012 1110 qui
1040 1059 1268 1110 religionem
1299 1060 1568 1109 imprudentes
1596 1068 1827 1110 oppugnant
1855 1060 2055 1111 religionis

109 1116 256 1165 studio,
284 1122 462 1153 naturam
491 1115 723 1153 auctoritate
750 1121 934 1163 naturae,
965 1116 1000 1153 &
1029 1115 1158 1152 Deum
1186 1113 1313 1163 ipsum
1342 1112 1498 1151 diuinae
1527 1113 1765 1152 auctoritatis
1798 1113 1929 1165 specie
1955 1114 2054 1165 ipso-

109 1181 195 1208 rum
223 1170 380 1219 oculos,
410 1169 505 1206 dum
534 1168 585 1206 ad
613 1181 653 1207 se
681 1167 754 1218 ipsi
781 1180 860 1206 non
886 1167 977 1206 satis
1007 1167 1212 1205 attendunt
1241 1166 1566 1216 praestinguente.
1607 1167 1728 1215 Quod
1757 1168 1787 1206 si
1812 1182 1940 1207 meam
1955 1169 2057 1206 hanc

108 1225 300 1273 opellam,
330 1222 439 1262 cuius
468 1222 639 1261 studium
667 1221 706 1260 in
735 1234 798 1259 me
825 1220 1039 1259 concitauit
1067 1222 1194 1270 Deus,
1224 1219 1287 1258 ille
1315 1226 1423 1269 pater
1452 1219 1745 1258 miserationum
1768 1222 1946 1260 &omnis
1963 1234 2063 1260 6011-

109 1276 310 1316 50161101115
339 1283 476 1314 auctor
503 1287 572 1314 sua
596 1273 881 1314 benedictionis
910 1286 1030 1312 manu
1059 1274 1232 1322 direxe(f.
1264 1272 1410 1321 680)rit
1434 1279 1475 1310 vt
1495 1276 1530 1312 δε
1554 1273 1759 1312 veritatem
1780 1274 1820 1313 in
1835 1288 1875 1314 se
1891 1277 2056 1323 habeat,

110 1332 146 1368 ἃ*
186 1330 369 1368 omnibus
410 1330 617 1380 praebeat,
662 1330 697 1367 ἃ
732 1327 849 1366 bonis
883 1329 1021 1366 saltem
1058 1327 1207 1377 aliquot
1231 1333 1411 1364 testatam
1439 1326 1555 1364 faciat
1583 1327 1786 1366 veritatem
1813 1329 1892 1367 hoc
1921 1327 2056 1367 officio

111 1396 223 1433 meo,
252 1383 466 1422 maximum
496 1382 590 1420 mihi
620 1394 763 1432 operae
784 1382 959 1430 precium
990 1381 1126 1419 fecisse
1154 1380 1321 1418 videbor
1349 1392 1418 1430 per
1448 1379 1769 1419 benedictionem
1797 1381 1911 1421 illius.

163 1438 281 1475 Hanc
307 1446 439 1475 autem
467 1435 720 1486 scriptionem
743 1448 872 1473 meam
910 1434 963 1472 ita
992 1441 1142 1473 certum
1171 1441 1229 1472 est
1257 1441 1494 1484 temperare,
1525 1441 1565 1471 vt
1592 1436 1615 1471 a
1645 1434 1732 1472 Deo
1762 1436 1914 1486 omnia,
1943 1438 1966 1474 a
1995 1448 2058 1474 me

109 1489 204 1528 nihil
232 1489 357 1540 (cuius
386 1489 545 1539 quidem
574 1489 755 1527 conscius
784 1501 867 1527 esse
896 1487 1058 1538 possim)
1088 1487 1127 1525 in
1157 1486 1329 1525 medium
1359 1486 1530 1525 afferam.
1569 1487 1823 1538 Quapropter
1852 1488 2057 1527 materiam

108 1544 226 1583 totius
260 1543 450 1582 sermonis
490 1557 536 1581 ex
564 1542 638 1581 Dei
673 1544 796 1581 verbo
840 1542 1145 1592 deprompturus
1187 1552 1293 1590 sum,
1322 1553 1372 1578 ne
1400 1542 1424 1578 a
1453 1541 1578 1578 forma
1605 1541 1778 1580 veritatis
1808 1541 1910 1581 illius
1940 1554 2059 1592 quam

108 1599 215 1636 Deus
248 1596 436 1646 expressit
475 1597 622 1646 verbo,
651 1598 797 1634 temere
826 1595 1055 1633 abscedam:
1095 1594 1391 1633 Tractationem
1422 1596 1516 1633 vero
1547 1593 1704 1633 diuinae
1732 1595 1846 1634 huius
1876 1596 2058 1635 materiae

109 1657 224 1700 atque
252 1649 470 1700 argumenti
497 1649 598 1688 iusto
628 1649 777 1698 ordini,
807 1648 940 1698 quoad
969 1648 1050 1687 eius
1074 1647 1156 1687 fieri
1171 1648 1642 1699 poterit,conformatum
1657 1655 1858 1698 pertexam
1874 1649 2059 1700 breuiter,

109 1703 298 1753 dilucide,
328 1717 374 1742 66
402 1703 655 1753 populariter.

162 1758 322 1796 Summa
349 1756 567 1807 argumenti
596 1769 689 1806 ergo
718 1757 845 1794 futura
874 1763 951 1794 est:
980 1757 1062 1793 Iam
1088 1756 1174 1805 plus
1190 1755 1281 1793 satis
1297 1754 1335 1793 in
1351 1755 1449 1793 orbe
1464 1753 1686 1793 Christiano
1702 1754 1930 1794 dimicatum
1953 1769 2058 1806 esse3

109 1823 246 1861 pacem
275 1811 528 1860 quaerendam
555 1809 771 1848 secundum
801 1811 950 1858 Deum,
979 1808 1278 1859 inueniendam,
1308 1807 1645 1858 amplectendam,
1670 1809 1706 1846 &
1723 1809 1851 1848 modis
1871 1810 2056 1849 omnibus

107 1863 373 1914 retinendam,
409 1870 450 1902 vt
485 1864 633 1901 fructus
669 1863 789 1913 illius,
827 1874 926 1912 quos
962 1863 1070 1900 Deus
1107 1864 1230 1901 verbo
1260 1861 1469 1912 proponit,
1498 1860 1760 1910 amplissimos
1787 1874 2055 1912 assequamur.

108 1918 240 1955 Partes
275 1923 406 1955 autem
444 1916 634 1955 sermonis
673 1916 781 1955 istius
819 1916 920 1954 duae
957 1916 1108 1954 futurae
1145 1923 1256 1954 sunt:
1294 1915 1402 1966 Vna,
1432 1915 1483 1953 de
1512 1914 1634 1952 modo
1665 1915 1792 1965 pacis:
1821 1917 1978 1965 Altera,
2010 1917 2059 1955 de

106 1971 233 2008 fructu
259 1969 372 2008 illius.
414 1970 601 2019 Modum,
629 1982 678 2008 ex
704 1968 833 2008 verbis
863 1968 1027 2008 Dauidis
1055 1969 1154 2007 Psal.
1189 1982 1274 2007 122.
1306 1970 1472 2008 Fructus
1501 1980 1549 2006 ex
1577 1968 1732 2007 Psalmo
1767 1981 1854 2018 133.
1885 1968 2060 2008 eiusdem

108 2023 235 2062 verbis
273 2036 526 2073 exponemus.
567 2025 792 2073 Antequam
832 2025 924 2061 vero
953 2023 1005 2060 ad
1033 2022 1269 2073 singularem
1299 2022 1473 2061 venimus
1502 2020 1700 2071 vtriusque
1729 2022 1806 2060 loci
1836 2022 2062 2072 interpreta-

107 2076 274 2125 tionem,
313 2078 402 2115 cum
439 2083 604 2126 Vtroque
639 2077 679 2115 in
716 2078 872 2114 Psalmo
912 2076 1132 2114 communis
1170 2083 1275 2114 extet
1308 2075 1532 2126 inscriptio,
1573 2073 1622 2112 de
1665 2089 1710 2113 ea
1749 2082 1866 2125 prout
1902 2076 1952 2114 ad
1980 2089 2062 2115 rem

107 2137 351 2180 praesentem
380 2129 535 2180 attinet,
563 2129 678 2168 nobis
707 2129 921 2168 dicendum
950 2137 1018 2168 est.
1047 2128 1254 2179 Inscriptio
1279 2129 1334 2167 sic
1349 2130 1490 2177 habet,
1521 2127 1718 2166 Canticum
1735 2131 2062 2179 eoecellcntiarum,

106 2183 146 2221 id
175 2189 250 2233 est,
280 2182 388 2221 omni
415 2183 644 2222 excellentia
671 2182 925 2232 instructum,
951 2183 1137 2221 Dauidis.
1161 2182 1303 2232 quibus
1329 2182 1457 2221 verbis
1482 2181 1623 2219 modus
1640 2212 1650 2228 ,
1666 2184 1701 2220 δε
1717 2194 1777 2220 165
1799 2194 1899 2231 (11166
1914 2182 2060 2232 agitur,

107 2237 143 2274 &
171 2243 308 2274 auctor
336 2235 588 2286 proponitur:
621 2238 771 2275 Auctor
794 2236 971 2287 quidem,
1000 2237 1173 2274 Dauidis
1201 2236 1382 2274 nomine:
1414 2238 1520 2286 Res,
1552 2236 1886 2274 excellentiarmn:
1914 2236 2059 2275 Modus

110 2292 224 2339 vero,
258 2290 410 2328 Cantici
435 2289 710 2339 appellatione.

162 2343 263 2381 Cum
290 2349 421 2381 autem
449 2343 499 2380 ad
527 2343 667 2382 iustam
697 2342 857 2381 istarum
887 2355 1016 2381 rerum
1044 2341 1337 2392 intelligentiam
1362 2342 1402 2381 id
1419 2342 1589 2392 primum
1604 2340 1702 2380 ratio
1727 2345 1889 2381 naturae
1904 2349 2059 2381 nostrae

110 2397 280 2446 postulet
314 2395 352 2434 in
386 2395 591 2444 docendo,
628 2404 668 2435 vt
695 2396 745 2434 de
774 2398 834 2434 Re
862 2395 946 2446 ipsa
975 2402 1187 2445 antequam
1217 2396 1266 2433 de
1294 2397 1470 2434 Auctore
1501 2402 1567 2433 aut
1596 2395 1722 2433 Modo
1747 2407 2059 2446 cognoscamus,

109 2461 227 2499 quam
262 2462 344 2487 rem
381 2451 691 2488 excellentiarmn
727 2449 887 2488 nomine
925 2448 1092 2488 diximus
1127 2448 1407 2500 dem011strar13
1441 2450 1532 2487 Duo
1561 2448 1624 2486 hic
1656 2448 1771 2486 nobis
1801 2449 2061 2499 expendenda

109 2509 216 2549 sunt,
254 2515 354 2553 quae
390 2501 430 2540 in
471 2503 634 2541 dubium
670 2501 814 2541 adduci
842 2509 1022 2553 possent:
1062 2501 1245 2540 nimirum
1283 2501 1457 2541 Hebraei
1491 2501 1662 2540 nominis
1702 2501 1994 2552 interpretatio,
2025 2504 2061 2540 &

109 2555 285 2594 conditio
326 2554 382 2593 rei
420 2567 520 2605 quae
557 2555 616 2594 his
653 2555 813 2594 Psalmis
849 2555 1067 2606 exponitur.
1106 2555 1264 2593 Nomen
1302 2555 1406 2593 enim
1446 2556 1677 2593 Hebraeum
1706 2554 1884 2605 plerique
1921 2568 2060 2594 omnes

110 2608 410 2658 interpretantur
445 2609 569 2647 varie:
609 2608 684 2658 Alij
721 2609 886 2660 gradus:
924 2608 1000 2657 Alij
1041 2608 1268 2647 adscensus:
1310 2608 1386 2658 Alij
1426 2608 1597 2659 denique
1647 2608 1913 2660 excellentias,
1951 2610 2060 2659 quod

113 2668 356 2711 postremum
385 2662 508 2700 secuti
536 2673 682 2700 sumus.

165 2714 244 2764 Qui
281 2714 423 2766 gradus
460 2714 784 2766 interpretantur,
822 2727 869 2753 ex
907 2713 1143 2753 coniecturis
1171 2714 1207 2752 &
1236 2713 1318 2753 sine
1347 2715 1581 2765 probatione
1610 2720 1737 2765 certa,
1767 2725 1868 2763 quae
1897 2714 2057 2764 quidem

112 2779 160 2805 ex
187 2767 376 2818 scriptura
403 2775 584 2807 constare
610 2767 752 2819 possit,
780 2774 939 2806 narrant
951 2767 1096 2818 gradus
1109 2767 1149 2805 in
1165 2768 1315 2818 templo
1331 2767 1466 2807 fuisse:
1482 2768 1699 2807 seeundum
1713 2778 1813 2819 quos
1832 2769 2059 2806 Leuitarum

1869 2821 2064 2860 Musicam
