2334 3020
273 112 319 146 24
922 111 1194 139 FRANCISCI
1230 113 1370 146 JUNII
1412 113 1537 140 VITA.

268 217 486 255 testimonia
512 216 725 266 perscripta
753 218 803 254 ab
832 216 1007 254 Ecclesia
1034 224 1139 255 certa
1166 218 1400 257 habuissem.
1443 219 1691 269 Quapropter
1718 231 1854 269 saepe,
1883 217 2025 256 omissa
2050 218 2185 267 quauis

271 270 494 309 defensione
532 269 674 319 gentis,
716 280 832 318 quam
874 269 1079 307 audiebam
1119 270 1313 308 interdum
1354 271 1501 321 culpari
1537 271 1802 310 vehementius
1830 271 1912 309 sine
1939 271 2017 308 vllo
2045 271 2184 310 merito

268 335 375 367 meo,
405 328 562 360 coactus
590 333 674 359 sum
701 320 740 358 in
766 323 862 359 haec
888 322 1007 359 verba
1035 333 1236 372 erumpere
1263 325 1586 374 παθητικώτερονε
1617 327 1735 363 »Rem
1757 326 1934 375 profecto
1950 323 2182 362 mirandam!

268 382 415 412 tantum
451 373 620 424 potuisse
658 375 839 411 Satanam
875 373 914 411 in
943 374 1136 413 mentibus
1163 375 1385 425 hominum,
1416 384 1457 413 vt
1483 389 1551 425 per
1577 377 1765 416 insaniam
1792 379 1946 427 Regum
1974 389 2020 413 ac
2049 376 2186 425 princi-

268 438 362 477 pum
389 428 480 465 odia
506 433 585 464 tam
612 439 746 476 aspera
773 426 906 465 indere
933 426 986 464 eis
1013 427 1203 479 potuerit,
1232 439 1336 465 nunc
1363 431 1478 478 vero,
1506 440 1627 478 quum
1655 443 1791 468 omnes
1818 440 2084 467 conuocamur
2111 431 2186 467 vna

267 480 318 517 ad
358 479 557 530 Euangelij
600 479 730 517 salutis
773 479 1125 529 praedicationem,
1162 493 1243 518 non
1267 493 1381 529 posse
1404 487 1555 519 tantum
1586 484 1692 532 apud
1719 496 1791 521 nos
1822 482 1929 520 illum
1957 481 2186 531 sanguinem

269 532 427 580 Christi,
469 532 534 581 qui
574 532 734 569 mundat
774 544 846 569 nos
884 533 934 570 ab
969 532 1075 570 omni
1102 540 1285 583 peccato,
1323 540 1363 570 vt
1389 532 1462 571 ista
1488 533 1579 572 odia
1605 535 1765 586 eximat,
1794 537 1829 573 81
1860 547 1932 573 nos
1959 534 2186 584 compingat

268 584 307 622 in
344 592 514 623 sanctam
550 584 702 633 spiritus
738 584 970 622 vnitateml”
1008 587 1066 622 Ita
1093 586 1394 635 acquiescebant
1422 599 1557 624 omnes
1585 588 1754 626 sermoni
1779 600 1888 639 meo,
1919 587 2188 635 efficiebatque

270 637 482 687 Dominus,
524 643 565 675 vt
603 637 699 674 illud
739 639 883 675 malum
925 638 974 675 de
1015 649 1094 687 quo
1136 638 1231 676 mihi
1263 639 1469 676 constabat
1504 652 1551 677 ex
1578 640 1920 690 significationibus
1948 642 1983 678 δι
2012 639 2187 678 oratione

271 692 501 739 multorum,
536 688 718 738 patientia
753 691 788 727 &
816 690 892 727 fide
926 701 1161 739 superarem.
1201 693 1295 729 Hoc
1323 693 1467 729 malum
1495 692 1664 730 necdum
1691 695 1912 731 confectum
1940 699 2039 743 erat,
2067 704 2187 741 quum

271 743 345 780 alia
373 755 490 780 onera
518 748 808 793 successerunt,
837 754 937 792 quae
965 743 1004 780 in
1033 756 1094 781 me
1122 745 1146 781 a
1174 744 1333 794 collegis
1355 744 1625 784 amantissimis
1640 746 1784 784 Carolo
1799 745 1975 785 Nielio&
1991 747 2188 795 Stephano

271 795 497 844 Mermerio,
536 796 571 832 &
606 796 745 832 horum
779 797 975 844 postulatu
1012 798 1061 834 ab
1100 797 1275 835 Ecclesia
1308 798 1408 847 ipsa,
1443 804 1524 835 tum
1554 800 1576 835 a
1604 798 1774 836 finitimis
1800 810 1956 848 quoque
1983 798 2187 848 Ecclesiis,

270 847 427 896 aliisque
468 848 651 885 deuoluta
685 855 792 885 sunt:
828 860 928 898 quae
962 861 1034 899 ego
1068 855 1151 887 tum
1178 850 1255 888 mei
1283 850 1521 889 conscientia
1547 857 1629 889 tum
1658 851 1932 901 probationum
1959 852 2187 890 anteceden-

269 900 363 938 tium
391 899 660 938 recordatione
688 901 928 952 abnuebam,
957 902 992 939 81
1020 902 1260 953 refugiebam
1284 902 1592 954 diligentissime:
1622 905 1691 943 sed
1718 904 1809 943 vicit
1829 915 2013 942 numerus
2036 910 2186 942 senten-

268 952 421 1003 tiarum,
450 952 517 1001 qui
544 966 606 990 me
632 953 832 991 laboribus
860 953 904 992 iis
935 954 1210 1005 scripturarum
1237 958 1273 994 &
1300 956 1599 1006 responsionum
1627 956 1891 996 faciendarum
1918 957 2137 1007 damnauit,
2165 959 2187 994 ὲι

268 1005 408 1054 quibus
435 1008 523 1043 ante
552 1013 775 1044 excusatum
803 1007 1002 1045 habuerat.
1046 1009 1263 1058 Septembri
1291 1022 1425 1048 mense
1439 1010 1602 1048 accessit
1616 1016 1837 1060 temporum
1851 1009 2050 1060 iniquitas,
2067 1021 2188 1059 quum

269 1058 436 1096 aduentu
458 1057 663 1096 Lusitanae
684 1058 784 1097 illius
813 1072 978 1109 sponsae
1007 1073 1172 1111 magnus
1201 1062 1478 1112 Inquisitorum
1505 1074 1687 1102 numerus
1714 1065 1764 1102 ab
1779 1062 1988 1114 Hispania,
2016 1062 2189 1111 &diplo-

269 1118 371 1149 mata
407 1111 573 1161 Philippi
599 1111 717 1161 Regis
745 1112 794 1150 de
822 1112 1053 1151 stabilienda
1080 1114 1346 1165 ἀπαραιτήτως
1373 1115 1413 1153 in
1441 1116 1576 1166 Belgio
1605 1115 1859 1165 Inquisitione
1887 1115 1999 1153 simul
2027 1115 2191 1152 aduecta

271 1171 416 1202 essent:
453 1176 531 1213 quo
568 1165 670 1202 facto
705 1165 893 1203 commoti
929 1167 1267 1205 vehementissime
1305 1170 1340 1206 &
1368 1169 1559 1207 vulnerati
1586 1170 1740 1208 fuerunt
1767 1167 1887 1207 animi
1914 1168 2109 1218 omnium,
2139 1168 2189 1205 ad

271 1217 515 1254 securitatem
557 1228 665 1254 suam
703 1217 997 1268 libertatemque
1038 1221 1088 1258 ab
1127 1219 1390 1269 Inquisitionis
1419 1221 1510 1272 iugo
1538 1221 1870 1260 contendentium.
1908 1222 2012 1259 Ante
2040 1219 2189 1259 omneis

269 1272 362 1307 vero
390 1282 436 1307 ex
464 1269 675 1308 Nobilitate
703 1271 858 1320 pauculi
885 1272 935 1310 de
964 1283 1080 1311 causa
1107 1272 1303 1323 religionis
1332 1275 1368 1311 &
1394 1275 1503 1313 bono
1530 1275 1689 1325 publico
1718 1274 1875 1313 solliciti
1900 1274 2004 1312 diem
2028 1273 2126 1311 inter
2149 1285 2190 1311 se

269 1321 466 1372 dixerunt,
506 1334 582 1372 qua
620 1324 824 1362 consilium
865 1337 1074 1363 commune
1113 1325 1163 1363 de
1203 1339 1244 1364 re
1278 1333 1361 1365 tota
1388 1328 1537 1377 capturi
1565 1335 1702 1366 essent.
1742 1327 1830 1366 Fuit
1857 1334 1986 1365 autem
2018 1326 2100 1364 dies
2126 1325 2190 1363 illa

270 1374 435 1413 Octobri
467 1374 645 1426 ineunte,
682 1388 757 1426 qua
799 1376 861 1415 die
901 1377 1119 1416 Parmensis
1159 1378 1346 1430 Principis
1387 1381 1545 1430 nuptiae
1586 1393 1675 1419 curn
1715 1380 1899 1419 Lusitana
1932 1380 2189 1418 celebrandae

269 1434 390 1465 erant.
417 1428 481 1465 Ad
507 1428 612 1466 illam
638 1429 761 1478 ipsam
789 1430 893 1468 diem
920 1432 1118 1470 Bruxellas
1146 1443 1269 1470 vocor
1295 1433 1530 1483 Antuerpia:
1567 1433 1607 1471 in
1635 1440 1873 1472 conuentum
1902 1431 2017 1470 venio
2045 1431 2189 1481 perexi-

267 1491 404 1530 guum,
432 1480 499 1519 vbi
524 1481 660 1531 viginti
687 1483 737 1520 ad
771 1494 965 1521 summum
998 1483 1144 1522 nobilia
1171 1484 1316 1534 capita:
1346 1487 1578 1524 concionem
1607 1488 1733 1525 habeo
1761 1487 1796 1524 &
1825 1485 2006 1535 concipio
2034 1497 2187 1534 preces:

267 1545 327 1571 res
363 1535 386 1570 a
419 1533 640 1582 precatione
665 1534 705 1572 in
734 1536 939 1574 consilium
968 1536 1146 1575 mittitur:
1176 1538 1225 1575 de
1253 1539 1449 1577 federibus
1475 1539 1583 1577 domi
1609 1541 1777 1589 forisque
1805 1538 2024 1577 decernitur
2051 1544 2188 1575 contra

270 1585 479 1623 violentam
529 1587 640 1625 istam
689 1594 803 1637 atque
842 1589 1087 1627 barbaricam
1128 1589 1391 1639 Inquisitionis
1431 1592 1676 1641 tyrannidem
1719 1591 1919 1641 ineundiS,
1962 1596 2112 1629 tacente
2152 1591 2187 1626 δι

269 1638 448 1676 audiente
487 1652 562 1677 me.
604 1642 716 1678 Haec
756 1641 796 1679 in
828 1642 990 1681 aedibus
1023 1643 1345 1694 Cullemburgicis
1374 1645 1424 1683 ad
1452 1646 1580 1683 forum
1608 1645 1811 1695 equarium
1838 1643 2025 1682 Bruxellis
2051 1649 2188 1681 contra

268 1690 560 1740 Inquisitionem
588 1692 755 1742 primum
782 1695 1036 1734 fundamenta
1061 1696 1181 1747 iacta,
1209 1703 1367 1746 propter
1401 1709 1501 1747 quae
1527 1705 1618 1748 post
1645 1698 1845 1737 biennium
1873 1695 2037 1735 truncati
2064 1695 2189 1745 capite

269 1745 421 1781 fuerunt
460 1745 538 1783 duo
579 1747 712 1784 fratres
736 1747 844 1797 Cokij
875 1747 1026 1786 nobiles
1059 1747 1152 1799 viri,
1189 1749 1256 1798 qui
1282 1749 1506 1789 incolebant
1534 1751 1718 1800 domum,
1747 1757 1829 1789 tota
1856 1750 1995 1788 domus
2024 1755 2190 1798 aequata

268 1798 373 1846 5010,
400 1798 435 1834 81
463 1810 552 1836 3103
579 1798 659 1837 01115
688 1801 765 1838 5310
793 1812 883 1838 cum
911 1801 1003 1839 diris
1031 1801 1361 1841 exsecrationibus
1385 1817 1595 1853 conspersa
1614 1805 1663 1842 ad
1678 1803 1798 1842 Ducis
1812 1802 1956 1841 Albani
1970 1801 2189 1852 imperium.

267 1850 360 1887 Post
399 1849 568 1888 triduum
605 1852 745 1890 reuerti
771 1854 1044 1905 Antuerpiam,
1074 1867 1137 1892 me
1167 1855 1588 1895 communicationibus
1615 1857 1687 1895 illis
1715 1857 1943 1895 defunctum
1970 1856 2187 1905 gratulans,

268 1901 307 1939 in
349 1913 444 1951 quas
474 1903 624 1941 nescius
661 1905 904 1944 deueneram.
947 1907 1024 1945 Sed
1059 1919 1105 1945 ex
1133 1920 1180 1945 eo
1207 1914 1384 1958 tempore
1410 1911 1527 1960 longe
1554 1911 1721 1959 majores
1748 1921 1862 1947 curae
1889 1907 2100 1958 fugientem
2127 1919 2189 1944 me

270 1963 555 2003 oppresserunt.
583 1958 682 1994 Nam
707 1958 742 1995 δι
765 1959 908 1998 multae
921 1961 972 1998 ad
986 1959 1203 1998 Ecclesiam
1217 1961 1349 2000 literae
1363 1968 1480 2012 atque
1494 1962 1611 2001 etiam
1626 1962 1676 2000 ad
1689 1975 1751 2000 me
1768 1962 2040 2000 adferebantur
2054 1959 2094 1997 in
2107 1960 2189 1997 dies

268 2006 459 2057 singulos,
488 2009 522 2046 &
551 2016 701 2058 praeter
727 2024 912 2061 responsa
938 2013 1149 2062 prodibant
1175 2015 1198 2050 a
1226 2027 1288 2052 me
1311 2015 1609 2064 perscriptiones
1632 2016 1794 2066 multae,
1815 2021 1931 2064 prout
1952 2026 1998 2051 ex
2017 2024 2088 2052 vsu
2105 2024 2188 2050 esse

268 2058 489 2110 videbatur,
531 2073 694 2110 quarum
731 2064 1055 2114 perscriptionum
1092 2078 1165 2116 ego
1202 2068 1307 2105 solus
1334 2069 1563 2118 plerumque
1591 2068 1770 2106 conscius
1801 2070 1907 2116 (nam
1935 2073 2044 2104 erant
2072 2075 2188 2103 manu

268 2114 370 2159 mea)
408 2113 443 2149 δι
469 2114 564 2152 alter
590 2127 743 2153 mecum
769 2118 1056 2167 Antuerpianus
1083 2118 1200 2169 ciuis,
1235 2121 1394 2158 nomine
1422 2118 1589 2158 Ioannes
1616 2121 1666 2158 de
1694 2120 1873 2170 Lalbois,
1902 2119 1969 2168 qui
1996 2119 2189 2156 Trelonus

267 2165 317 2202 ab
351 2164 499 2214 origine
536 2167 736 2206 dicebatur
761 2171 900 2221 vulgo,
930 2170 1037 2209 cuius
1064 2170 1136 2209 viri
1163 2171 1302 2221 optimi
1331 2173 1448 2211 fidem
1475 2173 1515 2210 in
1543 2176 1660 2223 quam
1688 2172 1861 2223 plurimis
1889 2173 1926 2210 Sc
1953 2169 2188 2221 grauissimis

266 2218 380 2276 rebus
416 2226 594 2267 expertus
621 2232 716 2258 sum.
757 2223 802 2259 In
830 2223 1156 2273 perscriptionum
1185 2225 1343 2263 istarum
1370 2238 1532 2264 numero
1560 2227 1714 2264 fuerunt
1741 2226 1889 2275 aliquot
1916 2224 2064 2263 monita
2090 2222 2187 2273 poli-

268 2277 361 2320 t1ca,
400 2271 612 2309 rationibus
640 2274 818 2312 humanis
847 2276 882 2312 &
911 2276 1098 2326 exemplis
1125 2278 1175 2314 ab
1204 2277 1365 2316 historia
1392 2278 1552 2328 sumptis
1582 2280 1832 2329 confirmata,
1861 2289 1961 2328 quae
1988 2276 2187 2315 Bruxellas

266 2323 486 2360 transmissa
513 2326 743 2364 curabamus
770 2326 808 2364 in
836 2327 992 2366 Curiam
1027 2330 1062 2366 &
1090 2340 1285 2367 summum
1313 2331 1518 2369 consilium
1549 2333 1767 2370 clanculum
1795 2330 1951 2380 subiici,
1979 2336 2020 2368 vt
2045 2327 2187 2366 Princi-

268 2387 336 2433 pes
360 2376 401 2425 (f.
431 2379 504 2425 15.)
528 2376 594 2425 qui
621 2377 659 2414 in
684 2379 857 2418 Consilio
886 2388 1011 2431 erant,
1034 2383 1083 2419 de
1108 2383 1221 2420 rebus
1243 2384 1294 2421 ad
1317 2396 1456 2433 pacem
1471 2384 1834 2434 &tranquillitatem
1850 2383 2000 2433 reipub.
2015 2387 2188 2431 spectan-

266 2428 368 2464 tibus
408 2429 642 2479 cogitarent,
680 2432 828 2469 sublata
856 2433 1074 2472 animorum
1103 2435 1138 2471 ‹Sz
1167 2435 1491 2475 conscientiarum
1519 2436 1864 2487 peruestigatione,
1901 2447 1978 2485 qua
2005 2433 2187 2482 tranquil-

267 2479 351 2517 litas
388 2481 543 2530 publica
577 2482 749 2521 funditus
783 2485 975 2523 euertitur.
1018 2488 1243 2525 Probabant
1279 2502 1415 2527 omnes
1453 2501 1720 2540 summopere,
1757 2491 1792 2528 &
1820 2489 2085 2526 afficiebantur
2113 2488 2188 2524 hoc

269 2532 499 2581 scriptorum
526 2547 686 2584 genere:
716 2538 751 2573 &
778 2536 842 2574 1110
868 2537 950 2586 ipse
979 2550 1095 2588 quem
1122 2542 1211 2577 ante
1239 2540 1335 2591 dixi,
1364 2542 1509 2580 Comes
1538 2543 1807 2592 Egmontanus
1835 2542 2039 2591 laudabat,
2061 2540 2188 2577 donec

268 2598 348 2635 me,
388 2585 429 2644 id
471 2593 549 2636 est,
590 2588 748 2625 Gallum
788 2596 987 2628 auctorem
1025 2604 1106 2629 esse
1148 2593 1409 2642 cognouisset.
1452 2595 1542 2643 Qua
1581 2602 1742 2644 propter
1769 2607 1884 2643 saepe
1911 2596 1934 2631 a
1960 2592 2189 2642 Magistratu

268 2644 479 2688 quaesltus,
521 2651 635 2689 saepe
672 2640 801 2679 edicto
838 2644 1052 2691 appellatus
1081 2655 1186 2693 sum,
1220 2658 1334 2696 saepe
1362 2646 1565 2695 praeconis
1593 2660 1691 2685 voce
1720 2646 2031 2686 denuntiationes
2057 2645 2095 2682 in
2126 2655 2187 2680 me

268 2691 504 2748 Antuerpiae
544 2705 616 2741 pro
658 2693 775 2730 Curia
815 2695 955 2745 factae,
993 2709 1108 2745 saepe
1151 2705 1279 2735 creata
1316 2699 1505 2747 pericula,
1542 2702 1565 2737 a
1593 2700 1732 2748 quibus
1759 2713 1821 2738 me
1848 2700 1932 2737 sola
1958 2697 2033 2735 Dei
2059 2695 2185 2746 proui-

269 2742 418 2793 denna,
448 2754 538 2781 suos
567 2744 712 2793 optime
741 2758 786 2783 ac
814 2747 1034 2785 fidelissime
1062 2759 1222 2799 curans,
1253 2750 1488 2789 vindicabat.
1516 2753 1747 2789 Mandatum
1776 2751 1979 2799 aliquoties
2006 2748 2187 2787 audiente

2106 2812 2186 2846 me,
