2334 3020
807 105 1022 130 THRSES
1065 104 1494 133 THEOLOGICAF..
2047 115 2116 151 293

171 224 229 260 27.
268 225 358 250 nam
387 211 523 261 reliqui
547 210 634 249 libri
662 214 685 249 a
716 211 914 261 Prophetis
941 224 990 249 eo
1020 213 1173 250 fuerunt
1202 213 1433 264 conscripti,
1469 222 1505 251 vt
1534 223 1728 252 exstarent
1758 215 2104 267 interp-:tamenta

169 268 202 304 &
232 264 585 303 demonstrationes
614 264 743 314 Legis.

224 329 284 368 25.
339 318 518 356 Secunda
547 324 624 364 est,
653 317 742 356 treis
771 330 853 355 esse
883 317 982 355 illius
1011 325 1157 368 partes,
1187 320 1355 369 Legem,
1386 321 1621 370 Prophetas,
1651 322 1686 358 ἃ
1715 323 1907 361 Psalmos:
1942 326 2033 362 Luc.
2055 339 2115 372 24.

170 385 229 418 44.
261 370 299 409 id
327 378 406 420 est,
437 372 716 420 Prophetarum
745 370 860 420 Legis
891 370 1144 421 interpretum
1174 373 1254 410 duo
1284 386 1367 412 ess-e
1396 385 1559 423 genera,
1592 386 1710 412 vnum
1739 387 1875 414 eorum
1904 377 1969 426 qui
1986 380 2112 417 soluta

169 424 344 462 oratione
374 424 612 462 tradiderunt
638 423 753 474 Legis
781 423 1105 475 declarationem3
1136 426 1298 464 alterum
1330 439 1463 464 eorum
1494 427 1560 476 qui
1585 439 1655 465 suo
1681 430 1863 476 exemplo
1888 430 2110 470 docuerunt

167 477 468 528 applicationem
505 476 625 527 illius,
663 479 698 515 δι
727 477 902 515 oratione
930 489 1137 516 numerosa
1166 479 1326 528 perinde
1356 493 1441 518 eam
1471 480 1714 519 tradiderunt
1745 494 1791 519 ac
1820 482 1849 520 si
1879 482 1916 520 in
1947 496 1990 522 os
2020 484 2115 522 indi-

170 531 316 569 dissent
345 529 535 570 omnium.

226 585 284 621 26.
341 582 474 621 Tertia
516 590 589 631 est,
632 591 798 633 quatuor
835 596 919 622 esse
957 583 1056 622 illius
1085 593 1232 635 partes,
1261 588 1430 636 Legem,
1462 588 1676 636 Prophetas
1703 587 1873 639 priores,
1904 591 2118 640 Prophetas

168 636 419 686 posterioreS,
458 638 493 675 δε
522 637 716 674 Psalmos:
747 637 786 675 id
815 645 891 686 est,
921 650 987 675 eos
1015 639 1230 686 Prophetas
1259 640 1324 689 qui
1353 640 1590 690 scripserunt
1620 641 1798 679 oratione
1828 655 1964 692 prossa
1995 644 2115 682 ‹lufim

165 703 248 728 esse
277 701 484 739 generum,
514 703 605 727 nam
631 690 727 728 alios
757 703 816 728 res
845 698 974 740 gestas
1002 691 1296 742 conscripsisse,
1326 693 1422 731 alios
1450 694 1597 732 futuras
1614 694 1872 744 praedixisse:
1891 697 1939 734 de
1960 705 2117 736 caetero

164 743 254 780 huic
284 742 465 781 diuisioni
493 754 584 780 cum
613 744 867 782 antecedente
896 743 1095 782 conuenit.

226 808 284 844 27.
342 797 533 845 Quartam
561 796 695 834 Iudaei
723 796 952 835 inuexerunt
980 799 1003 834 a
1031 804 1211 847 tempore
1239 811 1319 848 quo
1344 806 1409 838 aut
1424 799 1554 849 scripti
1570 802 1723 839 fuerunt
1739 801 1926 851 libri,aut
1941 804 2115 853 collecti,

165 858 230 887 aut
271 850 450 898 perfecti,
489 851 524 888 δε
562 849 614 887 ita
650 850 688 887 in
717 851 900 889 thesauro
929 851 1129 888 Ecclesiae
1159 852 1252 889 olim
1282 852 1460 902 depositi.
1492 854 1643 904 Nempe
1674 862 1844 904 quatuor
1872 868 1957 894 esse
1987 865 2113 906 partes

166 902 304 940 veteris
347 903 609 953 Testamenti,
652 904 800 953 Legem
842 906 865 941 a
908 905 1020 942 Mose
1063 904 1269 955 scriptam,
1314 906 1527 955 Prophetas
1566 907 1716 956 priores
1746 908 1837 947 inde
1866 911 1889 946 a
1919 911 2033 947 Mose
2063 911 2112 948 ad

164 955 476 1005 deportationem
522 968 661 1006 Vsque,
706 958 920 1005 Prophetas
960 956 1196 1007 posteriores
1242 958 1332 996 inde
1373 961 1396 996 a
1438 960 1679 1009 temporibus
1718 962 1837 1000 ferme
1867 962 2032 1011 Huzijae
2063 965 2113 1002 ad

163 1008 534 1059 redintegrationem
570 1022 690 1060 vsque
728 1009 882 1060 templi,
912 1012 947 1049 &
976 1013 1020 1047 τά
1052 1011 1289 1062 ἁγιόγραφα,
1319 1011 1441 1050 libros
1470 1014 1493 1050 a
1522 1013 1796 1063 deportatione
1825 1016 1875 1053 ad
1904 1017 2115 1056 Macbaeo-

162 1074 248 1100 rum
278 1074 398 1113 vsque
427 1070 605 1112 tempora
634 1063 891 1113 compositos.

219 1117 279 1154 28.
337 1115 419 1155 Etsi
461 1117 535 1154 hae
571 1123 700 1166 partes
738 1115 1026 1165 synecdochice
1061 1115 1114 1153 ita
1147 1118 1415 1166 appellantur:
1445 1119 1534 1156 cum
1566 1131 1691 1169 neque
1721 1127 1965 1170 postremum
1995 1131 2114 1172 caput

163 1168 279 1218 Legis
319 1172 343 1207 a
384 1171 520 1218 Mose,
557 1181 685 1219 neque
724 1176 894 1208 extrema
925 1171 1047 1208 verba
1082 1182 1115 1207 2.
1145 1170 1298 1220 Regum
1328 1173 1378 1210 ab
1408 1172 1550 1210 eodem
1579 1181 1715 1212 autore
1745 1173 1843 1223 sint,
1872 1188 1999 1225 neque
2028 1176 2115 1214 libri

161 1221 283 1272 Ijobi,
313 1224 375 1261 vel
408 1222 562 1261 Iudaeis
594 1223 686 1273 ipsis
715 1223 898 1270 testibus,
927 1223 976 1261 ad
1006 1222 1224 1272 posteriora
1254 1223 1318 1262 illa
1347 1227 1382 1263 &
1412 1236 1517 1263 noua
1546 1233 1724 1276 tempora
1752 1227 1885 1266 referri
1914 1229 2049 1278 possit.

217 1289 276 1324 29.
334 1276 481 1325 Quinta
510 1275 649 1315 diuisio
676 1284 733 1315 est
762 1275 1119 1326 peruulgatissima,
1148 1277 1171 1313 a
1200 1276 1443 1328 singulorum
1471 1278 1662 1317 librorum
1685 1281 2114 1332 enumeratione,quae

163 1329 339 1367 omnium
370 1341 564 1368 consensu
593 1336 651 1367 est
679 1330 842 1378 eadem,
872 1329 1051 1378 quamuis
1080 1328 1218 1368 ordine
1248 1331 1442 1370 dissimili:
1474 1332 1504 1370 si
1534 1346 1602 1372 eos
1631 1334 1831 1383 exceperis
1861 1334 1928 1384 qui
1945 1336 2111 1385 Concilij

163 1381 274 1419 vnius
303 1381 485 1421 Toletani
514 1382 590 1420 fide
616 1384 880 1433 Apocryphos
909 1382 946 1420 in
977 1383 1201 1432 catalogum
1231 1385 1544 1423 authenticorum
1574 1387 1657 1425 ausi
1685 1394 1773 1425 sunt
1803 1387 2025 1427 inscribere.

214 1449 280 1484 30.
336 1436 441 1474 Noui
483 1436 725 1474 Testamenti
766 1435 905 1474 diuisio
943 1449 1023 1474 non
1061 1435 1224 1485 perinde
1258 1437 1401 1477 variat:
1432 1439 1502 1477 Est
1532 1439 1635 1478 enim
1666 1441 1833 1492 duplex,
1863 1449 1928 1479 aut
1957 1442 2116 1493 triplex,

162 1497 228 1526 aut
257 1488 294 1527 in
327 1489 511 1539 singulari
540 1489 709 1539 partium
740 1489 1033 1528 enumeratione
1062 1489 1201 1539 posita.

213 1555 276 1591 31.
331 1544 444 1580 Duae
479 1550 568 1580 sunt
597 1550 725 1593 partes
754 1542 859 1581 Noui
888 1541 1126 1582 testamenti:
1155 1557 1233 1582 vna
1263 1547 1440 1596 igneauq',
1470 1547 1706 1597 Euangelia,
1742 1549 1865 1598 Acta,
1895 1550 1931 1587 &
1960 1551 2113 1599 Apoca-

161 1596 286 1644 lypsin
317 1595 545 1647 continens,
576 1599 839 1648 αἱτιολογική,
870 1596 1064 1646 Epistolas
1095 1604 1319 1636 sanctorum
1352 1600 1652 1648 Apostolorum.

213 1661 276 1696 32.
332 1651 431 1688 Tres
471 1652 565 1688 vero
603 1655 732 1699 partes
765 1655 1003 1696 statuuntur,
1044 1649 1073 1688 si
1113 1651 1156 1688 τὸ
1186 1652 1423 1701 προφητικὸν
1452 1652 1548 1691 illud
1576 1653 1615 1692 in
1647 1655 1887 1704 Apocalypsi
1915 1655 2114 1694 scribendi

159 1714 281 1751 genus
323 1704 374 1741 ab
412 1702 599 1741 historico
639 1701 878 1754 distinxeris,
916 1703 1046 1753 itaque
1085 1703 1254 1753 primum
1291 1704 1521 1744 historicum
1562 1710 1618 1756 (vt
1647 1707 1684 1745 in
1716 1707 1893 1758 proxima
1923 1709 2113 1747 diuisione

158 1756 393 1806 appellatur)
422 1755 619 1806 posueris,
649 1757 866 1794 secundum
895 1757 1196 1806 Propheticum,
1226 1758 1260 1794 &
1289 1758 1445 1797 tertium
1477 1762 1739 1812 αἰτιολογικόν

210 1822 273 1858 33.
329 1811 390 1848 De
423 1809 662 1859 singularum
690 1813 783 1848 vero
814 1810 980 1859 partium
1013 1810 1307 1849 enumeratione
1337 1812 1435 1850 inter
1463 1826 1600 1851 omnes
1629 1815 1833 1853 conuenit:
1860 1829 1948 1853 nam
1975 1828 2111 1854 eorum

153 1862 224 1911 qui
252 1862 511 1913 Euangelium
541 1864 739 1910 Thomae,
771 1863 1005 1913 Nicodemi,
1037 1864 1350 1915 Nazaraeorum,
1380 1868 1451 1905 διε.
1481 1865 1744 1919 epistolasque
1772 1870 1912 1908 nothas
1928 1870 2113 1909 adiunxe-

155 1922 262 1965 runt,
292 1915 482 1954 sententia
509 1916 586 1954 iam
618 1916 713 1954 olim
743 1918 907 1967 explosa
937 1923 1007 1955 est.

539 2242 626 2279 DE
664 2243 908 2282 FORMA
952 2246 1380 2285 SCRIPTVRAE
1422 2249 1713 2288 SACRAE.

984 2382 1198 2420 THESIs
1237 2384 1266 2421 I.

205 2494 488 2532 AMPLlsstMAE
516 2494 570 2533 illi
600 2497 943 2548 sanctissimaeque
973 2501 1178 2551 materiae,
1208 2515 1326 2551 quam
1355 2503 1392 2540 in
1425 2503 1625 2554 Scriptura
1649 2518 1758 2543 sacra
1773 2507 1889 2544 nobis
1905 2506 2108 2555 exposuit,

153 2547 366 2604 respondet
403 2547 595 2600 ἀναλόγως
631 2551 776 2601 forma,
807 2565 926 2602 quam
956 2554 1082 2592 eidem
1113 2555 1334 2604 Scripturae
1364 2556 1556 2606 impressit
1585 2559 1693 2596 Deus
1723 2560 1771 2596 ad
1802 2559 1968 2609 gloriam
1998 2572 2107 2597 suam

152 2599 186 2635 δι
216 2600 422 2638 vtllltatem
452 2608 638 2641 nostram.

211 2666 246 2712 ².·
302 2654 371 2691 Est
414 2653 517 2691 enirn
551 2655 696 2704 forma
739 2657 839 2696 illius
884 2661 941 2708 (vt
983 2673 1060 2698 vno
1105 2661 1226 2700 verbo
1266 2663 1460 2713 dicamus)
1489 2662 1622 2701 diuina
1650 2666 1787 2715 plane3
1816 2667 1907 2717 quia
1936 2665 2109 2706 diuinam

155 2712 355 2764 ventatem
386 2718 494 2765 suam
523 2708 657 2747 diuino
688 2712 830 2757 modo,
860 2726 905 2750 ac
935 2726 1014 2751 non
1045 2714 1218 2753 humano
1249 2716 1437 2766 expressit
1464 2718 1584 2755 Deus.

212 2772 248 2807 3.
306 2760 490 2798 Diuinam
534 2761 634 2800 hanc
671 2764 883 2814 scripturae
921 2767 1089 2804 formam
1119 2768 1295 2807 Christus
1325 2770 1507 2808 Veritatis
1536 2772 1696 2809 nomine
1723 2774 1956 2823 appellauit,
1985 2786 2105 2824 quum

1945 2828 2099 2865 Patrem
