2334 3020
278 120 355 168 236
896 123 1111 151 russas
1150 120 1584 151 THEOLOGICAE.

272 236 303 274 si
330 234 529 284 qualitates
557 234 744 269 coelestes
772 232 807 268 δε
836 229 1026 280 spiritales
1053 228 1271 279 exceperis,
1300 242 1377 279 qua
1405 243 1478 268 nec
1506 243 1576 280 per
1604 244 1663 280 se⁷
1692 243 1765 267 nec
1794 243 1863 280 per
1890 229 2007 268 alium
2035 244 2103 268 eos
2143 231 2210 281 qui

273 290 311 326 in
340 287 447 325 terris
477 282 678 323 versantur
705 285 848 322 habere
876 289 1120 333 praesentes,
1147 282 1299 331 audire,
1329 282 1506 321 conscire
1533 290 1598 321 aut
1626 282 1718 321 velit
1740 291 1806 320 aut
1834 282 1957 331 possit
1987 296 2125 322 omnes
2146 292 2213 322 aut

274 342 414 378 multos
443 338 576 387 simul,
605 336 787 375 omnibus
814 343 879 374 aut
908 336 1037 374 multis
1064 335 1180 385 locis,
1209 341 1318 373 tanto
1346 335 1570 386 interuallo,
1599 349 1677 374 vno
1694 336 1875 385 eode'mq.
1892 341 2086 386 tempore:
2103 338 2212 386 quod

274 405 386 443 posse
416 391 591 429 diuinum
620 396 693 439 est„
722 390 904 428 affectare
933 387 1186 427 diabolicum.
1215 389 1359 426 Nostra
1388 392 1480 427 vero
1509 396 1646 427 natura
1674 390 1918 438 quantopere
1943 388 1991 426 sit
2022 389 2081 428 his
2096 392 2211 428 rebus

273 446 455 484 omnibus
483 444 634 493 inepta,
662 455 781 481 nemo
809 442 959 481 ratione
988 441 1184 492 praeditus
1208 441 1378 491 ignorat:
1410 443 1499 479 cum
1528 455 1602 480 nec
1631 441 1981 492 praesentem‚nisi
1998 443 2213 481 secundum

275 510 436 548 corpus,
465 497 566 535 iusto
595 495 799 534 interuallo
829 496 961 534 videre
988 497 1051 533 vel
1078 494 1212 533 audire
1242 494 1449 543 possimus:
1478 507 1551 533 nec
1579 495 1675 533 alios
1690 494 1869 533 homines
1886 501 2039 544 praeter
2054 503 2214 536 naturae

276 551 439 590 modum
482 548 665 588 conscios
693 551 819 587 facere
847 548 1057 586 voluntatis
1086 554 1152 586 aut
1179 546 1457 597 expectationis
1485 554 1662 596 nostrae7
1692 549 1973 596 voluntatemq.
2003 562 2049 586 ac
2078 557 2214 598 poten-

275 605 368 643 tiam
410 614 545 641 eorum
572 603 769 640 aduocare
797 601 957 653 vtiliter3
983 601 1054 640 sed
1081 600 1132 638 ad
1160 602 1280 639 breue
1309 601 1457 651 solum,
1486 603 1521 639 δι
1547 601 1813 651 singulariter,
1843 604 1877 639 δι
1906 601 2007 639 iusto
2036 603 2216 641 locorum

274 658 501 703 interuallo7
529 656 564 693 δι
592 655 693 694 iusto
723 662 922 704 tempore:
953 654 1123 704 denique
1150 654 1373 692 naturaliter
1401 653 1554 703 omnia,
1584 655 1619 691 δι
1647 667 1720 704 pro
1736 654 1856 692 modo
1871 660 2033 693 naturae
2049 662 2220 695 nostrae.

333 724 389 749 10.
445 710 557 758 Quae
586 710 675 746 cum
702 707 756 746 ita
783 707 880 758 sint„
909 720 990 746 non
1020 713 1150 758 potest
1172 706 1344 757 legitima
1372 705 1451 744 dici
1478 714 1544 745 aut
1572 707 1723 745 censeri
1751 708 1828 745 vlla
1856 718 1992 745 eorum
2009 708 2216 747 hominum

273 762 491 812 inuocatio7
524 761 589 811 qui
631 762 796 799 Sanctos
825 761 1004 799 homines
1033 762 1123 799 vere
1151 760 1191 798 in
1218 761 1338 799 coelis
1365 766 1546 809 agentes7
1576 766 1641 798 aut
1669 771 1887 810 quoscunq.
1917 759 1956 798 in
1985 760 2105 799 coelis
2134 775 2218 800 ver-

273 816 348 855 sari
374 822 531 866 putant,
561 814 601 851 in
629 826 719 852 eum
744 815 908 852 modum
935 813 1141 863 inuocant,
1167 820 1209 851 vt
1236 819 1301 850 aut
1316 813 1492 862 proprias
1507 812 1591 851 illas
1610 812 1684 851 Dei
1700 813 2086 863 operationes,quae
2102 826 2216 865 supra

274 877 453 907 naturam
493 868 706 905 humanam
745 873 858 917 sunt,
899 866 1125 905 hominibus
1168 865 1247 904 vita
1288 865 1446 914 functis„
1477 866 1587 915 quasi
1615 866 1721 913 deis‚
1745 873 1811 904 aut
1840 867 2057 905 secundum
2085 868 2216 906 Deum

273 923 462 972 tribuant,
491 928 556 959 aut
583 921 622 959 in
646 928 736 958 actu
765 919 1024 959 inuocationis
1053 926 1192 958 contra
1219 925 1380 957 naturae
1409 920 1574 958 modum
1597 919 1798 969 adfingant
1827 919 2057 969 quicquam,
2087 927 2152 958 aut
2173 934 2218 959 ea

277 975 462 1025 opinione
492 974 599 1012 ducti
624 973 801 1024 religiose
830 980 1119 1023 prosequantur
1147 984 1386 1022 quocunque
1422 973 1565 1022 gradu:
1596 972 1686 1022 quia
1714 973 1858 1022 gradus
1888 974 2014 1011 cultus
2043 975 2079 1011 δι
2108 973 2217 1012 inuo·

276 1028 440 1067 cationis
479 1039 527 1065 ex
568 1027 691 1077 gradu
734 1038 868 1065 sensus
905 1026 1073 1065 maxime
1114 1025 1357 1077 aestimatur3
1395 1026 1459 1064 hic
1487 1032 1618 1064 autem
1647 1037 1780 1064 sensus
1808 1032 1913 1064 totus
1942 1027 1964 1063 a
1995 1025 2153 1065 veritate
2182 1029 2217 1066 &

277 1082 421 1132 pietate
463 1081 572 1119 abest
608 1079 850 1130 longissime,
888 1085 1015 1129 eoque
1042 1092 1116 1118 nec
1143 1080 1268 1118 cultus
1297 1078 1419 1129 magis
1440 1091 1488 1117 ex
1516 1079 1676 1118 veritate
1703 1079 1738 1116 δι
1767 1078 1909 1128 pietate
1938 1092 2021 1117 esse
2049 1080 2072 1117 a
2102 1079 2217 1118 nobis

277 1133 425 1173 censeri
453 1133 583 1173 debet.
611 1135 651 1182 (f.
687 1135 816 1183 1706.)

336 1199 395 1225 11.
450 1186 530 1224 Hic
558 1188 651 1225 vero
680 1185 988 1225 succenturiatur
1015 1187 1065 1225 ab
1094 1185 1138 1224 iis
1167 1185 1233 1235 qui
1260 1184 1500 1224 inuocationi
1529 1186 1763 1224 Sanctorum
1792 1184 2091 1235 patrocinantur
2118 1185 2216 1224 ratio

284 1240 509 1290 multiplex„
551 1246 592 1278 vt
630 1239 904 1290 probabilitate
930 1239 1090 1278 fulciant
1117 1245 1386 1277 commentum
1415 1250 1540 1277 suum.
1575 1252 1606 1276 1.
1635 1239 1691 1277 ab
1713 1238 1938 1276 hominibus
1967 1245 2032 1277 aut
2060 1239 2220 1288 Angelis

283 1292 538 1331 annuntiatio.
571 1307 606 1331 2.
634 1295 657 1331 a
684 1294 773 1331 Deo
803 1300 868 1331 aut
894 1292 1053 1331 visionis
1081 1290 1340 1341 beneficium,
1369 1298 1435 1329 aut
1464 1291 1662 1330 reuelatio.
1692 1292 1755 1330 Ab
1783 1290 2007 1330 hominibus
2038 1292 2105 1341 qui
2131 1291 2222 1330 hinc

282 1346 468 1397 migrant,
495 1359 545 1383 ne
572 1345 652 1384 veri
679 1345 839 1395 quidem
863 1345 987 1384 simile
1015 1353 1091 1384 est:
1122 1358 1214 1383 nam
1243 1345 1551 1394 quotusquisque
1568 1345 1616 1383 de
1630 1345 1708 1382 vita
1723 1344 1919 1383 decedens
1934 1345 1985 1382 ad
2000 1357 2061 1383 res
2077 1344 2222 1383 alienas

285 1406 350 1438 aut
379 1399 572 1449 postulata
600 1397 792 1438 attendit?
820 1398 900 1437 imo
929 1398 1013 1448 quis
1043 1403 1168 1438 bonus
1196 1410 1277 1436 non
1305 1398 1451 1448 cogitat
1480 1398 1529 1436 de
1557 1410 1625 1436 sua
1641 1397 2084 1447 fide‚&constitutione
2099 1398 2222 1448 magis

284 1460 324 1490 vt
365 1453 415 1490 ad
455 1452 587 1490 Deum
617 1454 750 1490 sancte
779 1451 940 1502 migret,
968 1454 1085 1501 quam
1116 1453 1164 1490 de
1194 1464 1236 1489 re
1263 1449 1410 1489 aliena?
1439 1453 1623 1490 Parentes
1652 1450 1723 1501 ipsi
1751 1463 1832 1488 non
1862 1450 1998 1489 melius
2027 1451 2224 1490 decedunt

283 1506 332 1544 de
361 1504 461 1555 vita7
491 1507 609 1554 quam
639 1505 670 1543 si
698 1504 852 1544 abiecta
882 1505 1050 1543 filiorum
1078 1507 1114 1544 δι
1143 1504 1280 1543 mundi
1309 1516 1402 1542 cura
1428 1504 1467 1542 in
1496 1505 1571 1542 Dei
1608 1503 1933 1553 promissionibus
1963 1506 2096 1542 sancte
2133 1517 2225 1542 con-

281 1558 496 1608 quiescant.
527 1559 677 1596 Eorum
706 1557 774 1607 qui
802 1558 1068 1609 migrauerunt
1097 1558 1137 1596 id
1164 1557 1339 1596 officium
1368 1570 1448 1595 non
1478 1564 1553 1607 est7
1582 1564 1623 1595 vt
1652 1557 1868 1595 ascendant
1895 1558 1930 1594 δε
1960 1557 2219 1595 descendant:

280 1611 484 1660 quiescunt
526 1611 641 1649 enim.
669 1611 811 1662 Angeli
835 1614 856 1649 e
884 1613 1019 1662 coelo,
1049 1612 1123 1649 Dei
1152 1617 1240 1650 sunt
1269 1610 1431 1660 Angeli„
1460 1623 1540 1648 non
1569 1609 1710 1660 nostri3
1745 1623 1792 1647 ex
1820 1609 1952 1648 officio
1977 1611 2219 1648 voluntatem

280 1664 382 1709 eius,
426 1677 507 1702 non
536 1671 711 1702 nostram
740 1667 988 1714 perferentes.
1016 1666 1119 1702 Illud
1147 1663 1322 1702 officium
1352 1663 1406 1701 eis
1435 1663 1645 1713 Platonici7
1675 1676 1755 1700 non
1784 1662 2016 1709 Christiani2
2046 1665 2220 1713 Porphy-

279 1717 377 1766 rius,
406 1729 487 1754 non
517 1718 657 1755 Paulus
685 1717 832 1756 tribuit.
860 1717 1066 1755 Visionem
1094 1717 1169 1755 Dei
1198 1717 1247 1755 ad
1276 1723 1433 1755 sanctos
1462 1716 1654 1766 pertinere
1682 1718 1815 1754 sancte
1844 1715 2118 1765 agnoscimus:
2150 1717 2220 1754 sed

280 1769 385 1808 aliud
412 1777 470 1808 est
498 1769 597 1808 visio
627 1770 836 1820 essentiae7
867 1771 973 1808 aliud
1002 1770 1198 1808 scientiae.
1229 1770 1376 1808 Vident
1407 1769 1531 1808 sancti
1560 1769 1784 1817 essentiam,
1801 1781 1880 1807 non
1897 1768 2099 1806 scientiam
2117 1769 2218 1807 eius:

279 1824 315 1861 δι
343 1823 549 1861 essentiam
576 1836 657 1861 non
686 1836 758 1873 pro
788 1824 910 1862 modo
939 1823 1089 1862 infinito
1118 1823 1258 1873 ipsius,
1289 1823 1358 1860 sed
1386 1835 1458 1871 pro
1489 1823 1651 1860 modulo
1680 1834 1751 1860 suo
1780 1821 1954 1871 ipsorum
1972 1821 2124 1859 vident:
2141 1834 2220 1872 quo

281 1876 395 1926 igitur
431 1876 554 1914 modo
598 1874 824 1915 scientiam?
869 1878 1056 1925 Relucet7
1086 1876 1283 1926 inquiunt7
1314 1876 1351 1913 in
1382 1876 1480 1914 facie
1509 1875 1594 1914 Dei.
1625 1874 1822 1913 Accidens
1852 1875 1966 1925 igitur
1990 1882 2064 1912 est:
2094 1883 2160 1914 aut
2188 1875 2218 1913 si

283 1930 429 1967 relucet
468 1935 509 1967 vt
549 1929 770 1980 proprium,
814 1941 934 1979 quum
976 1930 1071 1968 nihil
1096 1930 1135 1967 in
1164 1931 1253 1968 Deo
1282 1942 1362 1967 non
1391 1928 1438 1967 sit
1468 1940 1609 1978 vnum7
1638 1941 1732 1979 ergo
1760 1929 1935 1966 relucent
1957 1928 2090 1966 omnia
2120 1941 2220 1977 quae

282 1988 370 2020 sunt
413 1981 452 2019 in
494 1981 657 2021 scientia
697 1982 798 2021 eius:
841 1983 880 2021 in
917 1994 994 2032 qua
1023 1996 1142 2021 nemo
1170 1983 1292 2021 homo
1320 1981 1460 2020 intueri
1489 1988 1634 2032 potest,
1665 1982 1789 2019 multo
1818 1981 1946 2019 minus
1971 1983 2088 2030 quam
2118 1981 2221 2019 acies

283 2036 489 2074 oculorum
517 2043 741 2074 nostrorum
769 2036 807 2073 in
832 2037 963 2074 lumen
993 2035 1098 2074 solis.
1127 2037 1190 2073 An
1217 2048 1312 2085 ergo
1341 2035 1579 2073 reuelatione
1607 2033 1791 2084 singulari
1818 2032 1917 2073 Dei?
1956 2047 2005 2071 ne
2033 2035 2110 2072 hoc
2137 2034 2216 2083 qui-

282 2088 372 2126 dem
403 2099 549 2126 verum.
579 2090 683 2128 Nam
711 2088 906 2137 Pontificij
934 2095 1071 2139 petunt
1098 2090 1121 2126 a
1149 2088 1318 2138 Sanctis7
1349 2087 1544 2137 dicentes,
1573 2088 1693 2127 Orate
1723 2100 1795 2137 pro
1823 2087 1959 2137 nobis,
1989 2089 2107 2125 nona
2130 2089 2219 2126 Deo

280 2148 321 2178 vt
362 2142 506 2180 reuelet
548 2141 600 2180 eis
640 2154 776 2192 preces
814 2153 914 2180 suas.
944 2144 1048 2180 Tum
1076 2155 1150 2180 nec
1180 2141 1343 2191 Angeli,
1372 2154 1446 2179 nec
1477 2141 1608 2179 Sancti
1636 2148 1716 2178 tam
1746 2142 1885 2179 multas
1915 2142 2127 2178 multorum
2156 2147 2221 2178 aut

282 2193 458 2232 omnium
500 2193 613 2232 simul
654 2196 689 2232 &
718 2196 839 2233 semel
867 2195 1051 2233 exaudire
1079 2202 1260 2245 possunt,
1290 2199 1432 2243 easque
1460 2195 1620 2232 offerre:
1650 2194 1728 2232 hoc
1752 2193 1880 2243 ipsum
1910 2199 1969 2231 est
1996 2200 2221 2243 supernatu—

282 2248 380 2296 rale,
408 2249 443 2284 &
472 2254 649 2285 naturam
677 2247 855 2297 quamuis
880 2248 1134 2298 glorificatam
1162 2248 1340 2298 ipsorum
1369 2259 1568 2297 superans.
1597 2248 1822 2296 Postremo⁷
1851 2258 2039 2296 quorsum
2056 2245 2127 2284 iste
2142 2259 2220 2284 am-

281 2296 407 2338 bitus?
435 2300 603 2338 Oramus
630 2302 758 2338 Deum
787 2301 932 2339 scilicet
960 2308 1001 2339 vt
1028 2300 1246 2339 orationem
1275 2306 1449 2339 nostram
1477 2300 1517 2338 in
1546 2301 1658 2338 coelo
1689 2305 1951 2349 repraesentet
1979 2299 2071 2345 illis„
2101 2311 2219 2348 quarn

283 2352 356 2402 ipsi
396 2365 468 2402 pro
510 2353 626 2392 nobis
668 2353 808 2392 iterum
837 2361 1130 2404 repraesentent
1157 2355 1264 2402 Deo,
1294 2356 1329 2392 &
1357 2352 1467 2403 quasi
1495 2352 1656 2390 datatim
1685 2359 1896 2402 praestent.
1925 2352 1971 2390 Id
1999 2355 2092 2390 vero
2123 2359 2222 2390 esset

285 2405 394 2455 quod
435 2406 554 2456 vulgo
596 2406 755 2457 dicitur,
796 2420 865 2456 per
902 2408 1012 2457 plura
1040 2408 1169 2446 facere
1197 2407 1306 2456 quod
1334 2420 1402 2456 per
1430 2405 1615 2456 pauciora
1645 2413 1786 2456 potest.
1816 2405 1955 2443 Aliena
1983 2404 2225 2454 indignaque

288 2457 421 2496 omnia
448 2460 537 2497 Deo
565 2460 678 2497 Patre
707 2461 742 2498 &
771 2459 948 2498 Domino
976 2462 1063 2498 Iesu
1092 2459 1262 2498 Christo.

342 2524 400 2549 12.
457 2513 511 2550 Vt
538 2518 668 2550 autem
697 2522 857 2551 naturae
885 2513 1026 2557 modo,
1057 2513 1111 2551 sic
1140 2512 1257 2551 etiam
1283 2511 1365 2550 iure
1391 2511 1654 2550 inuocationis
1683 2512 1872 2550 docemus
1897 2516 2052 2549 sanctos
2067 2511 2224 2548 defunc-

285 2571 348 2602 tos
389 2563 564 2602 inuocari
605 2564 764 2604 minime
805 2573 997 2616 oportere.
1037 2567 1139 2604 Nam
1167 2566 1334 2615 primum
1363 2564 1653 2603 inuocationem
1681 2565 1784 2602 hanc
1808 2576 1878 2602 suo
1908 2576 2051 2613 genere
2079 2563 2225 2601 cultum

288 2630 371 2655 esse
400 2617 625 2667 religiosum
657 2625 831 2669 constat,
861 2624 985 2668 eoque
1013 2618 1052 2656 in
1082 2618 1288 2668 Scripturis
1315 2625 1441 2656 totum
1470 2617 1623 2668 pietatis
1648 2616 1822 2656 officium
1851 2615 2059 2667 significari
2083 2615 2226 2666 passim

287 2669 546 2708 inuocationis
574 2670 752 2709 nomine:
779 2679 834 2710 est
863 2679 990 2710 autem
1017 2673 1125 2710 Deus
1154 2671 1270 2720 officij
1301 2670 1401 2709 illius
1430 2671 1653 2720 zelotypus7
1677 2671 1803 2708 Eaeod.
1835 2684 1895 2708 20.
1925 2676 2041 2719 prout
2063 2669 2223 2707 adoran-

289 2723 361 2760 dus
390 2724 513 2772 solusa
544 2725 578 2761 δι
608 2723 641 2761 ei
670 2724 743 2762 soli
772 2724 1043 2774 seruiendum,
1072 2726 1209 2765 Mallh.
1241 2738 1275 2772 4.
1305 2725 1409 2762 Tum
1441 2723 1657 2761 differentia
1687 2722 1844 2773 propria
1870 2721 2129 2760 inuocationis
2145 2727 2224 2770 est,

291 2775 397 2824 quod
427 2777 554 2813 Deum
585 2777 735 2814 Patrem
766 2776 803 2815 in
835 2778 992 2816 Christo
1020 2790 1089 2827 per
1118 2777 1293 2827 spiritum
1321 2777 1584 2827 appellamus3
1613 2789 1692 2814 non
1717 2774 2221 2823 aliuminuocandum,Dei

2085 2834 2222 2865 natura
