2334 3020
296 138 372 172 410
1001 132 1270 162 EIRENICI
1311 134 1447 162 PARS
1487 134 1512 161 1.

293 239 457 288 pedibus
484 239 638 277 illorum
667 238 897 286 obtrudere,
926 244 991 276 aut
1018 239 1118 277 bene
1147 239 1391 289 cupientibus
1419 241 1495 278 vim
1524 241 1661 279 afferre
1689 242 1801 280 malet
1844 242 1985 279 Nonne
2012 243 2071 280 lex
2101 244 2214 281 male-

292 291 440 329 dictum
470 304 560 329 eum
587 290 842 341 pronunciat,
884 291 949 340 qui
978 304 1097 330 caeco
1134 291 1172 329 in
1207 292 1269 331 via
1303 293 1581 331 offendiculum
1619 292 1818 342 posuerit?
1856 300 1986 333 nonne
2014 295 2053 332 id
2081 302 2215 333 natura

293 344 433 394 docet,
470 345 579 393 quod
616 343 709 382 olim
745 355 883 382 caecus
910 343 974 381 ille
1002 344 1141 382 cecinit
1170 343 1348 384 Ennius?
1401 347 1538 384 Homo
1568 346 1633 395 qui
1669 347 1809 385 erranti
1836 348 1997 386 comiter
2024 354 2213 386 monstrat

293 397 413 447 viam,
455 397 577 445 Quasi
606 398 738 435 lumen
767 396 816 434 de
845 408 915 434 suo
943 396 1089 435 lumine
1117 399 1308 437 accendat
1336 399 1449 437 facit:
1492 398 1751 437 Nihilominus
1781 399 1852 449 ipsi
1882 401 2004 444 lucet,
2045 413 2133 439 cum
2162 399 2215 438 illi

292 449 527 488 accenderit.
570 450 689 498 Quod
717 449 748 487 si
774 450 872 487 haec
899 449 938 487 in
968 451 1082 488 rebus
1111 451 1288 501 corporis
1317 452 1352 488 δε
1380 451 1481 489 vitae
1509 452 1720 501 praesentis
1749 453 1875 502 Deus,
1903 454 2072 504 Natura,
2101 453 2215 503 boni,

292 515 428 540 omnes
456 502 624 552 denique
653 509 959 553 praeceperunt3
987 503 1104 553 longe
1132 504 1297 554 amplius
1327 505 1503 553 profecto
1533 506 1568 542 δε
1597 504 1815 554 diligentius
1846 506 1976 544 danda
1999 513 2056 544 est
2077 519 2215 555 opera,

291 562 332 592 vt
359 555 399 592 in
427 557 542 593 rebus
570 555 689 594 animi
717 556 752 593 &
779 555 830 593 ad
858 556 1027 593 futuram
1055 556 1159 595 illam
1188 565 1385 596 aeternam
1414 557 1532 596 vitam
1560 557 1840 607 pertinentibus
1871 558 2062 608 prosimus
2094 559 2217 597 omni-

291 609 389 658 bus,
419 609 592 647 obsimus
621 607 779 646 nemini.
822 609 892 659 Et,
922 621 991 657 per
1018 610 1147 648 Deum
1175 610 1458 659 immortalem,
1488 610 1582 660 quid
1611 618 1668 649 est
1695 612 1803 660 quod
1833 624 1905 650 nos
1933 611 2141 662 impediat,
2168 625 2216 650 ne

294 660 439 698 miseris
476 661 548 699 illis
585 676 630 700 ex
665 662 805 699 morbo
843 661 878 698 &
914 674 1044 700 errore
1078 663 1196 700 animi
1234 663 1499 702 laborantibus
1537 665 1796 702 acclamemus
1832 664 1882 701 ad
1916 666 2086 715 bonum,
2130 665 2166 702 δε
2193 667 2216 703 a

292 713 573 752 malefaciendo
603 714 866 752 abstineamus
895 717 1013 763 quam
1041 713 1293 754 fidelissime?
1334 717 1435 754 Nam
1465 715 1495 754 si
1523 716 1576 755 illi
1603 717 1708 755 caeci
1735 724 1843 767 sunt,
1885 725 1922 755 at
1950 730 2022 755 nos
2049 717 2214 756 fuimus:

293 766 332 805 Si
362 768 546 805 oberrant
584 767 792 817 caecitate,
827 773 866 804 at
890 779 962 805 nos
989 768 1280 807 oberrauimus:
1324 769 1362 807 Si
1397 769 1564 819 denique
1595 769 1875 820 impedimento
1904 778 2009 820 sunt7
2038 777 2076 808 at
2097 769 2215 820 impe-

293 819 509 858 dimentum
537 820 704 869 habent,
733 826 774 858 vt
801 832 874 857 nos
901 820 1132 860 habuimus:
1163 833 1242 871 quo
1266 822 1386 872 magis
1407 830 1541 861 nostra
1563 823 1902 861 commiseratione
1930 824 1965 861 &
1987 823 2216 862 alleuatione

293 872 399 922 digni
426 880 524 910 sunt.
555 873 595 910 Si
623 873 708 923 quis
737 885 830 923 ergo
859 872 908 911 de
936 873 1146 923 scripturae
1175 882 1304 913 mente
1331 888 1412 914 non
1441 875 1530 914 satis
1553 876 1951 927 inforniatt157tamen
1966 877 2073 915 bono
2086 877 2215 915 animo

291 926 342 963 ad
369 927 495 964 Deum
518 925 781 976 contenderit,
811 925 925 964 etiam
956 927 1004 964 de
1034 940 1080 966 eo
1109 928 1330 966 laetandum
1355 936 1413 967 est
1428 929 1536 978 quod
1552 937 1734 978 procurat
1748 930 1857 968 bono
1873 929 2020 975 animo,
2038 929 2215 978 quamuis

292 990 372 1016 non
399 986 582 1028 procuret
611 981 776 1018 bonum:
806 978 931 1017 foueri
959 987 1114 1029 oportet
1142 981 1250 1030 quod
1278 982 1425 1020 bonum
1455 989 1533 1031 est,
1562 995 1734 1020 errorem
1758 982 1863 1033 tolli3
1880 982 2215 1032 quemadmodum

292 1030 385 1069 olim
415 1031 569 1070 dicebat
596 1032 856 1082 Augustinus,
887 1033 1069 1071 Errorem
1099 1035 1214 1084 tolle,
1243 1036 1279 1073 δε
1308 1047 1419 1072 serua
1448 1035 1658 1073 hominem.
1689 1034 1871 1073 Similiter
1898 1035 1929 1073 si
1957 1035 2041 1085 quis
2069 1034 2108 1073 in
2137 1048 2212 1073 me-

292 1083 399 1121 dium
437 1085 673 1134 producatur
708 1086 828 1122 fretus
860 1084 942 1123 sola
976 1093 1135 1124 naturae
1171 1088 1277 1137 luce7
1307 1087 1374 1137 qui
1402 1089 1529 1126 Deum
1558 1088 1725 1137 requirat
1753 1087 1926 1138 simplice
1954 1088 2108 1139 animo3
2137 1101 2216 1126 non

292 1140 438 1175 temere
466 1138 721 1188 depellendus
750 1138 798 1175 de
826 1138 969 1188 gradu,
1000 1140 1067 1178 sed
1097 1140 1258 1179 sollicite
1287 1141 1542 1190 appellandus
1569 1150 1644 1192 est,
1673 1142 1708 1179 &
1735 1141 1844 1179 omni
1873 1141 2003 1179 officio
2027 1155 2073 1179 ac
2088 1141 2216 1190 potius

293 1190 433 1239 pietate
462 1192 512 1229 ad
541 1190 693 1241 pietatis
719 1190 896 1229 notitiam
925 1192 1220 1241 producendus:
1250 1193 1393 1232 laetitia
1422 1194 1626 1244 spiritualis
1655 1195 1703 1233 de
1730 1194 1807 1233 hoc
1833 1194 1991 1232 homine
2006 1194 2215 1244 capienda:

292 1255 419 1292 neque
461 1245 587 1282 solum
625 1256 693 1283 ore
735 1245 770 1281 δι
810 1257 988 1283 sermone
1015 1248 1193 1284 testanda
1233 1246 1349 1297 foris,
1392 1249 1460 1286 sed
1502 1260 1549 1285 ex
1591 1249 1711 1286 corde
1739 1250 1774 1286 δε
1803 1247 1961 1286 veritate
1989 1247 2216 1285 intrinsecus

293 1297 548 1346 effundenda,
580 1304 622 1335 vt
662 1296 947 1335 sanctissimum
989 1299 1094 1337 hunc
1135 1301 1370 1349 Prophetam
1413 1300 1492 1350 (qui
1521 1300 1590 1338 fuit
1614 1301 1670 1339 vir
1698 1301 1914 1339 secundum
1944 1313 2013 1338 cor
2040 1300 2216 1348 Domini)

294 1361 342 1386 ex
376 1349 507 1388 animo
536 1351 570 1387 δε
599 1350 718 1388 corde
746 1357 831 1388 toto
858 1350 1066 1390 imitemur.
1112 1353 1232 1400 Quod
1260 1353 1290 1391 si
1318 1353 1430 1391 huius
1458 1355 1678 1403 exemplum
1706 1367 1786 1392 non
1813 1361 1940 1404 potest
1967 1355 2014 1391 eo
2051 1366 2123 1391 nos
2152 1354 2217 1391 ad-

294 1402 464 1449 ducere,
514 1402 716 1441 videamus
765 1404 901 1442 saltem
943 1404 1036 1453 quid
1078 1406 1259 1455 Apostoli
1302 1408 1406 1456 apud
1448 1406 1620 1445 infideles
1665 1406 1832 1457 egerint:
1875 1413 2020 1456 quanto
2061 1407 2218 1455 labore,

295 1455 444 1505 studio,
474 1455 573 1506 fide,
601 1456 788 1506 religione
816 1458 957 1495 Paulus
986 1457 1137 1496 dicatur
1163 1471 1252 1497 cum
1282 1459 1353 1497 illis
1383 1467 1556 1498 versatus
1585 1473 1687 1510 esse7
1716 1462 1751 1498 &
1779 1459 1923 1509 quanta
1959 1459 2216 1497 sollicitudine

296 1520 385 1545 cum
415 1508 576 1547 infirmis
604 1522 650 1547 ea
687 1509 1036 1549 communicauisse
1073 1524 1172 1561 quae
1200 1520 1405 1562 acceperat
1434 1526 1456 1550 a
1484 1512 1672 1551 Domino.
1700 1514 1840 1552 Plenus
1868 1521 1924 1551 est
1948 1514 2084 1550 harum
2101 1512 2217 1550 histo-

295 1560 437 1599 riarum
465 1568 568 1601 totus
597 1563 816 1600 Auctorum
844 1563 960 1614 liber,
990 1565 1128 1613 plenae
1158 1566 1485 1604 documentorum
1515 1565 1712 1615 epistolae.
1740 1565 1919 1615 Denique
1946 1573 2121 1604 seruator
2136 1565 2217 1615 ipse

294 1613 491 1665 Christis,
520 1614 586 1664 qui
617 1615 696 1653 suis
722 1616 923 1665 Apostolis
965 1630 1144 1656 sermone
1188 1619 1222 1656 δι
1264 1619 1443 1668 exemplo
1486 1619 1666 1670 praeiuit7
1708 1624 1874 1669 suosque
1904 1619 2115 1656 imitatores
2144 1631 2215 1657 nos

295 1679 378 1705 esse
407 1667 549 1718 voluit,
578 1674 708 1707 nonne
736 1668 844 1706 illum
872 1669 998 1719 ipsum
1026 1669 1224 1721 iuuenem⁷
1250 1672 1371 1720 quise
1386 1672 1517 1710 onmia
1532 1672 1799 1710 obseruauisse
1813 1672 2216 1710 dicebataiuuentute

294 1719 427 1758 dilexit
455 1722 489 1758 δι
519 1722 669 1759 monuit
711 1719 854 1770 officij?
892 1722 1068 1772 quamuis
1096 1736 1142 1762 eo
1173 1732 1348 1774 tempore
1378 1737 1456 1762 non
1484 1726 1634 1774 legatur
1660 1726 1767 1763 illum
1795 1724 1939 1763 amoris
1967 1724 2066 1763 illius
2095 1724 2216 1763 moni-

294 1776 502 1823 torumque
532 1775 701 1812 fructum
728 1774 898 1824 aliquem
926 1775 1163 1826 percepisse,
1192 1778 1336 1815 nedum
1365 1777 1555 1828 edidisse3
1584 1778 1651 1816 sed
1681 1781 1817 1817 contra
1833 1777 2044 1816 indoluisse
2059 1785 2218 1828 propter

294 1839 515 1865 sermonem
558 1827 722 1878 Christi,
765 1829 799 1866 δι
841 1829 1108 1867 contristatum
1150 1830 1301 1868 abiisse.
1343 1832 1465 1869 Marc.
1513 1844 1569 1870 10.
1603 1844 1664 1870 22.
1706 1832 1976 1880 Quamobrem
2006 1832 2094 1868 cum
2123 1831 2216 1880 Dei,

293 1880 485 1929 Naturae,
515 1882 549 1918 &
576 1880 793 1930 Scripturae
823 1894 955 1920 sacrae
984 1882 1234 1933 testimoniis7
1264 1885 1298 1920 δι
1328 1884 1480 1934 piorum
1509 1884 1706 1935 omnium,
1735 1884 1911 1933 adeoque
1941 1883 2083 1922 Christi
2098 1883 2217 1933 ipsius

293 1932 478 1982 exemplis
513 1934 726 1972 doceamur
765 1935 882 1972 finem
925 1936 1029 1972 hunc
1067 1949 1149 1973 esse
1177 1936 1326 1974 homini
1355 1936 1474 1975 cuiuis
1503 1937 1746 1987 propositum
1777 1940 1848 1986 (est
1875 1944 2003 1975 autem
2031 1939 2054 1975 a
2082 1935 2218 1975 natura

294 1985 536 2036 propositus,
565 1987 600 2024 δι
628 1989 650 2023 ἐι
680 1988 766 2025 Deo
795 1987 1014 2038 expositus,
1043 1991 1122 2038 qua
1150 1989 1374 2039 obscurius,
1403 1993 1479 2039 qua
1508 1990 1724 2029 euidentius
1753 2004 1825 2040 pro
1853 1991 2053 2028 voluntate
2085 1989 2217 2040 ipsius)

293 2050 361 2075 cur
398 2046 556 2077 naturae
586 2041 754 2090 bonum,
795 2040 972 2089 quamuis
1015 2041 1414 2090 imperfectissimum,
1458 2043 1498 2080 in
1538 2043 1697 2082 homine
1727 2042 1980 2082 damnemus?
2021 2043 2100 2081 Cur
2129 2055 2217 2081 eum

293 2098 451 2140 propter
493 2093 593 2130 mala
634 2094 847 2142 praeteritis
884 2094 996 2132 bonis
1026 2094 1269 2144 impellamus
1297 2095 1336 2133 in
1364 2095 1513 2134 ruinam
1544 2093 1824 2134 miserabilem?
1853 2108 1922 2134 cur
1950 2097 2217 2134 subuertamus

293 2144 523 2193 impotentia
551 2145 688 2196 animi,
718 2149 752 2184 ἃ
782 2146 924 2184 malitia
953 2145 1107 2186 nostra?
1135 2147 1348 2186 Videamus
1377 2148 1528 2199 potius,
1557 2157 1597 2187 vt
1624 2149 1828 2187 scintillam
1847 2149 1942 2187 boni
1956 2149 2217 2187 accendamus

293 2199 409 2246 quam
437 2204 479 2235 vt
508 2197 797 2251 extinguamus3
823 2201 858 2237 &
874 2213 1079 2238 accensam
1094 2201 1296 2239 foueamus
1312 2215 1356 2239 ac
1373 2202 1624 2240 fortificemus
1638 2201 2217 2253 studiosissime‚laetitiamque

293 2257 465 2287 sanctam
499 2252 759 2290 communiter
793 2253 842 2290 de
876 2266 922 2291 ea
949 2253 1146 2303 capiamus
1177 2266 1264 2292 cum
1293 2254 1407 2293 bonis
1437 2255 1619 2293 omnibus
1649 2256 1684 2293 &
1713 2267 1804 2293 cum
1832 2255 1990 2304 Angelis
2019 2254 2150 2293 electis
2178 2254 2217 2291 in

293 2303 423 2341 caelo:
465 2316 515 2341 ne
556 2305 655 2343 forte
684 2306 792 2353 quod
820 2305 912 2344 olim
940 2306 1190 2355 praedicabat
1218 2306 1349 2345 Dauid
1378 2309 1426 2345 de
1455 2320 1525 2346 suo
1555 2307 1714 2357 spiritali
1742 2307 1885 2358 gaudio
1914 2308 1952 2345 in
1979 2309 2052 2346 hac
2080 2319 2215 2357 causa,

293 2355 332 2393 id
374 2355 488 2394 nobis
531 2356 569 2394 in
608 2358 843 2396 horrendam
883 2359 1254 2398 condemnationem
1296 2368 1468 2399 vertatur
1509 2360 1653 2399 iudicio
1696 2360 1795 2413 Dei3
1821 2368 2029 2410 postquam
2055 2359 2216 2409 vestigia

293 2407 454 2446 Dauidis
483 2422 530 2447 ex
558 2409 717 2448 historia
746 2411 871 2462 sacra,
901 2413 936 2450 &
966 2425 1013 2449 ex
1042 2412 1170 2451 verbis
1198 2412 1316 2462 ipsius
1344 2414 1421 2451 hoc
1449 2415 1541 2452 loco
1566 2413 1772 2452 didicimus
1795 2415 1846 2452 ad
1861 2426 2018 2452 omnem
2034 2413 2215 2463 pictatem

292 2461 662 2512 humaninatemque
691 2477 781 2514 erga
809 2465 968 2514 quosuis
997 2465 1175 2503 homines
1205 2464 1391 2515 religione
1419 2466 1570 2504 summa
1599 2466 1860 2505 contendisse.

347 2513 426 2551 Hic
456 2518 546 2554 vero
589 2517 841 2566 respondebit
884 2519 1046 2556 fortasse
1073 2518 1285 2568 quispiam,
1314 2519 1362 2556 de
1391 2519 1484 2557 Fine
1513 2531 1628 2568 quem
1658 2519 1731 2558 sibi
1760 2532 1896 2557 omnes
1924 2518 2100 2557 homines
2127 2524 2215 2556 ante

294 2568 429 2605 oculos
458 2577 629 2617 ponunt,
672 2582 752 2607 non
791 2571 1005 2608 admodum
1034 2570 1217 2609 dubitari:
1247 2572 1315 2609 sed
1344 2578 1468 2609 totum
1496 2573 1672 2610 laborem
1701 2579 1876 2610 nostrum
1905 2571 1943 2610 in
1973 2585 2018 2610 eo
2048 2584 2147 2615 esse,
2176 2577 2217 2608 vt

294 2619 394 2657 viam
431 2620 507 2669 qua
545 2621 768 2670 peruenitur
806 2623 856 2660 ad
890 2623 1026 2661 Finem
1060 2624 1187 2673 illum7
1218 2631 1429 2662 teneamus.
1459 2626 1599 2663 Recte:
1629 2627 1735 2663 Bene
1764 2632 1821 2663 est
1848 2624 1961 2675 igitur
1989 2624 2020 2663 si
2046 2625 2095 2662 de
2122 2623 2217 2661 Fine

292 2671 389 2709 inter
414 2685 550 2712 omnes
579 2682 742 2713 constat.
771 2677 823 2713 At
852 2676 1125 2725 quotusquisff.
1155 2678 1327 2726 690)que
1348 2684 1405 2715 est
1432 2677 1497 2726 qui
1526 2678 1574 2716 de
1603 2678 1749 2716 miseris
1764 2677 1986 2716 hominibus
2001 2675 2217 2727 ignorantia

293 2732 357 2761 aut
386 2725 607 2765 infirmitate
635 2728 804 2776 abreptis
833 2729 887 2766 sic
917 2729 1062 2767 iudicet
1091 2743 1137 2767 ex
1166 2729 1362 2768 charitatis
1392 2728 1548 2768 officio?
1576 2734 1692 2780 quam
1714 2731 1824 2768 multi
1838 2737 1997 2780 propter
2014 2729 2216 2779 opiniones

294 2777 342 2813 de
372 2777 455 2814 aliis
497 2787 710 2829 conceptas
754 2782 886 2819 fratres
924 2794 1036 2831 SUOS,
1065 2782 1212 2820 alienos
1240 2795 1394 2827 seruos,
1426 2791 1582 2832 propter
1609 2795 1707 2832 quos
1737 2783 1911 2821 Christus
1941 2790 2114 2820 mortuus
2141 2789 2216 2831 est,

2070 2836 2214 2872 temere
