<?xml version="1.0" encoding="UTF-8"?>
<!DOCTYPE html PUBLIC "-//W3C//DTD XHTML 1.0 Transitional//EN"
    "http://www.w3.org/TR/xhtml1/DTD/xhtml1-transitional.dtd">
<html xmlns="http://www.w3.org/1999/xhtml" xml:lang="en" lang="en">
 <head>
  <title>
</title>
<meta http-equiv="Content-Type" content="text/html;charset=utf-8" />
  <meta name='ocr-system' content='tesseract 3.04.00' />
  <meta name='ocr-capabilities' content='ocr_page ocr_carea ocr_par ocr_line ocrx_word'/>
</head>
<body>
  <div class='ocr_page' id='page_1' title='image "./opusculatheologi00juni/opusculatheologi00juni_0047.png"; bbox 0 0 2334 3020; ppageno 0'>
   <div class='ocr_carea' id='block_1_1' title="bbox 797 102 2127 161">
    <p class='ocr_par' dir='ltr' id='par_1_1' title="bbox 797 102 2127 161">
     <span class='ocr_line' id='line_1_1' title="bbox 797 102 2127 161; baseline -0.002 -9"><span class='ocrx_word' id='word_1_1' title='bbox 797 125 1109 153; x_wconf 81' lang='lat' dir='ltr'>FRANCISCI</span> <span class='ocrx_word' id='word_1_2' title='bbox 1150 123 1306 158; x_wconf 83' lang='lat' dir='ltr'>JUNII</span> <span class='ocrx_word' id='word_1_3' title='bbox 1350 124 1495 150; x_wconf 72' lang='lat' dir='ltr'>VITA.</span> <span class='ocrx_word' id='word_1_4' title='bbox 2064 102 2127 161; x_wconf 27' lang='lat'>17⁴</span> 
     </span>
    </p>
   </div>
   <div class='ocr_carea' id='block_1_2' title="bbox 181 229 2126 2764">
    <p class='ocr_par' dir='ltr' id='par_1_2' title="bbox 181 229 2126 2764">
     <span class='ocr_line' id='line_1_2' title="bbox 183 229 2114 286; baseline -0.003 -12"><span class='ocrx_word' id='word_1_5' title='bbox 183 243 345 286; x_wconf 88' lang='lat' dir='ltr'>vtroque</span> <span class='ocrx_word' id='word_1_6' title='bbox 373 233 578 285; x_wconf 86' lang='lat' dir='ltr'>explicauit</span> <span class='ocrx_word' id='word_1_7' title='bbox 605 235 641 272; x_wconf 64' lang='grc' dir='ltr'>δε</span> <span class='ocrx_word' id='word_1_8' title='bbox 672 233 844 271; x_wconf 82' lang='lat' dir='ltr'>ostendit</span> <span class='ocrx_word' id='word_1_9' title='bbox 874 234 999 270; x_wconf 91' lang='lat' dir='ltr'>Deus:</span> <span class='ocrx_word' id='word_1_10' title='bbox 1029 235 1051 270; x_wconf 77' lang='grc' dir='ltr'>ἰι</span> <span class='ocrx_word' id='word_1_11' title='bbox 1082 244 1143 270; x_wconf 92' lang='lat' dir='ltr'>me</span> <span class='ocrx_word' id='word_1_12' title='bbox 1172 231 1372 270; x_wconf 84' lang='lat' dir='ltr'>scientiam</span> <span class='ocrx_word' id='word_1_13' title='bbox 1402 229 1567 280; x_wconf 88' lang='lat' dir='ltr'>rusticO,</span> <span class='ocrx_word' id='word_1_14' title='bbox 1596 231 1647 268; x_wconf 88' lang='lat' dir='ltr'>ab</span> <span class='ocrx_word' id='word_1_15' title='bbox 1665 229 1731 267; x_wconf 94' lang='lat' dir='ltr'>illo</span> <span class='ocrx_word' id='word_1_16' title='bbox 1751 229 1822 268; x_wconf 87' lang='lat' dir='ltr'>zeli</span> <span class='ocrx_word' id='word_1_17' title='bbox 1836 229 1985 267; x_wconf 87' lang='lat' dir='ltr'>semina</span> <span class='ocrx_word' id='word_1_18' title='bbox 2000 241 2114 278; x_wconf 89' lang='lat' dir='ltr'>quae-</span> 
     </span>
     <span class='ocr_line' id='line_1_3' title="bbox 184 281 2114 337; baseline -0.003 -10"><span class='ocrx_word' id='word_1_19' title='bbox 184 291 276 328; x_wconf 86' lang='lat' dir='ltr'>dam</span> <span class='ocrx_word' id='word_1_20' title='bbox 304 288 397 326; x_wconf 91' lang='lat' dir='ltr'>mihi</span> <span class='ocrx_word' id='word_1_21' title='bbox 424 288 666 337; x_wconf 84' lang='lat' dir='ltr'>ingenerans.</span> <span class='ocrx_word' id='word_1_22' title='bbox 707 288 766 324; x_wconf 89' lang='lat' dir='ltr'>Ita</span> <span class='ocrx_word' id='word_1_23' title='bbox 795 286 931 324; x_wconf 87' lang='lat' dir='ltr'>mutati</span> <span class='ocrx_word' id='word_1_24' title='bbox 959 285 998 323; x_wconf 90' lang='lat' dir='ltr'>in</span> <span class='ocrx_word' id='word_1_25' title='bbox 1027 285 1165 323; x_wconf 90' lang='lat' dir='ltr'>melius</span> <span class='ocrx_word' id='word_1_26' title='bbox 1193 286 1290 323; x_wconf 90' lang='lat' dir='ltr'>alter</span> <span class='ocrx_word' id='word_1_27' title='bbox 1318 285 1368 322; x_wconf 91' lang='lat' dir='ltr'>ab</span> <span class='ocrx_word' id='word_1_28' title='bbox 1396 285 1517 321; x_wconf 86' lang='lat' dir='ltr'>altero</span> <span class='ocrx_word' id='word_1_29' title='bbox 1546 282 1676 332; x_wconf 86' lang='lat' dir='ltr'>aliquo</span> <span class='ocrx_word' id='word_1_30' title='bbox 1709 289 1825 332; x_wconf 88' lang='lat' dir='ltr'>pacto</span> <span class='ocrx_word' id='word_1_31' title='bbox 1857 281 2114 321; x_wconf 78' lang='lat' dir='ltr'>discessimus.</span> 
     </span>
     <span class='ocr_line' id='line_1_4' title="bbox 183 336 2112 390; baseline -0.005 -9"><span class='ocrx_word' id='word_1_32' title='bbox 183 342 266 381; x_wconf 89' lang='lat' dir='ltr'>Etsi</span> <span class='ocrx_word' id='word_1_33' title='bbox 292 354 341 380; x_wconf 89' lang='lat' dir='ltr'>ne</span> <span class='ocrx_word' id='word_1_34' title='bbox 369 353 417 379; x_wconf 90' lang='lat' dir='ltr'>eo</span> <span class='ocrx_word' id='word_1_35' title='bbox 445 340 602 390; x_wconf 89' lang='lat' dir='ltr'>quidem</span> <span class='ocrx_word' id='word_1_36' title='bbox 631 339 715 388; x_wconf 91' lang='lat' dir='ltr'>ipso</span> <span class='ocrx_word' id='word_1_37' title='bbox 744 346 924 389; x_wconf 88' lang='lat' dir='ltr'>tempore</span> <span class='ocrx_word' id='word_1_38' title='bbox 954 338 993 376; x_wconf 92' lang='lat' dir='ltr'>in</span> <span class='ocrx_word' id='word_1_39' title='bbox 1023 351 1085 376; x_wconf 90' lang='lat' dir='ltr'>me</span> <span class='ocrx_word' id='word_1_40' title='bbox 1113 337 1168 376; x_wconf 91' lang='lat' dir='ltr'>sic</span> <span class='ocrx_word' id='word_1_41' title='bbox 1196 336 1409 388; x_wconf 87' lang='lat' dir='ltr'>praeualuit</span> <span class='ocrx_word' id='word_1_42' title='bbox 1437 337 1563 386; x_wconf 90' lang='lat' dir='ltr'>zelus,</span> <span class='ocrx_word' id='word_1_43' title='bbox 1592 343 1633 374; x_wconf 93' lang='lat' dir='ltr'>vt</span> <span class='ocrx_word' id='word_1_44' title='bbox 1662 337 1824 373; x_wconf 89' lang='lat' dir='ltr'>multum</span> <span class='ocrx_word' id='word_1_45' title='bbox 1840 337 2031 385; x_wconf 87' lang='lat' dir='ltr'>proficere</span> <span class='ocrx_word' id='word_1_46' title='bbox 2047 344 2112 373; x_wconf 86' lang='lat' dir='ltr'>aut</span> 
     </span>
     <span class='ocr_line' id='line_1_5' title="bbox 182 388 2111 446; baseline -0.004 -13"><span class='ocrx_word' id='word_1_47' title='bbox 182 402 375 446; x_wconf 84' lang='lat' dir='ltr'>praestare</span> <span class='ocrx_word' id='word_1_48' title='bbox 414 393 453 431; x_wconf 92' lang='lat' dir='ltr'>in</span> <span class='ocrx_word' id='word_1_49' title='bbox 495 391 692 442; x_wconf 85' lang='lat' dir='ltr'>religionis</span> <span class='ocrx_word' id='word_1_50' title='bbox 732 403 849 430; x_wconf 84' lang='lat' dir='ltr'>causa</span> <span class='ocrx_word' id='word_1_51' title='bbox 887 393 1016 430; x_wconf 88' lang='lat' dir='ltr'>adhuc</span> <span class='ocrx_word' id='word_1_52' title='bbox 1057 391 1288 441; x_wconf 84' lang='lat' dir='ltr'>cogitarem:</span> <span class='ocrx_word' id='word_1_53' title='bbox 1331 391 1399 429; x_wconf 90' lang='lat' dir='ltr'>sed</span> <span class='ocrx_word' id='word_1_54' title='bbox 1436 390 1619 428; x_wconf 85' lang='lat' dir='ltr'>haerebat</span> <span class='ocrx_word' id='word_1_55' title='bbox 1647 395 1777 426; x_wconf 90' lang='lat' dir='ltr'>tamen</span> <span class='ocrx_word' id='word_1_56' title='bbox 1806 388 1844 426; x_wconf 92' lang='lat' dir='ltr'>in</span> <span class='ocrx_word' id='word_1_57' title='bbox 1875 392 2006 426; x_wconf 85' lang='lat' dir='ltr'>mente</span> <span class='ocrx_word' id='word_1_58' title='bbox 2036 390 2111 426; x_wconf 77' lang='lat' dir='ltr'>fixa</span> 
     </span>
     <span class='ocr_line' id='line_1_6' title="bbox 184 441 2111 494; baseline -0.004 -8"><span class='ocrx_word' id='word_1_59' title='bbox 184 446 368 486; x_wconf 90' lang='lat' dir='ltr'>mirabilis</span> <span class='ocrx_word' id='word_1_60' title='bbox 395 444 526 484; x_wconf 88' lang='lat' dir='ltr'>rustici</span> <span class='ocrx_word' id='word_1_61' title='bbox 553 444 655 483; x_wconf 90' lang='lat' dir='ltr'>illius</span> <span class='ocrx_word' id='word_1_62' title='bbox 683 444 904 483; x_wconf 78' lang='lat' dir='ltr'>recordatio</span> <span class='ocrx_word' id='word_1_63' title='bbox 933 446 968 482; x_wconf 58' lang='grc' dir='ltr'>ἃ</span> <span class='ocrx_word' id='word_1_64' title='bbox 998 444 1079 482; x_wconf 87' lang='lat' dir='ltr'>visa</span> <span class='ocrx_word' id='word_1_65' title='bbox 1110 444 1233 494; x_wconf 89' lang='lat' dir='ltr'>pietas</span> <span class='ocrx_word' id='word_1_66' title='bbox 1263 443 1362 482; x_wconf 90' lang='lat' dir='ltr'>illius</span> <span class='ocrx_word' id='word_1_67' title='bbox 1391 456 1453 481; x_wconf 88' lang='lat' dir='ltr'>me</span> <span class='ocrx_word' id='word_1_68' title='bbox 1480 443 1530 480; x_wconf 89' lang='lat' dir='ltr'>ab</span> <span class='ocrx_word' id='word_1_69' title='bbox 1557 441 1753 491; x_wconf 83' lang='lat' dir='ltr'>impietate</span> <span class='ocrx_word' id='word_1_70' title='bbox 1783 441 1848 479; x_wconf 89' lang='lat' dir='ltr'>diu</span> <span class='ocrx_word' id='word_1_71' title='bbox 1876 443 2012 479; x_wconf 86' lang='lat' dir='ltr'>hausta</span> <span class='ocrx_word' id='word_1_72' title='bbox 2027 454 2111 491; x_wconf 90' lang='lat' dir='ltr'>per-</span> 
     </span>
     <span class='ocr_line' id='line_1_7' title="bbox 183 495 2106 551; baseline -0.005 -11"><span class='ocrx_word' id='word_1_73' title='bbox 183 513 298 551; x_wconf 80' lang='lat' dir='ltr'>saepe</span> <span class='ocrx_word' id='word_1_74' title='bbox 325 499 553 547; x_wconf 84' lang='lat' dir='ltr'>reuocabat,</span> <span class='ocrx_word' id='word_1_75' title='bbox 583 498 711 536; x_wconf 89' lang='lat' dir='ltr'>donec</span> <span class='ocrx_word' id='word_1_76' title='bbox 740 509 896 536; x_wconf 91' lang='lat' dir='ltr'>reuerso</span> <span class='ocrx_word' id='word_1_77' title='bbox 924 498 974 535; x_wconf 90' lang='lat' dir='ltr'>ad</span> <span class='ocrx_word' id='word_1_78' title='bbox 1002 504 1179 547; x_wconf 90' lang='lat' dir='ltr'>parentes</span> <span class='ocrx_word' id='word_1_79' title='bbox 1207 497 1368 535; x_wconf 89' lang='lat' dir='ltr'>domum</span> <span class='ocrx_word' id='word_1_80' title='bbox 1399 497 1505 534; x_wconf 91' lang='lat' dir='ltr'>Deus</span> <span class='ocrx_word' id='word_1_81' title='bbox 1528 495 1777 534; x_wconf 84' lang='lat' dir='ltr'>occasionem</span> <span class='ocrx_word' id='word_1_82' title='bbox 1804 505 1947 532; x_wconf 87' lang='lat' dir='ltr'>nouam</span> <span class='ocrx_word' id='word_1_83' title='bbox 1970 496 2010 542; x_wconf 85' lang='lat' dir='ltr'>(f.</span> <span class='ocrx_word' id='word_1_84' title='bbox 2032 497 2106 543; x_wconf 78' lang='grc' dir='ltr'>ιο.)</span> 
     </span>
     <span class='ocr_line' id='line_1_8' title="bbox 181 547 2107 601; baseline -0.005 -8"><span class='ocrx_word' id='word_1_85' title='bbox 181 552 392 593; x_wconf 90' lang='lat' dir='ltr'>obtulisset.</span> <span class='ocrx_word' id='word_1_86' title='bbox 434 551 670 601; x_wconf 88' lang='lat' dir='ltr'>Lugdunum</span> <span class='ocrx_word' id='word_1_87' title='bbox 710 562 888 589; x_wconf 89' lang='lat' dir='ltr'>reuersus</span> <span class='ocrx_word' id='word_1_88' title='bbox 929 562 976 589; x_wconf 93' lang='lat' dir='ltr'>eo</span> <span class='ocrx_word' id='word_1_89' title='bbox 1018 550 1104 600; x_wconf 90' lang='lat' dir='ltr'>ipso</span> <span class='ocrx_word' id='word_1_90' title='bbox 1146 550 1208 588; x_wconf 88' lang='lat' dir='ltr'>die</span> <span class='ocrx_word' id='word_1_91' title='bbox 1249 563 1308 588; x_wconf 91' lang='lat' dir='ltr'>res</span> <span class='ocrx_word' id='word_1_92' title='bbox 1359 562 1463 588; x_wconf 89' lang='lat' dir='ltr'>meas</span> <span class='ocrx_word' id='word_1_93' title='bbox 1505 547 1654 597; x_wconf 87' lang='lat' dir='ltr'>recipio</span> <span class='ocrx_word' id='word_1_94' title='bbox 1691 559 1942 596; x_wconf 89' lang='lat' dir='ltr'>quascunque</span> <span class='ocrx_word' id='word_1_95' title='bbox 1970 559 2107 585; x_wconf 87' lang='lat' dir='ltr'>manus</span> 
     </span>
     <span class='ocr_line' id='line_1_9' title="bbox 181 601 2107 655; baseline -0.004 -10"><span class='ocrx_word' id='word_1_96' title='bbox 181 609 307 645; x_wconf 85' lang='lat' dir='ltr'>furum</span> <span class='ocrx_word' id='word_1_97' title='bbox 334 604 500 655; x_wconf 87' lang='lat' dir='ltr'>integras</span> <span class='ocrx_word' id='word_1_98' title='bbox 529 603 624 641; x_wconf 87' lang='lat' dir='ltr'>mihi</span> <span class='ocrx_word' id='word_1_99' title='bbox 650 603 899 652; x_wconf 81' lang='lat' dir='ltr'>reliquerant:</span> <span class='ocrx_word' id='word_1_100' title='bbox 929 606 964 642; x_wconf 59' lang='grc' dir='ltr'>ἃ</span> <span class='ocrx_word' id='word_1_101' title='bbox 992 602 1163 641; x_wconf 89' lang='lat' dir='ltr'>salutatis</span> <span class='ocrx_word' id='word_1_102' title='bbox 1192 603 1344 652; x_wconf 89' lang='lat' dir='ltr'>amicis,</span> <span class='ocrx_word' id='word_1_103' title='bbox 1368 609 1458 652; x_wconf 89' lang='lat' dir='ltr'>post</span> <span class='ocrx_word' id='word_1_104' title='bbox 1484 601 1633 650; x_wconf 82' lang='lat' dir='ltr'>aliquot</span> <span class='ocrx_word' id='word_1_105' title='bbox 1657 601 1948 649; x_wconf 83' lang='lat' dir='ltr'>hebdomadas,</span> <span class='ocrx_word' id='word_1_106' title='bbox 1976 602 2107 638; x_wconf 69' lang='lat' dir='ltr'>rebils-</span> 
     </span>
     <span class='ocr_line' id='line_1_10' title="bbox 181 653 2107 710; baseline -0.003 -14"><span class='ocrx_word' id='word_1_107' title='bbox 181 672 257 710; x_wconf 86' lang='lat' dir='ltr'>que</span> <span class='ocrx_word' id='word_1_108' title='bbox 285 656 504 697; x_wconf 89' lang='lat' dir='ltr'>conuasatis</span> <span class='ocrx_word' id='word_1_109' title='bbox 532 656 690 695; x_wconf 86' lang='lat' dir='ltr'>reuenio</span> <span class='ocrx_word' id='word_1_110' title='bbox 720 658 894 695; x_wconf 90' lang='lat' dir='ltr'>domum.</span> <span class='ocrx_word' id='word_1_111' title='bbox 923 658 1117 695; x_wconf 89' lang='lat' dir='ltr'>Euenerat</span> <span class='ocrx_word' id='word_1_112' title='bbox 1148 663 1296 706; x_wconf 83' lang='lat' dir='ltr'>autem,</span> <span class='ocrx_word' id='word_1_113' title='bbox 1331 655 1449 704; x_wconf 89' lang='lat' dir='ltr'>idque</span> <span class='ocrx_word' id='word_1_114' title='bbox 1479 654 1640 692; x_wconf 86' lang='lat' dir='ltr'>mirifica</span> <span class='ocrx_word' id='word_1_115' title='bbox 1667 654 1742 691; x_wconf 91' lang='lat' dir='ltr'>Dei</span> <span class='ocrx_word' id='word_1_116' title='bbox 1770 653 2036 703; x_wconf 87' lang='lat' dir='ltr'>prouidentia,</span> <span class='ocrx_word' id='word_1_117' title='bbox 2066 661 2107 690; x_wconf 89' lang='lat' dir='ltr'>vt</span> 
     </span>
     <span class='ocr_line' id='line_1_11' title="bbox 182 705 2106 760; baseline -0.004 -9"><span class='ocrx_word' id='word_1_118' title='bbox 182 719 272 751; x_wconf 88' lang='lat' dir='ltr'>ante</span> <span class='ocrx_word' id='word_1_119' title='bbox 307 723 458 749; x_wconf 92' lang='lat' dir='ltr'>menses</span> <span class='ocrx_word' id='word_1_120' title='bbox 492 709 639 758; x_wconf 83' lang='lat' dir='ltr'>aliquot</span> <span class='ocrx_word' id='word_1_121' title='bbox 675 716 784 759; x_wconf 86' lang='lat' dir='ltr'>pater</span> <span class='ocrx_word' id='word_1_122' title='bbox 826 709 930 760; x_wconf 88' lang='lat' dir='ltr'>regia</span> <span class='ocrx_word' id='word_1_123' title='bbox 970 709 1198 747; x_wconf 88' lang='lat' dir='ltr'>auctoritate</span> <span class='ocrx_word' id='word_1_124' title='bbox 1238 710 1462 758; x_wconf 83' lang='lat' dir='ltr'>compulsus</span> <span class='ocrx_word' id='word_1_125' title='bbox 1503 707 1654 746; x_wconf 90' lang='lat' dir='ltr'>nobiles</span> <span class='ocrx_word' id='word_1_126' title='bbox 1696 707 1887 756; x_wconf 88' lang='lat' dir='ltr'>quosdam</span> <span class='ocrx_word' id='word_1_127' title='bbox 1928 705 2032 744; x_wconf 89' lang='lat' dir='ltr'>viros</span> <span class='ocrx_word' id='word_1_128' title='bbox 2062 720 2106 744; x_wconf 83' lang='lat' dir='ltr'>ex</span> 
     </span>
     <span class='ocr_line' id='line_1_12' title="bbox 181 759 2110 815; baseline -0.004 -12"><span class='ocrx_word' id='word_1_129' title='bbox 181 763 420 815; x_wconf 89' lang='lat' dir='ltr'>Burgundici</span> <span class='ocrx_word' id='word_1_130' title='bbox 462 765 634 800; x_wconf 85' lang='lat' dir='ltr'>Ducatus</span> <span class='ocrx_word' id='word_1_131' title='bbox 662 775 757 813; x_wconf 91' lang='lat' dir='ltr'>agro</span> <span class='ocrx_word' id='word_1_132' title='bbox 785 763 1088 812; x_wconf 90' lang='lat' dir='ltr'>comprehensos</span> <span class='ocrx_word' id='word_1_133' title='bbox 1114 761 1305 800; x_wconf 87' lang='lat' dir='ltr'>Lutetiam</span> <span class='ocrx_word' id='word_1_134' title='bbox 1335 762 1566 800; x_wconf 85' lang='lat' dir='ltr'>deduceret:</span> <span class='ocrx_word' id='word_1_135' title='bbox 1610 773 1657 798; x_wconf 82' lang='lat' dir='ltr'>ex</span> <span class='ocrx_word' id='word_1_136' title='bbox 1685 759 1845 810; x_wconf 85' lang='lat' dir='ltr'>quibus,</span> <span class='ocrx_word' id='word_1_137' title='bbox 1889 767 2006 809; x_wconf 86' lang='lat' dir='ltr'>prout</span> <span class='ocrx_word' id='word_1_138' title='bbox 2034 772 2110 797; x_wconf 87' lang='lat' dir='ltr'>ser-</span> 
     </span>
     <span class='ocr_line' id='line_1_13' title="bbox 185 812 2108 866; baseline -0.004 -10"><span class='ocrx_word' id='word_1_139' title='bbox 185 830 322 856; x_wconf 90' lang='lat' dir='ltr'>mones</span> <span class='ocrx_word' id='word_1_140' title='bbox 366 817 466 854; x_wconf 90' lang='lat' dir='ltr'>vltro</span> <span class='ocrx_word' id='word_1_141' title='bbox 518 815 693 865; x_wconf 89' lang='lat' dir='ltr'>citroque</span> <span class='ocrx_word' id='word_1_142' title='bbox 742 815 780 853; x_wconf 93' lang='lat' dir='ltr'>in</span> <span class='ocrx_word' id='word_1_143' title='bbox 822 815 1068 866; x_wconf 89' lang='lat' dir='ltr'>expeditione</span> <span class='ocrx_word' id='word_1_144' title='bbox 1113 814 1177 852; x_wconf 87' lang='lat' dir='ltr'>illa</span> <span class='ocrx_word' id='word_1_145' title='bbox 1219 815 1482 863; x_wconf 69' lang='lat' dir='ltr'>habebantur,</span> <span class='ocrx_word' id='word_1_146' title='bbox 1526 821 1634 863; x_wconf 86' lang='lat' dir='ltr'>pater</span> <span class='ocrx_word' id='word_1_147' title='bbox 1674 819 1915 863; x_wconf 86' lang='lat' dir='ltr'>cognouerat</span> <span class='ocrx_word' id='word_1_148' title='bbox 1955 812 2108 850; x_wconf 89' lang='lat' dir='ltr'>illorum</span> 
     </span>
     <span class='ocr_line' id='line_1_14' title="bbox 185 866 2110 920; baseline -0.003 -12"><span class='ocrx_word' id='word_1_149' title='bbox 185 872 376 918; x_wconf 62' lang='grc' dir='ltr'>ἀθεότητα</span> <span class='ocrx_word' id='word_1_150' title='bbox 415 868 786 920; x_wconf 89' lang='lat' dir='ltr'>deploratissimam,</span> <span class='ocrx_word' id='word_1_151' title='bbox 829 869 969 918; x_wconf 90' lang='lat' dir='ltr'>quibus</span> <span class='ocrx_word' id='word_1_152' title='bbox 1011 867 1316 906; x_wconf 85' lang='lat' dir='ltr'>adolescentiam</span> <span class='ocrx_word' id='word_1_153' title='bbox 1359 880 1486 906; x_wconf 89' lang='lat' dir='ltr'>meam</span> <span class='ocrx_word' id='word_1_154' title='bbox 1525 866 1792 905; x_wconf 84' lang='lat' dir='ltr'>commiserat:</span> <span class='ocrx_word' id='word_1_155' title='bbox 1823 877 1921 915; x_wconf 89' lang='lat' dir='ltr'>quae</span> <span class='ocrx_word' id='word_1_156' title='bbox 1949 878 2009 904; x_wconf 87' lang='lat' dir='ltr'>res</span> <span class='ocrx_word' id='word_1_157' title='bbox 2036 867 2110 903; x_wconf 88' lang='lat' dir='ltr'>sol-</span> 
     </span>
     <span class='ocr_line' id='line_1_15' title="bbox 186 918 2112 970; baseline -0.003 -9"><span class='ocrx_word' id='word_1_158' title='bbox 186 923 333 961; x_wconf 90' lang='lat' dir='ltr'>licitum</span> <span class='ocrx_word' id='word_1_159' title='bbox 375 934 463 961; x_wconf 88' lang='lat' dir='ltr'>eum</span> <span class='ocrx_word' id='word_1_160' title='bbox 504 922 696 960; x_wconf 81' lang='lat' dir='ltr'>efficiebat</span> <span class='ocrx_word' id='word_1_161' title='bbox 737 923 773 960; x_wconf 87' lang='lat'>&amp;</span> <span class='ocrx_word' id='word_1_162' title='bbox 814 922 1014 960; x_wconf 89' lang='lat' dir='ltr'>cruciabat</span> <span class='ocrx_word' id='word_1_163' title='bbox 1053 920 1274 970; x_wconf 75' lang='lat' dir='ltr'>plurimum.</span> <span class='ocrx_word' id='word_1_164' title='bbox 1303 921 1529 958; x_wconf 88' lang='lat' dir='ltr'>Laborabat</span> <span class='ocrx_word' id='word_1_165' title='bbox 1557 919 1658 958; x_wconf 86' lang='lat' dir='ltr'>enim</span> <span class='ocrx_word' id='word_1_166' title='bbox 1690 919 1856 957; x_wconf 75' lang='lat' dir='ltr'>maxime</span> <span class='ocrx_word' id='word_1_167' title='bbox 1885 919 1933 956; x_wconf 92' lang='lat' dir='ltr'>de</span> <span class='ocrx_word' id='word_1_168' title='bbox 1963 918 2112 956; x_wconf 87' lang='lat' dir='ltr'>ratione</span> 
     </span>
     <span class='ocr_line' id='line_1_16' title="bbox 187 971 2111 1026; baseline -0.003 -12"><span class='ocrx_word' id='word_1_169' title='bbox 187 982 310 1026; x_wconf 90' lang='lat' dir='ltr'>certa,</span> <span class='ocrx_word' id='word_1_170' title='bbox 352 987 428 1024; x_wconf 90' lang='lat' dir='ltr'>qua</span> <span class='ocrx_word' id='word_1_171' title='bbox 469 977 504 1013; x_wconf 74' lang='grc' dir='ltr'>δῑ</span> <span class='ocrx_word' id='word_1_172' title='bbox 532 988 593 1013; x_wconf 89' lang='lat' dir='ltr'>me</span> <span class='ocrx_word' id='word_1_173' title='bbox 622 988 668 1013; x_wconf 87' lang='lat' dir='ltr'>ex</span> <span class='ocrx_word' id='word_1_174' title='bbox 708 973 909 1024; x_wconf 81' lang='lat' dir='ltr'>pestilente</span> <span class='ocrx_word' id='word_1_175' title='bbox 948 974 1016 1012; x_wconf 93' lang='lat' dir='ltr'>illo</span> <span class='ocrx_word' id='word_1_176' title='bbox 1051 973 1250 1012; x_wconf 90' lang='lat' dir='ltr'>consortio</span> <span class='ocrx_word' id='word_1_177' title='bbox 1279 973 1442 1010; x_wconf 76' lang='lat' dir='ltr'>honeste</span> <span class='ocrx_word' id='word_1_178' title='bbox 1471 972 1676 1022; x_wconf 83' lang='lat' dir='ltr'>eximeret,</span> <span class='ocrx_word' id='word_1_179' title='bbox 1718 974 1753 1010; x_wconf 59' lang='grc' dir='ltr'>ἅ*</span> <span class='ocrx_word' id='word_1_180' title='bbox 1781 971 1952 1010; x_wconf 88' lang='lat' dir='ltr'>animum</span> <span class='ocrx_word' id='word_1_181' title='bbox 1982 983 2111 1009; x_wconf 85' lang='lat' dir='ltr'>meum</span> 
     </span>
     <span class='ocr_line' id='line_1_17' title="bbox 186 1024 2111 1078; baseline -0.003 -11"><span class='ocrx_word' id='word_1_182' title='bbox 186 1032 209 1067; x_wconf 76' lang='lat' dir='ltr'>a</span> <span class='ocrx_word' id='word_1_183' title='bbox 236 1028 436 1067; x_wconf 89' lang='lat' dir='ltr'>mortifero</span> <span class='ocrx_word' id='word_1_184' title='bbox 465 1028 620 1066; x_wconf 91' lang='lat' dir='ltr'>illorum</span> <span class='ocrx_word' id='word_1_185' title='bbox 648 1040 819 1078; x_wconf 89' lang='lat' dir='ltr'>veneno,</span> <span class='ocrx_word' id='word_1_186' title='bbox 847 1027 878 1065; x_wconf 92' lang='lat' dir='ltr'>si</span> <span class='ocrx_word' id='word_1_187' title='bbox 906 1027 1001 1076; x_wconf 88' lang='lat' dir='ltr'>quid</span> <span class='ocrx_word' id='word_1_188' title='bbox 1029 1028 1127 1065; x_wconf 76' lang='lat' dir='ltr'>forte</span> <span class='ocrx_word' id='word_1_189' title='bbox 1156 1025 1385 1064; x_wconf 88' lang='lat' dir='ltr'>infudissent</span> <span class='ocrx_word' id='word_1_190' title='bbox 1412 1025 1466 1063; x_wconf 92' lang='lat' dir='ltr'>illi</span> <span class='ocrx_word' id='word_1_191' title='bbox 1494 1025 1657 1063; x_wconf 87' lang='lat' dir='ltr'>artificio</span> <span class='ocrx_word' id='word_1_192' title='bbox 1673 1024 1973 1071; x_wconf 87' lang='lat' dir='ltr'>suo,liberaret.</span> <span class='ocrx_word' id='word_1_193' title='bbox 2002 1024 2111 1061; x_wconf 81' lang='lat' dir='ltr'>Prius</span> 
     </span>
     <span class='ocr_line' id='line_1_18' title="bbox 185 1078 2112 1132; baseline -0.003 -13"><span class='ocrx_word' id='word_1_194' title='bbox 185 1095 279 1132; x_wconf 90' lang='lat' dir='ltr'>ergo</span> <span class='ocrx_word' id='word_1_195' title='bbox 306 1088 514 1131; x_wconf 86' lang='lat' dir='ltr'>postquam</span> <span class='ocrx_word' id='word_1_196' title='bbox 544 1080 737 1119; x_wconf 90' lang='lat' dir='ltr'>Dominus</span> <span class='ocrx_word' id='word_1_197' title='bbox 764 1080 1033 1130; x_wconf 68' lang='lat' dir='ltr'>praestitisset,</span> <span class='ocrx_word' id='word_1_198' title='bbox 1062 1083 1202 1128; x_wconf 86' lang='lat' dir='ltr'>me&#39;que</span> <span class='ocrx_word' id='word_1_199' title='bbox 1230 1078 1446 1117; x_wconf 86' lang='lat' dir='ltr'>reduxisset</span> <span class='ocrx_word' id='word_1_200' title='bbox 1473 1079 1655 1127; x_wconf 78' lang='lat' dir='ltr'>domum3</span> <span class='ocrx_word' id='word_1_201' title='bbox 1679 1078 1796 1115; x_wconf 86' lang='lat' dir='ltr'>dabat</span> <span class='ocrx_word' id='word_1_202' title='bbox 1810 1085 1918 1127; x_wconf 86' lang='lat' dir='ltr'>pater</span> <span class='ocrx_word' id='word_1_203' title='bbox 1933 1090 2112 1127; x_wconf 81' lang='lat' dir='ltr'>operam,</span> 
     </span>
     <span class='ocr_line' id='line_1_19' title="bbox 187 1130 2112 1185; baseline -0.003 -12"><span class='ocrx_word' id='word_1_204' title='bbox 187 1135 217 1173; x_wconf 93' lang='lat' dir='ltr'>si</span> <span class='ocrx_word' id='word_1_205' title='bbox 257 1146 334 1185; x_wconf 82' lang='lat' dir='ltr'>qua</span> <span class='ocrx_word' id='word_1_206' title='bbox 375 1134 524 1172; x_wconf 89' lang='lat' dir='ltr'>ratione</span> <span class='ocrx_word' id='word_1_207' title='bbox 552 1133 720 1172; x_wconf 90' lang='lat' dir='ltr'>obtineri</span> <span class='ocrx_word' id='word_1_208' title='bbox 747 1140 892 1184; x_wconf 88' lang='lat' dir='ltr'>posset,</span> <span class='ocrx_word' id='word_1_209' title='bbox 920 1140 960 1171; x_wconf 93' lang='lat' dir='ltr'>vt</span> <span class='ocrx_word' id='word_1_210' title='bbox 987 1139 1070 1170; x_wconf 91' lang='lat' dir='ltr'>tum</span> <span class='ocrx_word' id='word_1_211' title='bbox 1099 1138 1269 1170; x_wconf 88' lang='lat' dir='ltr'>mentem</span> <span class='ocrx_word' id='word_1_212' title='bbox 1297 1145 1425 1170; x_wconf 88' lang='lat' dir='ltr'>meam</span> <span class='ocrx_word' id='word_1_213' title='bbox 1454 1131 1493 1168; x_wconf 89' lang='lat' dir='ltr'>in</span> <span class='ocrx_word' id='word_1_214' title='bbox 1521 1130 1673 1180; x_wconf 87' lang='lat' dir='ltr'>pietatis</span> <span class='ocrx_word' id='word_1_215' title='bbox 1705 1131 1740 1167; x_wconf 60' lang='grc' dir='ltr'>ἃ</span> <span class='ocrx_word' id='word_1_216' title='bbox 1768 1130 1964 1180; x_wconf 89' lang='lat' dir='ltr'>religionis</span> <span class='ocrx_word' id='word_1_217' title='bbox 1993 1142 2112 1168; x_wconf 73' lang='lat' dir='ltr'>causa</span> 
     </span>
     <span class='ocr_line' id='line_1_20' title="bbox 185 1182 2113 1237; baseline -0.003 -11"><span class='ocrx_word' id='word_1_218' title='bbox 185 1202 231 1226; x_wconf 92' lang='lat' dir='ltr'>ac</span> <span class='ocrx_word' id='word_1_219' title='bbox 258 1199 413 1226; x_wconf 91' lang='lat' dir='ltr'>sensum</span> <span class='ocrx_word' id='word_1_220' title='bbox 442 1193 718 1237; x_wconf 89' lang='lat' dir='ltr'>cognosceret,</span> <span class='ocrx_word' id='word_1_221' title='bbox 745 1193 828 1224; x_wconf 88' lang='lat' dir='ltr'>tum</span> <span class='ocrx_word' id='word_1_222' title='bbox 856 1192 1028 1236; x_wconf 87' lang='lat' dir='ltr'>curaret,</span> <span class='ocrx_word' id='word_1_223' title='bbox 1055 1186 1192 1223; x_wconf 86' lang='lat' dir='ltr'>leniter</span> <span class='ocrx_word' id='word_1_224' title='bbox 1219 1185 1254 1222; x_wconf 84' lang='lat'>&amp;</span> <span class='ocrx_word' id='word_1_225' title='bbox 1282 1184 1527 1234; x_wconf 88' lang='lat' dir='ltr'>imprudente</span> <span class='ocrx_word' id='word_1_226' title='bbox 1556 1196 1640 1233; x_wconf 85' lang='lat' dir='ltr'>me,</span> <span class='ocrx_word' id='word_1_227' title='bbox 1663 1182 1789 1232; x_wconf 86' lang='lat' dir='ltr'>siquid</span> <span class='ocrx_word' id='word_1_228' title='bbox 1811 1183 1995 1221; x_wconf 85' lang='lat' dir='ltr'>haesisset</span> <span class='ocrx_word' id='word_1_229' title='bbox 2020 1183 2113 1220; x_wconf 88' lang='lat' dir='ltr'>mihi</span> 
     </span>
     <span class='ocr_line' id='line_1_21' title="bbox 187 1236 2113 1289; baseline -0.004 -10"><span class='ocrx_word' id='word_1_230' title='bbox 187 1241 236 1279; x_wconf 88' lang='lat' dir='ltr'>de</span> <span class='ocrx_word' id='word_1_231' title='bbox 277 1240 348 1279; x_wconf 88' lang='lat' dir='ltr'>ista</span> <span class='ocrx_word' id='word_1_232' title='bbox 375 1242 439 1278; x_wconf 92' lang='lat' dir='ltr'>lue</span> <span class='ocrx_word' id='word_1_233' title='bbox 468 1239 806 1289; x_wconf 90' lang='lat' dir='ltr'>perniciosissima.</span> <span class='ocrx_word' id='word_1_234' title='bbox 847 1238 1041 1276; x_wconf 87' lang='lat' dir='ltr'>Visitabat</span> <span class='ocrx_word' id='word_1_235' title='bbox 1067 1237 1210 1288; x_wconf 90' lang='lat' dir='ltr'>libros,</span> <span class='ocrx_word' id='word_1_236' title='bbox 1239 1237 1366 1275; x_wconf 88' lang='lat' dir='ltr'>studia</span> <span class='ocrx_word' id='word_1_237' title='bbox 1394 1237 1725 1287; x_wconf 68' lang='lat' dir='ltr'>recognoscebat,</span> <span class='ocrx_word' id='word_1_238' title='bbox 1754 1236 1954 1274; x_wconf 86' lang='lat' dir='ltr'>consortia</span> <span class='ocrx_word' id='word_1_239' title='bbox 1983 1237 2113 1274; x_wconf 82' lang='lat' dir='ltr'>obser—</span> 
     </span>
     <span class='ocr_line' id='line_1_22' title="bbox 186 1289 2112 1342; baseline -0.003 -11"><span class='ocrx_word' id='word_1_240' title='bbox 186 1296 321 1333; x_wconf 88' lang='lat' dir='ltr'>uabat:</span> <span class='ocrx_word' id='word_1_241' title='bbox 365 1293 529 1332; x_wconf 90' lang='lat' dir='ltr'>aliorum</span> <span class='ocrx_word' id='word_1_242' title='bbox 572 1304 671 1342; x_wconf 91' lang='lat' dir='ltr'>quos</span> <span class='ocrx_word' id='word_1_243' title='bbox 718 1291 812 1330; x_wconf 88' lang='lat' dir='ltr'>mihi</span> <span class='ocrx_word' id='word_1_244' title='bbox 847 1291 1055 1330; x_wconf 90' lang='lat' dir='ltr'>familiares</span> <span class='ocrx_word' id='word_1_245' title='bbox 1092 1292 1255 1341; x_wconf 89' lang='lat' dir='ltr'>putabat</span> <span class='ocrx_word' id='word_1_246' title='bbox 1294 1291 1398 1341; x_wconf 92' lang='lat' dir='ltr'>fore,</span> <span class='ocrx_word' id='word_1_247' title='bbox 1427 1303 1590 1340; x_wconf 88' lang='lat' dir='ltr'>operam</span> <span class='ocrx_word' id='word_1_248' title='bbox 1617 1289 1851 1339; x_wconf 73' lang='lat' dir='ltr'>adhibebat,</span> <span class='ocrx_word' id='word_1_249' title='bbox 1878 1295 1920 1326; x_wconf 91' lang='lat' dir='ltr'>vt</span> <span class='ocrx_word' id='word_1_250' title='bbox 1947 1289 1995 1327; x_wconf 88' lang='lat' dir='ltr'>de</span> <span class='ocrx_word' id='word_1_251' title='bbox 2023 1301 2112 1326; x_wconf 80' lang='lat' dir='ltr'>meo</span> 
     </span>
     <span class='ocr_line' id='line_1_23' title="bbox 187 1341 2113 1397; baseline -0.004 -11"><span class='ocrx_word' id='word_1_252' title='bbox 187 1359 302 1386; x_wconf 92' lang='lat' dir='ltr'>sensu</span> <span class='ocrx_word' id='word_1_253' title='bbox 329 1360 398 1397; x_wconf 90' lang='lat' dir='ltr'>per</span> <span class='ocrx_word' id='word_1_254' title='bbox 424 1345 510 1384; x_wconf 88' lang='lat' dir='ltr'>illos</span> <span class='ocrx_word' id='word_1_255' title='bbox 539 1347 647 1383; x_wconf 89' lang='lat' dir='ltr'>fieret</span> <span class='ocrx_word' id='word_1_256' title='bbox 673 1344 834 1395; x_wconf 89' lang='lat' dir='ltr'>certior,</span> <span class='ocrx_word' id='word_1_257' title='bbox 865 1347 955 1382; x_wconf 83' lang='lat' dir='ltr'>cum</span> <span class='ocrx_word' id='word_1_258' title='bbox 983 1344 1208 1394; x_wconf 90' lang='lat' dir='ltr'>praesertim</span> <span class='ocrx_word' id='word_1_259' title='bbox 1236 1350 1411 1382; x_wconf 89' lang='lat' dir='ltr'>cerneret</span> <span class='ocrx_word' id='word_1_260' title='bbox 1438 1356 1501 1382; x_wconf 91' lang='lat' dir='ltr'>me</span> <span class='ocrx_word' id='word_1_261' title='bbox 1529 1342 1662 1381; x_wconf 90' lang='lat' dir='ltr'>natiuo</span> <span class='ocrx_word' id='word_1_262' title='bbox 1691 1342 1758 1380; x_wconf 93' lang='lat' dir='ltr'>illo</span> <span class='ocrx_word' id='word_1_263' title='bbox 1773 1342 1925 1391; x_wconf 87' lang='lat' dir='ltr'>pudore</span> <span class='ocrx_word' id='word_1_264' title='bbox 1940 1341 2113 1390; x_wconf 85' lang='lat' dir='ltr'>detineri,</span> 
     </span>
     <span class='ocr_line' id='line_1_24' title="bbox 187 1395 2114 1450; baseline -0.004 -12"><span class='ocrx_word' id='word_1_265' title='bbox 187 1414 237 1439; x_wconf 93' lang='lat' dir='ltr'>ne</span> <span class='ocrx_word' id='word_1_266' title='bbox 264 1400 358 1450; x_wconf 90' lang='lat' dir='ltr'>quid</span> <span class='ocrx_word' id='word_1_267' title='bbox 384 1405 588 1449; x_wconf 86' lang='lat' dir='ltr'>praesente</span> <span class='ocrx_word' id='word_1_268' title='bbox 615 1404 681 1436; x_wconf 88' lang='lat' dir='ltr'>aut</span> <span class='ocrx_word' id='word_1_269' title='bbox 706 1398 887 1436; x_wconf 86' lang='lat' dir='ltr'>audiente</span> <span class='ocrx_word' id='word_1_270' title='bbox 915 1397 1000 1447; x_wconf 92' lang='lat' dir='ltr'>ipso</span> <span class='ocrx_word' id='word_1_271' title='bbox 1028 1397 1186 1436; x_wconf 81' lang='lat' dir='ltr'>liberius</span> <span class='ocrx_word' id='word_1_272' title='bbox 1215 1397 1398 1435; x_wconf 89' lang='lat' dir='ltr'>dicerem.</span> <span class='ocrx_word' id='word_1_273' title='bbox 1427 1397 1604 1434; x_wconf 88' lang='lat' dir='ltr'>Tandem</span> <span class='ocrx_word' id='word_1_274' title='bbox 1634 1398 1680 1433; x_wconf 81' lang='lat' dir='ltr'>eo</span> <span class='ocrx_word' id='word_1_275' title='bbox 1710 1395 1878 1445; x_wconf 86' lang='lat' dir='ltr'>deuenit,</span> <span class='ocrx_word' id='word_1_276' title='bbox 1907 1401 1947 1432; x_wconf 90' lang='lat' dir='ltr'>vt</span> <span class='ocrx_word' id='word_1_277' title='bbox 1975 1407 2037 1432; x_wconf 88' lang='lat' dir='ltr'>me</span> <span class='ocrx_word' id='word_1_278' title='bbox 2065 1395 2114 1431; x_wconf 89' lang='lat' dir='ltr'>ad</span> 
     </span>
     <span class='ocr_line' id='line_1_25' title="bbox 188 1447 2115 1504; baseline -0.003 -15"><span class='ocrx_word' id='word_1_279' title='bbox 188 1453 401 1504; x_wconf 68' lang='grc' dir='ltr'><strong><em>παῤῥησῖιιν</em></strong></span> <span class='ocrx_word' id='word_1_280' title='bbox 441 1451 611 1501; x_wconf 88' lang='lat' dir='ltr'>aliquam</span> <span class='ocrx_word' id='word_1_281' title='bbox 655 1457 890 1501; x_wconf 90' lang='lat' dir='ltr'>prouocaret</span> <span class='ocrx_word' id='word_1_282' title='bbox 927 1452 1042 1489; x_wconf 81' lang='lat' dir='ltr'>Vltro.</span> <span class='ocrx_word' id='word_1_283' title='bbox 1083 1451 1265 1489; x_wconf 91' lang='lat' dir='ltr'>Ducebat</span> <span class='ocrx_word' id='word_1_284' title='bbox 1301 1463 1364 1488; x_wconf 93' lang='lat' dir='ltr'>me</span> <span class='ocrx_word' id='word_1_285' title='bbox 1392 1449 1468 1488; x_wconf 90' lang='lat' dir='ltr'>iarn</span> <span class='ocrx_word' id='word_1_286' title='bbox 1497 1462 1542 1487; x_wconf 89' lang='lat' dir='ltr'>ea</span> <span class='ocrx_word' id='word_1_287' title='bbox 1576 1454 1701 1487; x_wconf 87' lang='lat' dir='ltr'>aetate</span> <span class='ocrx_word' id='word_1_288' title='bbox 1729 1461 1834 1499; x_wconf 91' lang='lat' dir='ltr'>esse,</span> <span class='ocrx_word' id='word_1_289' title='bbox 1861 1459 1939 1497; x_wconf 90' lang='lat' dir='ltr'>qua</span> <span class='ocrx_word' id='word_1_290' title='bbox 1965 1449 2013 1485; x_wconf 88' lang='lat' dir='ltr'>de</span> <span class='ocrx_word' id='word_1_291' title='bbox 2041 1447 2115 1485; x_wconf 87' lang='lat' dir='ltr'>isto</span> 
     </span>
     <span class='ocr_line' id='line_1_26' title="bbox 186 1501 2115 1556; baseline -0.003 -13"><span class='ocrx_word' id='word_1_292' title='bbox 186 1508 338 1556; x_wconf 87' lang='lat' dir='ltr'>pudore</span> <span class='ocrx_word' id='word_1_293' title='bbox 378 1506 572 1543; x_wconf 91' lang='lat' dir='ltr'>inurbano</span> <span class='ocrx_word' id='word_1_294' title='bbox 615 1504 745 1543; x_wconf 88' lang='lat' dir='ltr'>decidi</span> <span class='ocrx_word' id='word_1_295' title='bbox 787 1503 932 1554; x_wconf 85' lang='lat' dir='ltr'>aliquid</span> <span class='ocrx_word' id='word_1_296' title='bbox 976 1510 1187 1554; x_wconf 88' lang='lat' dir='ltr'>oporteret:</span> <span class='ocrx_word' id='word_1_297' title='bbox 1233 1503 1264 1542; x_wconf 93' lang='lat' dir='ltr'>si</span> <span class='ocrx_word' id='word_1_298' title='bbox 1303 1503 1370 1553; x_wconf 93' lang='lat' dir='ltr'>qui</span> <span class='ocrx_word' id='word_1_299' title='bbox 1396 1503 1436 1541; x_wconf 91' lang='lat' dir='ltr'>in</span> <span class='ocrx_word' id='word_1_300' title='bbox 1464 1515 1598 1541; x_wconf 88' lang='lat' dir='ltr'>mensa</span> <span class='ocrx_word' id='word_1_301' title='bbox 1625 1514 1824 1540; x_wconf 90' lang='lat' dir='ltr'>sermones</span> <span class='ocrx_word' id='word_1_302' title='bbox 1852 1501 2115 1550; x_wconf 80' lang='lat' dir='ltr'>habebantur,</span> 
     </span>
     <span class='ocr_line' id='line_1_27' title="bbox 186 1554 2115 1608; baseline -0.003 -12"><span class='ocrx_word' id='word_1_303' title='bbox 186 1566 340 1608; x_wconf 89' lang='lat' dir='ltr'>tempus</span> <span class='ocrx_word' id='word_1_304' title='bbox 369 1571 452 1596; x_wconf 90' lang='lat' dir='ltr'>esse</span> <span class='ocrx_word' id='word_1_305' title='bbox 479 1564 521 1596; x_wconf 93' lang='lat' dir='ltr'>vt</span> <span class='ocrx_word' id='word_1_306' title='bbox 551 1557 744 1596; x_wconf 88' lang='lat' dir='ltr'>interdum</span> <span class='ocrx_word' id='word_1_307' title='bbox 771 1557 917 1607; x_wconf 91' lang='lat' dir='ltr'>aliquid</span> <span class='ocrx_word' id='word_1_308' title='bbox 946 1557 996 1595; x_wconf 91' lang='lat' dir='ltr'>de</span> <span class='ocrx_word' id='word_1_309' title='bbox 1022 1557 1118 1595; x_wconf 90' lang='lat' dir='ltr'>meis</span> <span class='ocrx_word' id='word_1_310' title='bbox 1147 1556 1282 1595; x_wconf 91' lang='lat' dir='ltr'>studiis</span> <span class='ocrx_word' id='word_1_311' title='bbox 1305 1558 1340 1595; x_wconf 87' lang='lat'>&amp;</span> <span class='ocrx_word' id='word_1_312' title='bbox 1357 1554 1695 1595; x_wconf 89' lang='lat' dir='ltr'>obseruationibus</span> <span class='ocrx_word' id='word_1_313' title='bbox 1710 1554 1886 1593; x_wconf 75' lang='lat' dir='ltr'>modeste</span> <span class='ocrx_word' id='word_1_314' title='bbox 1901 1555 2115 1592; x_wconf 82' lang='lat' dir='ltr'>conferrem</span> 
     </span>
     <span class='ocr_line' id='line_1_28' title="bbox 188 1607 2116 1661; baseline -0.003 -12"><span class='ocrx_word' id='word_1_315' title='bbox 188 1610 227 1649; x_wconf 92' lang='lat' dir='ltr'>in</span> <span class='ocrx_word' id='word_1_316' title='bbox 271 1611 468 1661; x_wconf 84' lang='lat' dir='ltr'>medium,</span> <span class='ocrx_word' id='word_1_317' title='bbox 508 1623 636 1659; x_wconf 91' lang='lat' dir='ltr'>neque</span> <span class='ocrx_word' id='word_1_318' title='bbox 679 1611 729 1648; x_wconf 92' lang='lat' dir='ltr'>ad</span> <span class='ocrx_word' id='word_1_319' title='bbox 770 1611 903 1649; x_wconf 91' lang='lat' dir='ltr'>omnia</span> <span class='ocrx_word' id='word_1_320' title='bbox 946 1612 1272 1649; x_wconf 85' lang='lat' dir='ltr'>obmutescerem:</span> <span class='ocrx_word' id='word_1_321' title='bbox 1314 1609 1346 1649; x_wconf 93' lang='lat' dir='ltr'>si</span> <span class='ocrx_word' id='word_1_322' title='bbox 1373 1611 1525 1660; x_wconf 87' lang='lat' dir='ltr'>fecero,</span> <span class='ocrx_word' id='word_1_323' title='bbox 1554 1607 1628 1659; x_wconf 91' lang='lat' dir='ltr'>ipsi</span> <span class='ocrx_word' id='word_1_324' title='bbox 1656 1609 1691 1646; x_wconf 59' lang='grc' dir='ltr'>ἃ</span> <span class='ocrx_word' id='word_1_325' title='bbox 1719 1607 1802 1645; x_wconf 90' lang='lat' dir='ltr'>aliis</span> <span class='ocrx_word' id='word_1_326' title='bbox 1826 1608 1875 1645; x_wconf 89' lang='lat' dir='ltr'>de</span> <span class='ocrx_word' id='word_1_327' title='bbox 1902 1607 2116 1645; x_wconf 88' lang='lat' dir='ltr'>studiorum</span> 
     </span>
     <span class='ocr_line' id='line_1_29' title="bbox 190 1660 2117 1715; baseline -0.003 -13"><span class='ocrx_word' id='word_1_328' title='bbox 190 1676 370 1703; x_wconf 87' lang='lat' dir='ltr'>meorum</span> <span class='ocrx_word' id='word_1_329' title='bbox 413 1665 591 1714; x_wconf 88' lang='lat' dir='ltr'>profectu</span> <span class='ocrx_word' id='word_1_330' title='bbox 637 1663 915 1715; x_wconf 83' lang='lat' dir='ltr'>constiturum,</span> <span class='ocrx_word' id='word_1_331' title='bbox 956 1665 991 1702; x_wconf 68' lang='grc' dir='ltr'>ἃ</span> <span class='ocrx_word' id='word_1_332' title='bbox 1034 1677 1096 1702; x_wconf 91' lang='lat' dir='ltr'>me</span> <span class='ocrx_word' id='word_1_333' title='bbox 1139 1663 1318 1702; x_wconf 91' lang='lat' dir='ltr'>habitum</span> <span class='ocrx_word' id='word_1_334' title='bbox 1362 1663 1564 1701; x_wconf 89' lang='lat' dir='ltr'>meliorem</span> <span class='ocrx_word' id='word_1_335' title='bbox 1605 1661 1644 1699; x_wconf 92' lang='lat' dir='ltr'>in</span> <span class='ocrx_word' id='word_1_336' title='bbox 1672 1660 1754 1699; x_wconf 91' lang='lat' dir='ltr'>dies</span> <span class='ocrx_word' id='word_1_337' title='bbox 1780 1660 1876 1699; x_wconf 88' lang='lat' dir='ltr'>mihi</span> <span class='ocrx_word' id='word_1_338' title='bbox 1903 1661 1952 1698; x_wconf 92' lang='lat' dir='ltr'>ad</span> <span class='ocrx_word' id='word_1_339' title='bbox 1977 1660 2117 1698; x_wconf 89' lang='lat' dir='ltr'>iustum</span> 
     </span>
     <span class='ocr_line' id='line_1_30' title="bbox 188 1713 2118 1768; baseline -0.003 -13"><span class='ocrx_word' id='word_1_340' title='bbox 188 1717 343 1756; x_wconf 91' lang='lat' dir='ltr'>illorum</span> <span class='ocrx_word' id='word_1_341' title='bbox 385 1716 603 1756; x_wconf 90' lang='lat' dir='ltr'>studiorum</span> <span class='ocrx_word' id='word_1_342' title='bbox 646 1728 758 1755; x_wconf 89' lang='lat' dir='ltr'>vsum</span> <span class='ocrx_word' id='word_1_343' title='bbox 799 1716 1072 1768; x_wconf 82' lang='lat' dir='ltr'>actionesque,</span> <span class='ocrx_word' id='word_1_344' title='bbox 1111 1716 1150 1755; x_wconf 91' lang='lat' dir='ltr'>in</span> <span class='ocrx_word' id='word_1_345' title='bbox 1187 1717 1329 1766; x_wconf 88' lang='lat' dir='ltr'>quibus</span> <span class='ocrx_word' id='word_1_346' title='bbox 1365 1718 1449 1754; x_wconf 91' lang='lat' dir='ltr'>laus</span> <span class='ocrx_word' id='word_1_347' title='bbox 1476 1715 1627 1754; x_wconf 88' lang='lat' dir='ltr'>virtutis</span> <span class='ocrx_word' id='word_1_348' title='bbox 1655 1713 1850 1762; x_wconf 87' lang='lat' dir='ltr'>consistit,</span> <span class='ocrx_word' id='word_1_349' title='bbox 1878 1721 2118 1764; x_wconf 89' lang='lat' dir='ltr'>paraturum.</span> 
     </span>
     <span class='ocr_line' id='line_1_31' title="bbox 191 1767 2117 1820; baseline -0.003 -11"><span class='ocrx_word' id='word_1_350' title='bbox 191 1771 348 1810; x_wconf 91' lang='lat' dir='ltr'>Crebris</span> <span class='ocrx_word' id='word_1_351' title='bbox 390 1771 425 1808; x_wconf 87' lang='lat'>&amp;</span> <span class='ocrx_word' id='word_1_352' title='bbox 470 1769 743 1808; x_wconf 89' lang='lat' dir='ltr'>amantissimis</span> <span class='ocrx_word' id='word_1_353' title='bbox 773 1770 930 1808; x_wconf 89' lang='lat' dir='ltr'>monitis</span> <span class='ocrx_word' id='word_1_354' title='bbox 957 1771 1149 1809; x_wconf 86' lang='lat' dir='ltr'>adductus</span> <span class='ocrx_word' id='word_1_355' title='bbox 1177 1769 1407 1808; x_wconf 91' lang='lat' dir='ltr'>confirmaui</span> <span class='ocrx_word' id='word_1_356' title='bbox 1433 1769 1516 1820; x_wconf 90' lang='lat' dir='ltr'>ipse</span> <span class='ocrx_word' id='word_1_357' title='bbox 1543 1781 1624 1814; x_wconf 89' lang='lat' dir='ltr'>me,</span> <span class='ocrx_word' id='word_1_358' title='bbox 1653 1774 1693 1806; x_wconf 91' lang='lat' dir='ltr'>vt</span> <span class='ocrx_word' id='word_1_359' title='bbox 1720 1767 1915 1806; x_wconf 89' lang='lat' dir='ltr'>interdum</span> <span class='ocrx_word' id='word_1_360' title='bbox 1944 1779 2117 1805; x_wconf 85' lang='lat' dir='ltr'>mensam</span> 
     </span>
     <span class='ocr_line' id='line_1_32' title="bbox 188 1819 2120 1874; baseline -0.003 -12"><span class='ocrx_word' id='word_1_361' title='bbox 188 1830 388 1874; x_wconf 88' lang='lat' dir='ltr'>paternam</span> <span class='ocrx_word' id='word_1_362' title='bbox 428 1836 611 1862; x_wconf 90' lang='lat' dir='ltr'>sermone</span> <span class='ocrx_word' id='word_1_363' title='bbox 639 1823 790 1874; x_wconf 84' lang='lat' dir='ltr'>aliquo,</span> <span class='ocrx_word' id='word_1_364' title='bbox 818 1824 887 1862; x_wconf 90' lang='lat' dir='ltr'>sed</span> <span class='ocrx_word' id='word_1_365' title='bbox 926 1823 1183 1874; x_wconf 89' lang='lat' dir='ltr'>paucissimo,</span> <span class='ocrx_word' id='word_1_366' title='bbox 1220 1835 1478 1874; x_wconf 90' lang='lat' dir='ltr'>aspergerem.</span> <span class='ocrx_word' id='word_1_367' title='bbox 1520 1821 1636 1860; x_wconf 88' lang='lat' dir='ltr'>Breui</span> <span class='ocrx_word' id='word_1_368' title='bbox 1669 1827 1896 1870; x_wconf 86' lang='lat' dir='ltr'>assequutus</span> <span class='ocrx_word' id='word_1_369' title='bbox 1926 1826 1983 1858; x_wconf 90' lang='lat' dir='ltr'>est</span> <span class='ocrx_word' id='word_1_370' title='bbox 2012 1819 2120 1868; x_wconf 90' lang='lat' dir='ltr'>quod</span> 
     </span>
     <span class='ocr_line' id='line_1_33' title="bbox 188 1873 2117 1927; baseline -0.004 -12"><span class='ocrx_word' id='word_1_371' title='bbox 188 1877 345 1915; x_wconf 90' lang='lat' dir='ltr'>volebat</span> <span class='ocrx_word' id='word_1_372' title='bbox 386 1883 512 1927; x_wconf 91' lang='lat' dir='ltr'>pater:</span> <span class='ocrx_word' id='word_1_373' title='bbox 555 1889 634 1914; x_wconf 92' lang='lat' dir='ltr'>non</span> <span class='ocrx_word' id='word_1_374' title='bbox 677 1876 781 1914; x_wconf 91' lang='lat' dir='ltr'>enim</span> <span class='ocrx_word' id='word_1_375' title='bbox 818 1877 886 1915; x_wconf 90' lang='lat' dir='ltr'>diu</span> <span class='ocrx_word' id='word_1_376' title='bbox 926 1876 1102 1915; x_wconf 85' lang='lat' dir='ltr'>continui</span> <span class='ocrx_word' id='word_1_377' title='bbox 1141 1889 1226 1922; x_wconf 89' lang='lat' dir='ltr'>me,</span> <span class='ocrx_word' id='word_1_378' title='bbox 1255 1876 1349 1926; x_wconf 92' lang='lat' dir='ltr'>quin</span> <span class='ocrx_word' id='word_1_379' title='bbox 1377 1875 1507 1926; x_wconf 88' lang='lat' dir='ltr'>specie</span> <span class='ocrx_word' id='word_1_380' title='bbox 1533 1874 1659 1913; x_wconf 89' lang='lat' dir='ltr'>inanis</span> <span class='ocrx_word' id='word_1_381' title='bbox 1683 1873 1865 1912; x_wconf 87' lang='lat' dir='ltr'>scientiae</span> <span class='ocrx_word' id='word_1_382' title='bbox 1893 1885 2117 1911; x_wconf 89' lang='lat' dir='ltr'>sermonem</span> 
     </span>
     <span class='ocr_line' id='line_1_34' title="bbox 188 1926 2118 1979; baseline -0.003 -11"><span class='ocrx_word' id='word_1_383' title='bbox 188 1929 356 1979; x_wconf 87' lang='lat' dir='ltr'>aliquem</span> <span class='ocrx_word' id='word_1_384' title='bbox 397 1930 446 1968; x_wconf 90' lang='lat' dir='ltr'>de</span> <span class='ocrx_word' id='word_1_385' title='bbox 475 1928 730 1968; x_wconf 86' lang='lat' dir='ltr'>foetidissima</span> <span class='ocrx_word' id='word_1_386' title='bbox 757 1929 822 1967; x_wconf 89' lang='lat' dir='ltr'>illa</span> <span class='ocrx_word' id='word_1_387' title='bbox 845 1931 1054 1978; x_wconf 71' lang='grc' dir='ltr'><strong><em>ἀθεότητος</em></strong></span> <span class='ocrx_word' id='word_1_388' title='bbox 1082 1931 1189 1968; x_wconf 89' lang='lat' dir='ltr'>faece</span> <span class='ocrx_word' id='word_1_389' title='bbox 1217 1941 1457 1968; x_wconf 90' lang='lat' dir='ltr'>euomerem.</span> <span class='ocrx_word' id='word_1_390' title='bbox 1497 1928 1577 1967; x_wconf 79' lang='lat' dir='ltr'>Hic</span> <span class='ocrx_word' id='word_1_391' title='bbox 1608 1930 1723 1977; x_wconf 80' lang='lat' dir='ltr'>vero,</span> <span class='ocrx_word' id='word_1_392' title='bbox 1751 1928 1858 1965; x_wconf 91' lang='lat' dir='ltr'>Deus</span> <span class='ocrx_word' id='word_1_393' title='bbox 1885 1926 2014 1973; x_wconf 87' lang='lat' dir='ltr'>bone,</span> <span class='ocrx_word' id='word_1_394' title='bbox 2043 1937 2118 1974; x_wconf 84' lang='lat' dir='ltr'>qua</span> 
     </span>
     <span class='ocr_line' id='line_1_35' title="bbox 187 1978 2120 2033; baseline -0.003 -13"><span class='ocrx_word' id='word_1_395' title='bbox 187 1982 326 2033; x_wconf 89' lang='lat' dir='ltr'>gratia,</span> <span class='ocrx_word' id='word_1_396' title='bbox 356 1994 433 2033; x_wconf 90' lang='lat' dir='ltr'>qua</span> <span class='ocrx_word' id='word_1_397' title='bbox 460 1981 690 2021; x_wconf 90' lang='lat' dir='ltr'>auctoritate</span> <span class='ocrx_word' id='word_1_398' title='bbox 717 1982 1051 2021; x_wconf 89' lang='lat' dir='ltr'>inconsideratum</span> <span class='ocrx_word' id='word_1_399' title='bbox 1079 1994 1209 2021; x_wconf 90' lang='lat' dir='ltr'>meum</span> <span class='ocrx_word' id='word_1_400' title='bbox 1237 1995 1459 2021; x_wconf 90' lang='lat' dir='ltr'>sermonem</span> <span class='ocrx_word' id='word_1_401' title='bbox 1474 1980 1656 2032; x_wconf 84' lang='lat' dir='ltr'>repressit</span> <span class='ocrx_word' id='word_1_402' title='bbox 1669 1986 1798 2030; x_wconf 86' lang='lat' dir='ltr'>pater,</span> <span class='ocrx_word' id='word_1_403' title='bbox 1814 1992 1895 2017; x_wconf 92' lang='lat' dir='ltr'>non</span> <span class='ocrx_word' id='word_1_404' title='bbox 1911 1978 2120 2028; x_wconf 86' lang='lat' dir='ltr'>obiurgans</span> 
     </span>
     <span class='ocr_line' id='line_1_36' title="bbox 189 2032 2119 2087; baseline -0.003 -13"><span class='ocrx_word' id='word_1_405' title='bbox 189 2042 254 2074; x_wconf 88' lang='lat' dir='ltr'>aut</span> <span class='ocrx_word' id='word_1_406' title='bbox 280 2036 467 2074; x_wconf 90' lang='lat' dir='ltr'>inuehens</span> <span class='ocrx_word' id='word_1_407' title='bbox 493 2035 533 2073; x_wconf 89' lang='lat' dir='ltr'>in</span> <span class='ocrx_word' id='word_1_408' title='bbox 560 2048 642 2086; x_wconf 87' lang='lat' dir='ltr'>me,</span> <span class='ocrx_word' id='word_1_409' title='bbox 669 2048 750 2074; x_wconf 92' lang='lat' dir='ltr'>non</span> <span class='ocrx_word' id='word_1_410' title='bbox 781 2036 830 2074; x_wconf 91' lang='lat' dir='ltr'>de</span> <span class='ocrx_word' id='word_1_411' title='bbox 858 2049 900 2074; x_wconf 89' lang='lat' dir='ltr'>re</span> <span class='ocrx_word' id='word_1_412' title='bbox 926 2035 1148 2087; x_wconf 79' lang='lat' dir='ltr'>disputans;</span> <span class='ocrx_word' id='word_1_413' title='bbox 1177 2036 1246 2074; x_wconf 91' lang='lat' dir='ltr'>sed</span> <span class='ocrx_word' id='word_1_414' title='bbox 1273 2035 1357 2086; x_wconf 79' lang='lat' dir='ltr'>pie,</span> <span class='ocrx_word' id='word_1_415' title='bbox 1389 2038 1543 2084; x_wconf 83' lang='lat' dir='ltr'>sancte,</span> <span class='ocrx_word' id='word_1_416' title='bbox 1571 2035 1710 2085; x_wconf 77' lang='lat' dir='ltr'>docte,</span> <span class='ocrx_word' id='word_1_417' title='bbox 1737 2032 1951 2082; x_wconf 80' lang='lat' dir='ltr'>leniterque</span> <span class='ocrx_word' id='word_1_418' title='bbox 1972 2032 2119 2069; x_wconf 89' lang='lat' dir='ltr'>docens</span> 
     </span>
     <span class='ocr_line' id='line_1_37' title="bbox 189 2084 2120 2139; baseline -0.003 -13"><span class='ocrx_word' id='word_1_419' title='bbox 189 2090 232 2126; x_wconf 84' lang='grc' dir='ltr'>τὸ</span> <span class='ocrx_word' id='word_1_420' title='bbox 273 2089 430 2136; x_wconf 74' lang='grc' dir='ltr'><strong><em>ἐπέχειν</em></strong></span> <span class='ocrx_word' id='word_1_421' title='bbox 469 2088 509 2126; x_wconf 91' lang='lat' dir='ltr'>in</span> <span class='ocrx_word' id='word_1_422' title='bbox 542 2088 588 2127; x_wconf 93' lang='lat' dir='ltr'>iis</span> <span class='ocrx_word' id='word_1_423' title='bbox 629 2090 745 2127; x_wconf 89' lang='lat' dir='ltr'>rebus</span> <span class='ocrx_word' id='word_1_424' title='bbox 772 2100 873 2139; x_wconf 86' lang='lat' dir='ltr'>quae</span> <span class='ocrx_word' id='word_1_425' title='bbox 903 2089 1087 2127; x_wconf 89' lang='lat' dir='ltr'>nondum</span> <span class='ocrx_word' id='word_1_426' title='bbox 1116 2088 1206 2127; x_wconf 90' lang='lat' dir='ltr'>satis</span> <span class='ocrx_word' id='word_1_427' title='bbox 1234 2088 1329 2127; x_wconf 91' lang='lat' dir='ltr'>mihi</span> <span class='ocrx_word' id='word_1_428' title='bbox 1357 2089 1538 2139; x_wconf 85' lang='lat' dir='ltr'>cognitae</span> <span class='ocrx_word' id='word_1_429' title='bbox 1567 2093 1632 2125; x_wconf 90' lang='lat' dir='ltr'>aut</span> <span class='ocrx_word' id='word_1_430' title='bbox 1658 2087 1881 2136; x_wconf 85' lang='lat' dir='ltr'>exploratae</span> <span class='ocrx_word' id='word_1_431' title='bbox 1909 2091 2056 2134; x_wconf 86' lang='lat' dir='ltr'>essent,</span> <span class='ocrx_word' id='word_1_432' title='bbox 2086 2084 2120 2120; x_wconf 83' lang='lat'>&amp;</span> 
     </span>
     <span class='ocr_line' id='line_1_38' title="bbox 189 2136 2121 2192; baseline -0.003 -13"><span class='ocrx_word' id='word_1_433' title='bbox 189 2143 398 2180; x_wconf 90' lang='lat' dir='ltr'>doctorum</span> <span class='ocrx_word' id='word_1_434' title='bbox 438 2141 641 2180; x_wconf 89' lang='lat' dir='ltr'>hominurn</span> <span class='ocrx_word' id='word_1_435' title='bbox 668 2141 812 2180; x_wconf 89' lang='lat' dir='ltr'>iudicia</span> <span class='ocrx_word' id='word_1_436' title='bbox 839 2144 928 2180; x_wconf 76' lang='lat' dir='ltr'>ante</span> <span class='ocrx_word' id='word_1_437' title='bbox 957 2142 1154 2181; x_wconf 90' lang='lat' dir='ltr'>audienda</span> <span class='ocrx_word' id='word_1_438' title='bbox 1181 2144 1299 2191; x_wconf 79' lang='lat' dir='ltr'>quarn</span> <span class='ocrx_word' id='word_1_439' title='bbox 1328 2142 1572 2192; x_wconf 88' lang='lat' dir='ltr'>prodendam</span> <span class='ocrx_word' id='word_1_440' title='bbox 1600 2141 1747 2178; x_wconf 74' lang='lat' dir='ltr'>temere</span> <span class='ocrx_word' id='word_1_441' title='bbox 1774 2138 2040 2188; x_wconf 78' lang='lat' dir='ltr'>inscientiam3</span> <span class='ocrx_word' id='word_1_442' title='bbox 2068 2136 2121 2174; x_wconf 89' lang='lat' dir='ltr'>ita</span> 
     </span>
     <span class='ocr_line' id='line_1_39' title="bbox 193 2189 2120 2245; baseline -0.003 -13"><span class='ocrx_word' id='word_1_443' title='bbox 193 2207 257 2232; x_wconf 91' lang='lat' dir='ltr'>me</span> <span class='ocrx_word' id='word_1_444' title='bbox 298 2194 466 2244; x_wconf 90' lang='lat' dir='ltr'>grauiter</span> <span class='ocrx_word' id='word_1_445' title='bbox 508 2194 758 2245; x_wconf 84' lang='lat' dir='ltr'>compressit,</span> <span class='ocrx_word' id='word_1_446' title='bbox 798 2202 840 2233; x_wconf 89' lang='lat' dir='ltr'>vt</span> <span class='ocrx_word' id='word_1_447' title='bbox 881 2208 928 2233; x_wconf 89' lang='lat' dir='ltr'>ex</span> <span class='ocrx_word' id='word_1_448' title='bbox 968 2208 1016 2234; x_wconf 93' lang='lat' dir='ltr'>eo</span> <span class='ocrx_word' id='word_1_449' title='bbox 1053 2202 1233 2245; x_wconf 88' lang='lat' dir='ltr'>tempore</span> <span class='ocrx_word' id='word_1_450' title='bbox 1269 2196 1398 2245; x_wconf 90' lang='lat' dir='ltr'>legem</span> <span class='ocrx_word' id='word_1_451' title='bbox 1436 2196 1578 2243; x_wconf 77' lang='grc' dir='ltr'><em>ἐποχῆς</em></span> <span class='ocrx_word' id='word_1_452' title='bbox 1613 2192 1707 2231; x_wconf 91' lang='lat' dir='ltr'>mihi</span> <span class='ocrx_word' id='word_1_453' title='bbox 1735 2193 1856 2230; x_wconf 75' lang='lat' dir='ltr'>ferme</span> <span class='ocrx_word' id='word_1_454' title='bbox 1885 2203 2038 2241; x_wconf 89' lang='lat' dir='ltr'>semper</span> <span class='ocrx_word' id='word_1_455' title='bbox 2065 2189 2120 2226; x_wconf 89' lang='lat' dir='ltr'>in-</span> 
     </span>
     <span class='ocr_line' id='line_1_40' title="bbox 190 2244 2121 2299; baseline -0.004 -13"><span class='ocrx_word' id='word_1_456' title='bbox 190 2247 353 2286; x_wconf 85' lang='lat' dir='ltr'>dixerim</span> <span class='ocrx_word' id='word_1_457' title='bbox 382 2247 627 2287; x_wconf 90' lang='lat' dir='ltr'>sermonibus</span> <span class='ocrx_word' id='word_1_458' title='bbox 654 2247 846 2298; x_wconf 81' lang='lat' dir='ltr'>iudicissq.</span> <span class='ocrx_word' id='word_1_459' title='bbox 874 2248 1079 2299; x_wconf 87' lang='lat' dir='ltr'>omnibus,</span> <span class='ocrx_word' id='word_1_460' title='bbox 1100 2248 1229 2287; x_wconf 91' lang='lat' dir='ltr'>donec</span> <span class='ocrx_word' id='word_1_461' title='bbox 1244 2261 1326 2286; x_wconf 90' lang='lat' dir='ltr'>rem</span> <span class='ocrx_word' id='word_1_462' title='bbox 1342 2248 1617 2298; x_wconf 91' lang='lat' dir='ltr'>cognouissem</span> <span class='ocrx_word' id='word_1_463' title='bbox 1633 2244 1797 2296; x_wconf 90' lang='lat' dir='ltr'>penitus.</span> <span class='ocrx_word' id='word_1_464' title='bbox 1812 2245 2121 2284; x_wconf 88' lang='lat' dir='ltr'>Demosthenem</span> 
     </span>
     <span class='ocr_line' id='line_1_41' title="bbox 191 2296 2123 2352; baseline -0.003 -14"><span class='ocrx_word' id='word_1_465' title='bbox 191 2307 370 2352; x_wconf 83' lang='lat' dir='ltr'>narrant,</span> <span class='ocrx_word' id='word_1_466' title='bbox 412 2312 532 2351; x_wconf 91' lang='lat' dir='ltr'>quum</span> <span class='ocrx_word' id='word_1_467' title='bbox 573 2301 802 2340; x_wconf 88' lang='lat' dir='ltr'>adolescens</span> <span class='ocrx_word' id='word_1_468' title='bbox 843 2301 1004 2351; x_wconf 90' lang='lat' dir='ltr'>quidam</span> <span class='ocrx_word' id='word_1_469' title='bbox 1044 2301 1145 2340; x_wconf 90' lang='lat' dir='ltr'>inter</span> <span class='ocrx_word' id='word_1_470' title='bbox 1184 2302 1326 2351; x_wconf 91' lang='lat' dir='ltr'>pocula</span> <span class='ocrx_word' id='word_1_471' title='bbox 1366 2306 1577 2351; x_wconf 87' lang='lat' dir='ltr'>nugaretur</span> <span class='ocrx_word' id='word_1_472' title='bbox 1605 2298 1735 2337; x_wconf 89' lang='lat' dir='ltr'>multis</span> <span class='ocrx_word' id='word_1_473' title='bbox 1763 2299 1798 2336; x_wconf 65' lang='grc' dir='ltr'>ἃ</span> <span class='ocrx_word' id='word_1_474' title='bbox 1827 2306 1955 2337; x_wconf 87' lang='lat' dir='ltr'>tacere</span> <span class='ocrx_word' id='word_1_475' title='bbox 1983 2296 2123 2343; x_wconf 85' lang='lat' dir='ltr'>nollet,</span> 
     </span>
     <span class='ocr_line' id='line_1_42' title="bbox 189 2351 2123 2405; baseline -0.003 -14"><span class='ocrx_word' id='word_1_476' title='bbox 189 2353 329 2392; x_wconf 84' lang='lat' dir='ltr'>dixisse</span> <span class='ocrx_word' id='word_1_477' title='bbox 355 2354 659 2404; x_wconf 75' lang='lat' dir='ltr'>percommode,</span> <span class='ocrx_word' id='word_1_478' title='bbox 688 2356 798 2393; x_wconf 88' lang='lat' dir='ltr'>Heus</span> <span class='ocrx_word' id='word_1_479' title='bbox 828 2360 869 2392; x_wconf 91' lang='lat' dir='ltr'>tu</span> <span class='ocrx_word' id='word_1_480' title='bbox 894 2355 1145 2405; x_wconf 89' lang='lat' dir='ltr'>adolescens,</span> <span class='ocrx_word' id='word_1_481' title='bbox 1174 2354 1378 2404; x_wconf 90' lang='lat' dir='ltr'>quomodo</span> <span class='ocrx_word' id='word_1_482' title='bbox 1406 2367 1487 2392; x_wconf 91' lang='lat' dir='ltr'>non</span> <span class='ocrx_word' id='word_1_483' title='bbox 1516 2351 1685 2391; x_wconf 87' lang='lat' dir='ltr'>didicisti</span> <span class='ocrx_word' id='word_1_484' title='bbox 1713 2351 1763 2389; x_wconf 89' lang='lat' dir='ltr'>ab</span> <span class='ocrx_word' id='word_1_485' title='bbox 1789 2364 1837 2390; x_wconf 87' lang='lat' dir='ltr'>eo</span> <span class='ocrx_word' id='word_1_486' title='bbox 1852 2351 2123 2401; x_wconf 75' lang='lat' dir='ltr'>tacere,aquo</span> 
     </span>
     <span class='ocr_line' id='line_1_43' title="bbox 191 2401 2123 2458; baseline -0.004 -14"><span class='ocrx_word' id='word_1_487' title='bbox 191 2406 360 2445; x_wconf 88' lang='lat' dir='ltr'>didicisti</span> <span class='ocrx_word' id='word_1_488' title='bbox 399 2404 530 2457; x_wconf 87' lang='lat' dir='ltr'>loqui?</span> <span class='ocrx_word' id='word_1_489' title='bbox 557 2408 777 2457; x_wconf 90' lang='lat' dir='ltr'>Vtrumque</span> <span class='ocrx_word' id='word_1_490' title='bbox 804 2420 868 2446; x_wconf 91' lang='lat' dir='ltr'>me</span> <span class='ocrx_word' id='word_1_491' title='bbox 895 2407 1042 2458; x_wconf 78' lang='lat' dir='ltr'>optime</span> <span class='ocrx_word' id='word_1_492' title='bbox 1069 2408 1148 2446; x_wconf 90' lang='lat' dir='ltr'>hoc</span> <span class='ocrx_word' id='word_1_493' title='bbox 1176 2414 1292 2457; x_wconf 90' lang='lat' dir='ltr'>pacto</span> <span class='ocrx_word' id='word_1_494' title='bbox 1323 2408 1494 2446; x_wconf 89' lang='lat' dir='ltr'>docebat</span> <span class='ocrx_word' id='word_1_495' title='bbox 1521 2412 1643 2456; x_wconf 90' lang='lat' dir='ltr'>pater.</span> <span class='ocrx_word' id='word_1_496' title='bbox 1671 2405 1750 2443; x_wconf 89' lang='lat' dir='ltr'>Sed</span> <span class='ocrx_word' id='word_1_497' title='bbox 1777 2403 1854 2442; x_wconf 86' lang='lat' dir='ltr'>iam</span> <span class='ocrx_word' id='word_1_498' title='bbox 1883 2405 1979 2442; x_wconf 91' lang='lat' dir='ltr'>alter</span> <span class='ocrx_word' id='word_1_499' title='bbox 2006 2401 2060 2439; x_wconf 91' lang='lat' dir='ltr'>illi</span> <span class='ocrx_word' id='word_1_500' title='bbox 2088 2401 2123 2437; x_wconf 61' lang='grc' dir='ltr'>ἃ*</span> 
     </span>
     <span class='ocr_line' id='line_1_44' title="bbox 190 2459 2126 2511; baseline -0.003 -14"><span class='ocrx_word' id='word_1_501' title='bbox 190 2459 347 2509; x_wconf 90' lang='lat' dir='ltr'>grauior</span> <span class='ocrx_word' id='word_1_502' title='bbox 386 2462 555 2499; x_wconf 88' lang='lat' dir='ltr'>restabat</span> <span class='ocrx_word' id='word_1_503' title='bbox 595 2461 729 2511; x_wconf 88' lang='lat' dir='ltr'>labor,</span> <span class='ocrx_word' id='word_1_504' title='bbox 757 2467 798 2498; x_wconf 93' lang='lat' dir='ltr'>vt</span> <span class='ocrx_word' id='word_1_505' title='bbox 825 2460 1097 2511; x_wconf 89' lang='lat' dir='ltr'>grauissimum</span> <span class='ocrx_word' id='word_1_506' title='bbox 1123 2460 1228 2499; x_wconf 90' lang='lat' dir='ltr'>istud</span> <span class='ocrx_word' id='word_1_507' title='bbox 1256 2467 1446 2499; x_wconf 89' lang='lat' dir='ltr'>retectum</span> <span class='ocrx_word' id='word_1_508' title='bbox 1475 2459 1515 2497; x_wconf 91' lang='lat' dir='ltr'>in</span> <span class='ocrx_word' id='word_1_509' title='bbox 1542 2471 1606 2497; x_wconf 91' lang='lat' dir='ltr'>me</span> <span class='ocrx_word' id='word_1_510' title='bbox 1634 2459 1669 2496; x_wconf 87' lang='lat'>&amp;</span> <span class='ocrx_word' id='word_1_511' title='bbox 1698 2464 1945 2508; x_wconf 87' lang='lat' dir='ltr'>compertum</span> <span class='ocrx_word' id='word_1_512' title='bbox 1975 2461 2126 2493; x_wconf 86' lang='lat' dir='ltr'>curaret</span> 
     </span>
     <span class='ocr_line' id='line_1_45' title="bbox 193 2507 2123 2564; baseline -0.003 -14"><span class='ocrx_word' id='word_1_513' title='bbox 193 2513 350 2550; x_wconf 90' lang='lat' dir='ltr'>malum.</span> <span class='ocrx_word' id='word_1_514' title='bbox 391 2514 454 2552; x_wconf 91' lang='lat' dir='ltr'>De</span> <span class='ocrx_word' id='word_1_515' title='bbox 494 2513 696 2552; x_wconf 87' lang='lat' dir='ltr'>curatione</span> <span class='ocrx_word' id='word_1_516' title='bbox 737 2513 975 2564; x_wconf 87' lang='lat' dir='ltr'>cogitantem</span> <span class='ocrx_word' id='word_1_517' title='bbox 1019 2513 1333 2564; x_wconf 80' lang='lat' dir='ltr'>diligentissime,</span> <span class='ocrx_word' id='word_1_518' title='bbox 1376 2513 1482 2551; x_wconf 89' lang='lat' dir='ltr'>aliud</span> <span class='ocrx_word' id='word_1_519' title='bbox 1522 2518 1662 2562; x_wconf 89' lang='lat' dir='ltr'>agente</span> <span class='ocrx_word' id='word_1_520' title='bbox 1702 2523 1788 2556; x_wconf 89' lang='lat' dir='ltr'>me,</span> <span class='ocrx_word' id='word_1_521' title='bbox 1828 2508 1974 2549; x_wconf 87' lang='lat' dir='ltr'>leuauit</span> <span class='ocrx_word' id='word_1_522' title='bbox 2001 2507 2123 2545; x_wconf 87' lang='lat' dir='ltr'>modo</span> 
     </span>
     <span class='ocr_line' id='line_1_46' title="bbox 191 2559 2125 2616; baseline -0.003 -14"><span class='ocrx_word' id='word_1_523' title='bbox 191 2565 498 2605; x_wconf 84' lang='lat' dir='ltr'>extraordinario</span> <span class='ocrx_word' id='word_1_524' title='bbox 527 2568 646 2605; x_wconf 87' lang='lat' dir='ltr'>Deus.</span> <span class='ocrx_word' id='word_1_525' title='bbox 679 2567 782 2604; x_wconf 86' lang='lat' dir='ltr'>Nam</span> <span class='ocrx_word' id='word_1_526' title='bbox 810 2568 901 2605; x_wconf 77' lang='lat' dir='ltr'>cum</span> <span class='ocrx_word' id='word_1_527' title='bbox 930 2566 1070 2605; x_wconf 90' lang='lat' dir='ltr'>eodem</span> <span class='ocrx_word' id='word_1_528' title='bbox 1099 2579 1203 2604; x_wconf 89' lang='lat' dir='ltr'>anno</span> <span class='ocrx_word' id='word_1_529' title='bbox 1231 2566 1411 2616; x_wconf 89' lang='lat' dir='ltr'>publicae</span> <span class='ocrx_word' id='word_1_530' title='bbox 1439 2565 1652 2604; x_wconf 88' lang='lat' dir='ltr'>conciones</span> <span class='ocrx_word' id='word_1_531' title='bbox 1680 2564 1815 2602; x_wconf 89' lang='lat' dir='ltr'>haberi</span> <span class='ocrx_word' id='word_1_532' title='bbox 1843 2562 2064 2612; x_wconf 89' lang='lat' dir='ltr'>coepissent</span> <span class='ocrx_word' id='word_1_533' title='bbox 2086 2559 2125 2597; x_wconf 90' lang='lat' dir='ltr'>in</span> 
     </span>
     <span class='ocr_line' id='line_1_47' title="bbox 192 2613 2126 2669; baseline -0.003 -14"><span class='ocrx_word' id='word_1_534' title='bbox 192 2618 340 2666; x_wconf 85' lang='lat' dir='ltr'>Gallia,</span> <span class='ocrx_word' id='word_1_535' title='bbox 380 2619 523 2658; x_wconf 87' lang='lat' dir='ltr'>accidit</span> <span class='ocrx_word' id='word_1_536' title='bbox 562 2625 603 2657; x_wconf 90' lang='lat' dir='ltr'>vt</span> <span class='ocrx_word' id='word_1_537' title='bbox 644 2630 808 2669; x_wconf 89' lang='lat' dir='ltr'>magnus</span> <span class='ocrx_word' id='word_1_538' title='bbox 848 2619 912 2658; x_wconf 91' lang='lat' dir='ltr'>ille</span> <span class='ocrx_word' id='word_1_539' title='bbox 951 2620 1251 2658; x_wconf 88' lang='lat' dir='ltr'>Iurisconsultus</span> <span class='ocrx_word' id='word_1_540' title='bbox 1279 2620 1448 2658; x_wconf 89' lang='lat' dir='ltr'>Iacobus</span> <span class='ocrx_word' id='word_1_541' title='bbox 1476 2617 1659 2656; x_wconf 87' lang='lat' dir='ltr'>Cuiacius</span> <span class='ocrx_word' id='word_1_542' title='bbox 1689 2617 1754 2665; x_wconf 91' lang='lat' dir='ltr'>(ad</span> <span class='ocrx_word' id='word_1_543' title='bbox 1781 2616 1890 2655; x_wconf 87' lang='lat' dir='ltr'>cuius</span> <span class='ocrx_word' id='word_1_544' title='bbox 1917 2613 2126 2653; x_wconf 88' lang='lat' dir='ltr'>lectionem</span> 
     </span>
     <span class='ocr_line' id='line_1_48' title="bbox 191 2667 2126 2723; baseline -0.003 -15"><span class='ocrx_word' id='word_1_545' title='bbox 191 2670 426 2710; x_wconf 89' lang='lat' dir='ltr'>audiendam</span> <span class='ocrx_word' id='word_1_546' title='bbox 462 2673 512 2710; x_wconf 91' lang='lat' dir='ltr'>de</span> <span class='ocrx_word' id='word_1_547' title='bbox 548 2685 658 2711; x_wconf 90' lang='lat' dir='ltr'>more</span> <span class='ocrx_word' id='word_1_548' title='bbox 689 2675 1006 2723; x_wconf 87' lang='lat' dir='ltr'>properaueram)</span> <span class='ocrx_word' id='word_1_549' title='bbox 1035 2672 1098 2711; x_wconf 93' lang='lat' dir='ltr'>die</span> <span class='ocrx_word' id='word_1_550' title='bbox 1126 2673 1299 2722; x_wconf 87' lang='lat' dir='ltr'>quodam</span> <span class='ocrx_word' id='word_1_551' title='bbox 1326 2671 1577 2723; x_wconf 89' lang='lat' dir='ltr'>praepeditus</span> <span class='ocrx_word' id='word_1_552' title='bbox 1605 2670 1721 2709; x_wconf 88' lang='lat' dir='ltr'>certis</span> <span class='ocrx_word' id='word_1_553' title='bbox 1749 2667 2074 2719; x_wconf 89' lang='lat' dir='ltr'>occupationibus</span> <span class='ocrx_word' id='word_1_554' title='bbox 2103 2667 2126 2702; x_wconf 73' lang='lat' dir='ltr'>a</span> 
     </span>
     <span class='ocr_line' id='line_1_49' title="bbox 190 2719 2126 2764; baseline -0.004 -3"><span class='ocrx_word' id='word_1_555' title='bbox 190 2723 360 2763; x_wconf 89' lang='lat' dir='ltr'>lectione</span> <span class='ocrx_word' id='word_1_556' title='bbox 393 2724 589 2764; x_wconf 90' lang='lat' dir='ltr'>ordinaria</span> <span class='ocrx_word' id='word_1_557' title='bbox 621 2725 843 2764; x_wconf 91' lang='lat' dir='ltr'>abstineret.</span> <span class='ocrx_word' id='word_1_558' title='bbox 878 2727 972 2764; x_wconf 90' lang='lat' dir='ltr'>Erat</span> <span class='ocrx_word' id='word_1_559' title='bbox 998 2732 1129 2764; x_wconf 89' lang='lat' dir='ltr'>autem</span> <span class='ocrx_word' id='word_1_560' title='bbox 1155 2724 1251 2763; x_wconf 92' lang='lat' dir='ltr'>mihi</span> <span class='ocrx_word' id='word_1_561' title='bbox 1279 2727 1300 2763; x_wconf 79' lang='lat' dir='ltr'>e</span> <span class='ocrx_word' id='word_1_562' title='bbox 1329 2725 1473 2764; x_wconf 91' lang='lat' dir='ltr'>scholis</span> <span class='ocrx_word' id='word_1_563' title='bbox 1501 2723 1680 2762; x_wconf 92' lang='lat' dir='ltr'>redeunti</span> <span class='ocrx_word' id='word_1_564' title='bbox 1708 2722 1871 2760; x_wconf 89' lang='lat' dir='ltr'>domum</span> <span class='ocrx_word' id='word_1_565' title='bbox 1906 2719 2126 2759; x_wconf 85' lang='lat' dir='ltr'>faciendum</span> 
     </span>
    </p>
   </div>
   <div class='ocr_carea' id='block_1_3' title="bbox 190 2770 2129 2879">
    <p class='ocr_par' dir='ltr' id='par_1_3' title="bbox 190 2770 2129 2879">
     <span class='ocr_line' id='line_1_50' title="bbox 190 2770 2128 2860; baseline -0.003 -46"><span class='ocrx_word' id='word_1_566' title='bbox 190 2776 262 2814; x_wconf 92' lang='lat' dir='ltr'>iter</span> <span class='ocrx_word' id='word_1_567' title='bbox 287 2777 337 2816; x_wconf 88' lang='lat' dir='ltr'>ad</span> <span class='ocrx_word' id='word_1_568' title='bbox 365 2778 482 2817; x_wconf 86' lang='lat' dir='ltr'>aedes</span> <span class='ocrx_word' id='word_1_569' title='bbox 508 2779 592 2817; x_wconf 87' lang='lat' dir='ltr'>illas</span> <span class='ocrx_word' id='word_1_570' title='bbox 622 2778 662 2816; x_wconf 92' lang='lat' dir='ltr'>in</span> <span class='ocrx_word' id='word_1_571' title='bbox 682 2778 821 2828; x_wconf 91' lang='lat' dir='ltr'>quibus</span> <span class='ocrx_word' id='word_1_572' title='bbox 849 2785 930 2817; x_wconf 90' lang='lat' dir='ltr'>erat</span> <span class='ocrx_word' id='word_1_573' title='bbox 953 2778 1163 2828; x_wconf 87' lang='lat' dir='ltr'>plurimum</span> <span class='ocrx_word' id='word_1_574' title='bbox 1179 2778 1338 2816; x_wconf 87' lang='lat' dir='ltr'>concio:</span> <span class='ocrx_word' id='word_1_575' title='bbox 1367 2778 1562 2829; x_wconf 89' lang='lat' dir='ltr'>ingressus</span> <span class='ocrx_word' id='word_1_576' title='bbox 1577 2775 1836 2824; x_wconf 87' lang='lat' dir='ltr'>concionem,</span> <span class='ocrx_word' id='word_1_577' title='bbox 1866 2770 2128 2860; x_wconf 59' lang='lat' dir='ltr'>perfunctgrie</span> 
     </span>
     <span class='ocr_line' id='line_1_51' title="bbox 1169 2835 2129 2879; baseline -0.006 -13"><span class='ocrx_word' id='word_1_578' title='bbox 1169 2842 1190 2879; x_wconf 87' lang='lat'>3</span> <span class='ocrx_word' id='word_1_579' title='bbox 1993 2835 2040 2862; x_wconf 90' lang='lat' dir='ltr'>au</span> <span class='ocrx_word' id='word_1_580' title='bbox 2073 2835 2129 2871; x_wconf 82' lang='lat'>10,</span> 
     </span>
    </p>
   </div>
  </div>
 </body>
</html>
