2334 3020
270 79 319 117 86
909 88 975 115 DE
1016 89 1162 115 VERA
1205 89 1559 120 THEOLOGIA.

267 196 420 235 diuinae
449 196 629 234 omnibus
657 194 784 233 modis
811 201 987 233 naturam
1014 202 1186 234 nostram
1211 199 1247 234 &
1267 196 1380 235 huius
1403 198 1570 238 vniuersi
1582 199 1700 238 totius
1716 205 1910 248 superant.
1941 200 2190 250 Quapropter

269 251 359 287 cum
386 262 458 286 nec
483 250 506 285 a
533 248 666 297 nobis,
694 260 766 286 nec
794 250 817 285 a
844 254 980 286 natura
1007 251 1042 286 &
1068 249 1314 288 vniuersitate
1339 257 1499 289 naturae
1514 252 1795 302 comprehendi
1809 251 1974 301 possint:
1997 255 2100 291 certe
2114 266 2188 292 nec

272 302 311 339 in
336 301 515 350 homine,
543 313 616 338 nec
643 300 682 337 in
709 313 750 338 re
779 307 908 338 creata
935 301 1032 351 vlla,
1061 314 1107 339 ac
1132 314 1182 339 ne
1212 302 1251 339 in
1280 309 1362 340 tota
1390 303 1547 352 quidem
1574 307 1647 343 hac
1675 304 1922 343 uniuersitate
1951 317 2085 343 caussa
2108 307 2187 344 effi-

272 354 376 391 ciens
415 353 653 403 Theologiae
695 354 915 402 quaerenda
951 360 1019 391 est.
1061 354 1141 391 Cur
1175 353 1277 391 enim
1310 362 1516 403 quaeratur
1543 357 1582 395 in
1608 371 1649 396 re
1678 358 1888 408 eiusmodi,
1916 358 1984 395 vbi
2010 371 2083 396 nec
2111 365 2188 410 est,

272 418 344 443 nec
384 417 554 454 vnquam
594 405 718 443 inesse
745 412 872 454 potest
900 406 1048 444 interna
1076 407 1132 453 vi,
1161 413 1226 444 aut
1254 408 1436 446 facultate
1463 407 1604 458 ipsius?
1633 411 1766 449 Genus
1793 411 2081 460 supernaturale
2108 418 2189 462 est,

272 471 351 496 non
380 458 493 507 igitur
518 460 541 496 a
569 470 703 496 caussa
730 458 909 509 naturali,
937 471 1011 496 nec
1039 460 1089 497 ab
1116 459 1198 508 ipsa
1227 459 1385 508 quidem
1414 468 1550 500 natura
1576 463 1771 512 proficisci
1784 470 1925 512 potest.
1953 463 2059 512 Quin
2074 463 2189 502 etiam

271 523 391 560 vsque
432 511 531 549 adeo
572 512 860 560 supernaturale
902 518 979 562 est,
1021 519 1060 550 vt
1096 513 1119 549 a
1154 514 1241 550 Deo
1270 513 1374 563 solo,
1401 515 1507 552 velut
1533 515 1726 554 efficiente
1754 528 1888 554 caussa
1915 518 1950 554 δε
1978 515 2188 567 principio,

271 563 433 613 produci
474 563 615 613 possit,
657 564 747 613 quia
787 566 931 603 formas
974 566 1281 614 supernaturales
1321 567 1425 604 solus
1466 568 1648 616 producit
1687 570 1813 620 Deus,
1853 581 1934 607 non
1961 570 2088 607 forma
2113 582 2190 608 vna

268 619 442 655 alteram.
484 617 707 654 Secundum
734 628 854 666 genus
881 617 1009 666 itaque
1037 629 1156 667 quum
1187 619 1236 656 de
1263 618 1482 669 Theologia
1508 621 1623 659 nobis
1650 620 1859 659 dicendum
1888 628 1962 672 est,
1989 621 2103 660 vnica
2132 629 2189 660 est

268 672 303 707 ἃ
331 669 530 719 singularis
558 680 693 707 caussa
719 670 891 708 efficiens
918 670 1030 708 illius.
1060 672 1137 709 Sed
1163 671 1253 720 quia
1282 672 1451 720 speciem
1473 673 1715 723 Theologiae
1729 674 2059 724 circumscriptam
2073 686 2188 723 quae-

268 723 405 768 rimus,
447 724 482 760 &
523 734 698 760 caussam
740 723 973 762 efficientem
1014 723 1130 773 illius,
1166 731 1282 773 prout
1314 724 1572 775 Theologiam
1599 727 1702 764 hanc
1729 734 1901 765 nostram
1929 728 2188 778 appellamus,

268 775 356 813 ideo
397 788 570 812 caussam
606 777 753 824 quidem
799 777 1027 825 Theologiae
1062 777 1256 815 absolutae
1289 784 1444 815 nostrae
1479 793 1592 817 vliam
1614 781 1874 830 principalem
1901 781 2059 818 dicimus
2085 793 2189 818 esse:

268 830 441 865 Alteram
466 829 556 866 vert>
583 830 930 867 instrumentalem:
960 829 1050 878 quia
1076 832 1186 868 certo
1215 830 1324 879 quasi
1350 829 1606 870 instrumento
1635 833 1853 882 Theologia
1880 832 2075 883 illa,quae
2089 835 2190 883 pure

267 882 290 917 a
331 881 418 918 Deo
454 882 629 929 profecta
670 888 744 932 est,
772 881 937 920 efficitur
964 889 1115 933 nostra,
1144 885 1178 921 δι
1207 884 1248 932 (f.
1281 885 1410 933 1410.)
1440 884 1549 933 quasi
1575 884 1612 922 in
1642 885 1827 923 familiam
1854 885 1989 924 transit
2015 885 2190 923 humani-

265 933 427 982 generis.
457 932 519 971 Sic
547 933 742 983 duplicem
773 946 949 973 caussam
977 935 1208 974 efficientem
1238 948 1320 974 esse
1348 937 1588 987 Theologiae
1616 937 1840 976 asserimus:
1875 939 2023 989 Vnam,
2051 938 2191 988 princi-

265 987 412 1035 palem,
441 997 541 1035 quae
568 987 826 1037 Theologiam
854 988 891 1026 vi
920 1001 988 1026 sua
1015 988 1237 1026 informauit
1258 990 1358 1027 sola:
1383 991 1543 1028 alteram
1559 991 1912 1041 instrumentalem,
1928 1003 2026 1040 quae
2042 991 2190 1041 sapien-

261 1038 353 1076 tiam
382 1039 487 1076 illam
515 1038 697 1078 diuinitus
724 1040 971 1079 inform-atam
999 1041 1144 1091 aptauit
1173 1043 1208 1079 ἃ
1234 1043 1550 1081 accommodauit
1577 1044 1627 1082 ad
1655 1050 1812 1093 captum
1828 1050 2014 1082 nostrum.
2045 1045 2193 1092 Quam-

261 1092 399 1130 obrem
428 1093 477 1130 de
505 1099 666 1141 Vtraque
691 1105 761 1132 suo
790 1094 925 1132 ordine
953 1094 1138 1144 deinceps
1166 1095 1287 1133 acturi
1313 1107 1457 1134 sumus.

321 1146 431 1183 Tlies.
459 1156 575 1184 XXIX.
616 1148 853 1197 Principalis
881 1149 1076 1197 efficiens,
1107 1149 1155 1185 ἐφ’
1182 1149 1356 1186 absolata
1383 1162 1521 1187 caussa
1549 1156 1705 1188 nostrae
1745 1150 1785 1186 T
1778 1150 1974 1197 lieologiae
2000 1155 2057 1187 est
2080 1151 2192 1187 Deus

260 1199 383 1235 Pater
410 1200 450 1235 ia
477 1200 578 1237 Filio
596 1206 676 1250 per
703 1200 890 1250 Spiritum
918 1213 1027 1238 suum
1055 1213 1136 1238 eam
1164 1203 1382 1252 inspirans,
1411 1208 1453 1241 vt
1476 1204 1544 1251 qai
1568 1204 1698 1241 vulcus
1726 1208 1782 1240 est
1806 1208 1936 1253 actor,
1962 1203 2011 1239 ἐφ’
2034 1203 2192 1252 effector

261 1263 449 1300 Stllllmlls,
477 1264 522 1288 ac
539 1252 847 1302 perfectissimis
874 1255 1083 1303 sapientiae
1109 1255 1223 1291 lzm‘as
1251 1256 1290 1292 isi
1318 1257 1437 1292 seruis
1464 1257 1556 1292 suis.
1586 1255 1907 1303 Quotiescunque
1929 1266 2058 1293 rerum
2080 1255 2193 1293 effec-

261 1310 388 1341 tarum
423 1315 564 1342 causae
601 1305 738 1343 ordine
773 1306 1064 1357 expenduntur,
1094 1306 1208 1354 (ordo
1235 1314 1365 1345 autem
1393 1307 1492 1345 inter
1519 1309 1648 1357 plures
1677 1307 1791 1346 simul
1820 1307 2029 1346 efficientes
2059 1309 2193 1346 obser-

262 1356 344 1394 uari
371 1356 504 1406 debet)
536 1356 578 1395 id
605 1370 758 1408 semper
784 1371 943 1397 necesse
971 1366 1048 1409 est,
1076 1367 1118 1397 vt
1145 1361 1224 1409 ejus
1253 1371 1410 1410 causae,
1442 1372 1541 1410 quae
1559 1362 1793 1411 principalis
1822 1367 1897 1410 est,
1925 1359 2023 1399 ratio
2048 1360 2192 1410 princi-

261 1409 399 1458 paliter
427 1410 635 1462 habeatur,
664 1423 920 1461 quaecunque
946 1413 1106 1450 tandem
1134 1412 1209 1450 sint
1236 1413 1286 1450 ad
1313 1424 1432 1451 vnum
1462 1414 1645 1452 effectum
1675 1420 1966 1452 concurrentes.
1994 1413 2071 1452 Sed
2100 1413 2191 1462 quia

261 1462 301 1500 in
340 1463 455 1501 rebus
497 1463 634 1501 creatis
670 1463 878 1514 plurimum
912 1464 1074 1515 accidit,
1111 1472 1151 1503 vt
1179 1465 1304 1504 causis
1332 1465 1506 1515 pluribus
1535 1466 1634 1504 inter
1662 1479 1702 1504 εθ
1730 1465 1986 1517 coordinatis,
2016 1465 2189 1516 singulae

261 1515 439 1564 partiales
467 1515 543 1554 sint
570 1519 627 1565 (vt
654 1520 810 1566 vocant)
840 1518 873 1554 ἃ
901 1530 973 1567 pro
1002 1529 1070 1556 sua
1097 1524 1205 1568 parte
1233 1518 1271 1556 in
1287 1518 1489 1557 communi
1510 1519 1650 1557 effectu
1674 1526 1902 1569 operentur:
1919 1525 2058 1557 contra
2072 1522 2188 1569 vero,

261 1579 360 1617 quae
401 1580 542 1607 causae
583 1570 689 1608 solae
730 1570 962 1608 sufficientes
1001 1583 1072 1620 per
1105 1583 1144 1609 se
1181 1571 1468 1621 efficientesque
1505 1579 1613 1622 sunt,
1654 1585 1722 1610 eae
1762 1572 1940 1610 dicantur
1966 1572 2188 1610 absolutae:

261 1623 466 1670 propterea
496 1623 545 1661 de
578 1624 694 1661 rebus
722 1622 861 1661 diuinis
897 1623 1039 1673 acturi,
1068 1636 1167 1674 quae
1195 1631 1279 1663 toto
1302 1637 1444 1674 genere
1468 1625 1503 1662 ἃ
1518 1626 1639 1663 modo
1655 1626 1704 1663 ab
1721 1624 1926 1663 effectione
1941 1635 2069 1663 rerum
2086 1637 2192 1662 crea-

262 1682 388 1712 tarum
430 1674 630 1726 differunt,
671 1675 750 1714 duo
791 1676 975 1715 attributa
1001 1676 1115 1715 simul
1145 1677 1438 1728 coniunximus,
1467 1689 1586 1727 quum
1614 1677 1727 1715 simul
1749 1679 2005 1727 principalem
2033 1690 2190 1715 cansam

263 1729 505 1778 afficientem,
536 1730 585 1766 ἐφ’
613 1729 825 1767 absolutam
855 1736 1010 1768 nostrae
1030 1731 1260 1778 Theologiae
1275 1730 1502 1769 diceremus.
1529 1730 1786 1780 Principalem
1801 1731 1864 1768 vel
1879 1730 2129 1780 praecipuam
2143 1733 2190 1769 θὸ

261 1781 519 1831 appellamus,
549 1781 656 1831 quod
683 1793 822 1820 causae
850 1783 960 1820 vnius
989 1795 1079 1820 cum
1109 1784 1228 1821 altera
1255 1784 1305 1821 ad
1333 1784 1501 1821 eundem
1529 1785 1711 1821 effectum
1736 1782 1964 1832 pertinentis
1979 1784 2021 1821 fit
2036 1795 2193 1833 compa-

261 1832 370 1872 ratio.
400 1835 633 1872 Absolutam
661 1837 777 1884 vero,
805 1836 911 1884 quod
939 1834 1022 1873 sine
1048 1835 1122 1874 alia
1149 1837 1226 1874 vlla
1253 1835 1482 1886 adiuuante,
1515 1843 1684 1886 praestat
1713 1838 1896 1874 effectum
1924 1847 2036 1873 suum
2059 1835 2098 1874 vi
2111 1837 2195 1874 sola

261 1888 295 1923 ἃ*
324 1887 505 1925 facultate
533 1900 611 1925 sua.
641 1887 724 1926 Etsi
752 1894 882 1926 autem
912 1888 991 1926 duo
1018 1889 1116 1927 haec
1143 1889 1181 1927 in
1209 1890 1324 1927 rebus
1352 1889 1489 1927 creatis
1516 1902 1597 1927 non
1626 1896 1790 1939 possunt
1812 1889 1923 1927 facile
1939 1901 2193 1927 concurrere:

259 1945 388 1976 tamen
430 1938 470 1976 in
511 1941 625 1978 rebus
667 1939 807 1979 diuinis
848 1947 1056 1990 Vtrumque
1097 1941 1211 1979 simul
1244 1948 1452 1991 propterea
1483 1941 1774 1992 coniungimus:
1817 1949 1899 1979 tum
1929 1942 2036 1991 quod
2064 1943 2194 1979 Deum

261 1992 453 2030 credimus
490 2000 529 2030 vt
557 2005 714 2031 causam
743 1993 976 2032 efficientem
1003 1995 1241 2043 absolutam,
1269 1994 1308 2032 in
1337 1994 1541 2042 omnibus,
1569 1994 1684 2033 etiam
1710 1994 1750 2032 in
1779 1994 2041 2032 subordinatis
2070 1994 2194 2032 causis

259 2044 427 2095 operari,
469 2053 551 2083 tum
588 2046 679 2095 quia
716 2046 747 2084 si
775 2057 870 2096 quas
899 2058 1033 2084 causas
1062 2047 1225 2096 amplius
1254 2047 1434 2097 adhibet,
1466 2060 1619 2097 semper
1648 2047 1902 2097 principalem
1929 2047 2028 2085 inter
2057 2060 2194 2085 omnes

257 2108 391 2134 causas
420 2098 590 2146 obtinet,
619 2099 759 2148 quibus
788 2099 1071 2149 sapientissime
1102 2099 1384 2150 iustissimeque
1413 2100 1542 2149 vtitur,
1570 2107 1610 2138 vt
1626 2100 1800 2150 perficiat
1814 2101 2055 2138 voluntatem
2071 2112 2193 2138 suam.

259 2150 378 2197 Quod
406 2149 438 2187 si
465 2163 525 2188 res
553 2152 629 2188 vlla
658 2158 715 2189 est
742 2163 841 2200 quae
869 2165 1003 2190 caussa
1030 2152 1248 2191 admirabili
1275 2154 1310 2190 &
1337 2152 1604 2202 potentissima
1633 2165 1730 2202 opus
1746 2153 1938 2202 habuerit,
1958 2165 2004 2190 ea
2019 2155 2122 2191 certe
2137 2159 2194 2191 est

257 2202 494 2252 Theologia,
524 2215 640 2252 quam
668 2204 846 2243 homines
875 2218 954 2243 non
982 2207 1005 2242 a
1030 2212 1187 2254 natura,
1217 2207 1285 2244 sed
1311 2207 1334 2243 a
1360 2206 1504 2255 gratiae
1532 2207 1659 2244 solum
1675 2205 2032 2244 communicatione
2046 2206 2192 2244 habere

259 2262 438 2304 possunt,
480 2268 527 2293 ex
569 2268 646 2304 quo
689 2257 906 2306 Theologia
948 2266 1102 2304 nostra,
1142 2259 1182 2296 id
1224 2266 1301 2308 est,
1342 2259 1512 2296 humana
1542 2258 1614 2296 fuit
1640 2260 1845 2308 appellata.
1887 2260 1989 2296 Nam
2017 2258 2048 2296 si
2075 2271 2193 2296 nemo

261 2307 449 2357 cognouit
492 2321 537 2346 ea
577 2321 677 2357 quae
719 2317 806 2347 sunt
849 2309 1018 2348 hominis
1059 2310 1132 2348 nisi
1173 2311 1326 2361 spiritus
1365 2310 1551 2360 hominis,
1595 2312 1661 2360 qui
1702 2319 1758 2350 est
1785 2312 1824 2349 in
1854 2324 1926 2349 eo:
1952 2313 2063 2349 certe
2090 2311 2193 2349 hanc

260 2360 486 2409 sapientiam
516 2373 616 2410 quae
644 2368 699 2399 est
727 2362 914 2411 sapientia
942 2363 1062 2401 diuini
1090 2363 1264 2413 spiritus,
1294 2376 1410 2402 nemo
1439 2365 1559 2401 homo
1589 2365 1659 2402 fuit
1675 2364 1912 2415 cogniturus,
1928 2363 2001 2401 nisi
2015 2375 2194 2413 superue-

257 2413 376 2451 nisset
408 2414 563 2452 aliunde
601 2415 706 2463 apud
734 2415 911 2454 homines
938 2416 1137 2455 reuelatio.
1181 2418 1431 2466 Quapropter
1460 2428 1637 2454 caussam
1666 2417 1901 2455 efficientem
1927 2417 2040 2455 huius
2067 2417 2193 2455 Theo-

258 2465 385 2516 logiae
414 2467 615 2504 statuimus
644 2480 727 2505 esse
755 2469 883 2506 Deum
910 2470 1062 2507 Patrem
1092 2469 1132 2507 in
1160 2469 1258 2507 Filio
1287 2482 1356 2518 per
1383 2469 1566 2518 Spiritum
1594 2481 1726 2520 suum,
1755 2469 1795 2507 id
1823 2477 1901 2519 θεῖ,
1925 2481 2046 2507 vnum
2060 2482 2194 2508 verum

259 2522 533 2568 aeternumque
570 2521 718 2569 Deum,
762 2522 797 2558 ἃ*
834 2520 873 2558 in
901 2521 1045 2560 vnitate
1074 2522 1262 2561 essentiae
1291 2529 1366 2559 tres
1395 2535 1603 2572 personas,
1634 2522 1894 2560 communiter
1921 2528 2126 2572 operantes
2154 2521 2193 2559 in

257 2572 331 2609 hac
358 2572 713 2610 communicatione
744 2573 900 2619 gratiae.
930 2574 1027 2622 Quis
1055 2575 1158 2613 enim
1187 2576 1332 2613 reuelet
1360 2587 1405 2612 ea
1434 2586 1533 2624 quae
1562 2582 1650 2612 suut
1678 2574 1773 2625 Dei,
1809 2574 1924 2613 etiarn
1939 2575 2192 2624 profundissi-

260 2637 341 2668 ma,
369 2624 442 2662 nisi
471 2625 632 2674 Spiritus
659 2623 764 2663 Dei?
793 2628 828 2663 ἃ*
856 2626 894 2663 in
923 2639 1023 2675 quo,
1052 2634 1119 2665 aut
1147 2630 1170 2665 a
1197 2640 1275 2677 quo
1306 2627 1466 2676 Spiritus
1495 2627 1600 2665 idem
1615 2629 1854 2666 reuelaturus
1871 2634 1940 2678 est,
1954 2627 2193 2665 nisiinFilio

261 2676 475 2714 mediatore
516 2684 668 2726 nostro,
711 2680 745 2716 δῖ
787 2680 810 2715 a
852 2680 983 2730 Patre,
1028 2680 1093 2729 qui
1134 2679 1255 2718 filium
1293 2679 1402 2718 dedit
1438 2681 1673 2729 Prophetam
1712 2681 1747 2717 &
1784 2680 2008 2729 magistrum
2037 2679 2192 2718 vnicum

261 2729 461 2767 Ecclesiae
490 2743 594 2768 suae.

2066 2784 2193 2823 Huius
