2334 3020
285 103 361 153 346
835 110 903 138 DE
944 111 1224 139 POLITIAE
1267 112 1433 140 MOSls
1475 110 1664 140 OBSER.

339 219 396 255 Ex
436 218 510 254 hac
548 216 663 266 igitur
692 216 855 255 immota
884 219 919 256 &
947 224 1149 256 constante
1176 219 1327 268 regula,
1370 229 1469 268 quae
1498 217 1709 256 essentialis
1737 225 1794 256 est
1821 218 2028 257 maiestatis
2057 219 2213 258 diuinae

282 270 400 309 illius:
429 283 498 319 per
526 269 923 308 communicationem
952 272 987 309 &
1015 270 1354 321 participationem
1380 270 1576 320 quandam
1604 270 1701 309 aliae
1725 284 1862 310 omnes
1887 273 2066 323 regulae,
2098 274 2134 311 &
2161 273 2211 311 ab

282 324 356 361 1136
383 325 440 371 (vt
464 322 516 360 ita
544 321 736 370 dicamus)
765 324 961 373 regulatae
988 323 1028 361 in
1056 324 1170 362 rebus
1185 325 1226 374 (f.
1247 326 1361 375 1493)
1386 323 1528 362 ⁴creatis
1552 323 1770 375 extiterunt,
1794 324 1891 364 aliae
1905 325 2025 363 tacito
2039 326 2213 375 quodam

283 375 404 414 modo
433 382 549 424 atque
576 374 758 413 instinctu
788 375 1040 428 informatae,
1068 376 1166 415 aliae
1190 379 1284 416 vero
1312 376 1476 415 traditae
1503 383 1636 426 aperta
1662 377 1851 428 quadam,
1886 377 1966 416 siue
1992 378 2087 426 Dei,
2130 378 2212 416 siue

284 440 420 467 eorum
444 440 565 478 penes
593 439 692 477 quos
720 428 790 466 fuit
817 429 1026 467 auctoritas
1049 429 1336 468 testificatione:
1366 431 1427 468 Ac
1454 430 1621 480 proinde
1647 431 1746 469 haec
1773 443 1850 469 vna
1877 436 2033 470 aeterna
2059 431 2214 482 dicitur,

289 482 376 519 illae
403 480 442 518 in
466 487 644 530 tempore
673 481 863 531 extitisse,
891 482 941 520 de
965 483 1106 532 quibus
1129 482 1205 521 iam
1234 483 1374 521 dicturi
1400 495 1546 523 sumus.

340 535 457 571 Thes.
496 547 533 583 3.
570 534 716 572 Earum
751 535 880 584 legum
908 548 1006 584 quae
1032 537 1072 574 in
1099 542 1268 587 tempore
1294 535 1520 587 extiterunt,
1549 537 1645 576 haec
1666 536 1791 587 prima
1814 535 1972 587 diuisio,
2000 536 2212 575 seeundum

283 585 473 637 principia
513 587 617 625 vnde
657 588 855 637 profectae
885 595 992 626 sunt:
1034 589 1143 638 quod
1167 591 1227 627 lex
1254 591 1334 627 alia
1360 591 1557 628 naturalis
1584 595 1656 640 est,
1685 592 1766 628 alia
1792 596 1958 629 naturae
1984 591 2214 629 adueniens:

283 639 374 689 quia
407 639 444 677 in
485 640 601 678 rebus
639 640 777 678 creatis
817 641 1004 691 quicquid
1033 648 1109 692 est,
1151 641 1248 681 illud
1272 642 1434 681 omnino
1458 649 1525 681 aut
1551 642 1785 693 principium
1813 642 2006 681 internum
2033 645 2057 681 a
2076 649 2212 682 natura

282 693 401 730 habet
435 691 475 729 in
502 691 612 742 ipsis,
654 700 719 731 aut
746 693 837 743 ipsis
864 694 1023 732 aduenit
1049 695 1144 733 foris
1171 697 1195 733 a
1222 695 1413 745 principio
1441 695 1574 746 aliquo
1602 702 1762 734 externo
1790 702 1929 746 agente
1956 696 2060 747 ipsa,
2096 702 2214 746 atque

283 745 323 783 in
351 744 442 794 ipsis
471 751 676 796 operante,
705 746 893 796 quicquid
921 754 998 798 est,
1026 755 1092 786 aut
1118 747 1293 786 innatum
1321 761 1425 800 esse,
1454 756 1521 787 aut
1549 748 1804 788 aduentitium
1827 749 1923 787 illud
1949 762 2108 788 necesse
2136 756 2212 788 est:

283 797 380 835 nihil
421 798 461 835 in
499 800 615 837 rebus
642 799 821 838 humanis
849 807 957 838 extra
983 802 1053 839 has
1082 801 1178 839 duas
1204 801 1484 851 principiorum
1513 802 1624 841 sedes
1652 815 1701 840 ne
1730 801 1944 852 excogitari
1971 801 2132 853 quidem
2159 803 2211 841 ab

283 852 362 889 vllo
393 857 533 900 potest.
568 853 628 889 Ac
664 852 830 902 proinde
859 855 949 892 cum
976 855 1039 892 lex
1068 855 1230 893 omnino
1254 854 1344 893 insit
1372 856 1486 894 rebus
1514 854 1652 894 creatis
1679 855 1730 893 ad
1755 855 1964 905 imaginem
1990 855 2092 902 Dei,
2127 867 2213 894 earn

282 911 348 941 aut
375 903 548 941 innatam
570 917 679 954 esse,
709 912 776 943 aut
803 907 1052 956 superuenire
1082 913 1241 946 naturae
1270 907 1361 946 huic
1389 921 1549 947 necesse
1578 915 1655 947 est:
1684 914 1791 947 extra
1807 908 2095 947 distinctionem
2109 908 2212 946 hanc

283 956 377 994 nihil
404 956 619 995 adinueniri
648 960 737 996 vere
766 966 831 997 aut
858 960 1030 1010 confingi
1057 967 1199 1010 potest.

343 1011 416 1046 Lex
444 1012 640 1048 naturalis
670 1011 750 1049 siue
777 1011 949 1062 ingenita
979 1014 1034 1051 sic
1061 1013 1282 1052 definitura
1311 1013 1445 1066 nobis,
1473 1021 1513 1053 vt
1528 1022 1780 1053 communem
1796 1013 1901 1052 illam
1917 1013 2212 1064 &analogicam

287 1062 554 1100 definitionem
590 1063 686 1113 legis
720 1064 759 1102 in
793 1065 986 1116 principio
1014 1066 1185 1116 positam
1207 1067 1426 1106 necessario
1455 1067 1641 1118 coniungi
1669 1074 1866 1117 oporteat:
1907 1067 1998 1117 quia
2024 1067 2212 1118 generalis

284 1122 341 1153 est
379 1114 552 1154 definitio
590 1116 675 1167 illa,
718 1118 752 1154 &
791 1118 1052 1158 communiter
1079 1121 1131 1158 ad
1159 1120 1326 1170 singulas
1350 1120 1498 1171 species
1525 1122 1655 1171 legum
1684 1132 1784 1170 quae
1809 1120 1950 1159 adferri
1974 1126 2139 1170 possunt
2165 1134 2213 1158 ex

283 1179 410 1217 aequo
451 1168 660 1218 pertinens.
701 1170 917 1220 Singularia
958 1176 1072 1223 vero,
1115 1185 1374 1224 quaecunque
1412 1174 1464 1212 ad
1497 1175 1592 1225 legis
1619 1173 1802 1213 naturalis
1832 1172 2098 1212 definitionem
2126 1179 2214 1212 sunt

285 1233 401 1270 opus,
432 1232 509 1271 qua
537 1222 720 1260 naturalis
748 1230 825 1275 est,
863 1225 1120 1275 expressimus
1146 1226 1185 1264 in
1213 1227 1318 1265 hunc
1347 1228 1522 1266 modum.

337 1275 455 1313 Thes.
497 1287 532 1321 4.
575 1276 665 1313 LEX
703 1280 899 1316 naturalis
927 1284 996 1325 est,
1039 1292 1138 1329 quae
1164 1281 1299 1318 innata
1327 1283 1519 1318 creaturis
1543 1282 1692 1318 ratione
1708 1281 1903 1329 praeditis
1930 1281 2127 1328 informat
2151 1292 2215 1318 eas

283 1328 495 1364 notionibus
522 1333 687 1366 naturae
717 1332 991 1383 communibus,
1019 1334 1146 1383 idest,
1167 1335 1374 1383 principiis
1391 1335 1441 1371 ἐφ’
1455 1334 1754 1372 conclusionibus
1769 1335 1902 1383 aliqua
1920 1334 2218 1384 participatione

282 1380 600 1419 adumbrantibus
628 1387 821 1420 aeternam
849 1386 978 1433 legem.
1010 1387 1172 1423 Manent
1201 1386 1357 1436 quidem
1384 1386 1448 1425 illa
1475 1393 1717 1436 constanter,
1747 1387 1852 1424 velut
1880 1386 1930 1424 ad
1958 1387 2084 1436 legem
2108 1392 2214 1424 natu-

285 1434 404 1470 ralem
431 1434 533 1471 hanc
559 1446 716 1483 quoque
745 1435 994 1488 pertinentia,
1023 1451 1122 1488 quae
1151 1438 1189 1476 in
1219 1451 1371 1477 summa
1397 1439 1461 1477 illa
1487 1439 1711 1478 definitione
1739 1439 1950 1489 posuimus.
1980 1440 2082 1476 Nam
2098 1444 2215 1477 mate-

283 1484 376 1523 riale
417 1491 474 1524 est
514 1486 658 1525 iustum
695 1490 730 1526 81
770 1488 953 1528 iniustum
980 1491 1030 1529 ad
1052 1491 1243 1530 rationem
1272 1492 1487 1543 pertinens,
1529 1495 1653 1531 forma
1680 1492 1720 1530 in
1749 1492 1995 1531 ordinatione
2023 1491 2213 1530 consistit:

283 1550 400 1576 causa
427 1539 597 1578 efficiens
626 1542 732 1579 Deus
761 1548 817 1580 est
845 1550 1004 1582 naturae
1031 1551 1189 1596 auctor,
1218 1546 1269 1583 ad
1298 1557 1414 1595 quem
1438 1546 1695 1584 vniuersitatis
1724 1545 1855 1594 huius,
1883 1544 2057 1595 inprimis
2084 1551 2214 1583 autem

283 1591 488 1629 hominum
529 1605 621 1631 cura
663 1593 847 1646 pertinet,
885 1596 989 1635 Finis
1031 1597 1201 1647 denique
1243 1611 1453 1637 commune
1481 1600 1629 1637 bonum
1658 1605 1726 1637 est.
1781 1599 1858 1637 Sed
1885 1598 1924 1635 in
1955 1597 2112 1648 speciali
2138 1598 2213 1635 hac

285 1644 644 1703 circumscriptione
673 1647 745 1685 tria
771 1655 859 1686 sunt
887 1648 1113 1702 singularia,
1143 1663 1241 1700 quae
1269 1651 1308 1689 in
1336 1653 1421 1702 lege
1450 1651 1615 1690 naturali
1642 1652 1819 1701 cupimus
1843 1651 2041 1689 obseruari
2056 1650 2214 1700 diligen-

281 1697 439 1736 tiss1me.
478 1699 536 1735 Ea
565 1706 653 1737 sunt
680 1700 934 1753 principium,
977 1704 1085 1752 quod
1112 1705 1248 1743 innata
1276 1704 1417 1742 dicitur
1446 1706 1637 1743 creaturis
1663 1707 1814 1743 ratione
1837 1705 2053 1750 praeditis:
2093 1703 2215 1754 actio,

282 1751 391 1809 quod
434 1764 499 1789 eas
536 1756 732 1791 creaturas
755 1755 974 1803 informare
1000 1758 1215 1795 notionibus
1242 1763 1409 1796 naturae
1435 1759 1718 1796 communibus:
1758 1760 1793 1796 &
1821 1757 1962 1795 modus
1991 1756 2087 1807 legis
2113 1755 2214 1795 illius

281 1807 557 1853 actionumque
586 1813 697 1856 puta,
727 1808 837 1856 quod
864 1810 998 1858 aliqua
1016 1811 1322 1861 participatione
1348 1812 1585 1849 adumbrant
1610 1817 1805 1849 aeternam
1834 1812 1964 1859 legem.

334 1858 395 1894 Ac
439 1858 489 1895 de
527 1858 719 1909 principio
763 1859 922 1910 quidem
963 1861 1147 1912 singulari
1189 1865 1225 1902 &
1267 1863 1468 1913 proximo,
1509 1865 1598 1913 quia
1635 1865 1739 1914 apud
1768 1876 1904 1902 omnes
1933 1869 2105 1912 constat,
2133 1875 2215 1900 non

282 1920 413 1947 sumus
454 1911 564 1960 plura
601 1911 764 1950 dicturi:
807 1915 928 1953 modo
969 1915 1010 1953 id
1050 1927 1171 1954 vnum
1199 1917 1409 1956 obseruent
1436 1917 1592 1968 singuli,
1635 1917 1740 1955 3111111
1767 1930 1850 1955 6556
1879 1916 1910 1955 51
1938 1917 1988 1954 116
2017 1915 2217 1954 communi

281 1963 342 2000 vel
384 1963 592 2002 vniuersali
630 1966 821 2016 principio
859 1967 1006 2019 agitur,
1050 1969 1100 2007 de
1141 1981 1220 2019 quo
1257 1970 1296 2007 in
1325 1970 1527 2008 communi
1555 1970 1780 2009 definitione
1807 1969 1973 2008 diximus
2002 1968 2057 2018 (id
2085 1975 2216 2007 autem

281 2017 387 2053 Deus
417 2019 488 2064 est)
516 2017 622 2056 aliud
652 2018 683 2056 si
712 2019 761 2057 de
789 2019 981 2070 principio
1010 2022 1193 2072 singulari
1221 2022 1451 2073 internoque
1479 2024 1518 2061 in
1546 2024 1678 2074 nobis,
1714 2023 1822 2073 quod
1849 2030 2028 2060 naturam
2049 2022 2215 2072 appella-

281 2080 385 2114 mus,
415 2071 477 2107 vel
504 2071 632 2119 potius
661 2085 899 2123 vnoquoque
926 2081 1116 2113 nostrum.

334 2122 443 2171 Opus
487 2126 578 2161 vero
621 2124 801 2175 actiOque
842 2127 1026 2165 naturalis
1068 2128 1176 2166 istius
1212 2128 1308 2179 legis
1335 2129 1406 2167 etsi
1428 2131 1478 2168 ab
1506 2130 1688 2169 omnibus
1717 2128 1939 2179 promiscue
1967 2127 2215 2177 enunciatur,

281 2181 411 2212 tamen
439 2188 520 2213 non
547 2180 669 2227 aeque
700 2179 750 2216 ab
779 2179 961 2219 omnibus
991 2181 1099 2219 omni
1125 2189 1302 2231 tempore
1330 2190 1514 2232 percepta
1543 2191 1610 2222 est.
1638 2183 1737 2221 Cum
1764 2183 1867 2221 enim
1890 2188 2050 2220 naturae
2071 2181 2215 2230 duplex

280 2227 376 2265 ratio
414 2228 453 2265 in
481 2229 676 2279 scripturis
705 2232 951 2283 ostendatur,
992 2247 1069 2272 vna
1095 2235 1287 2285 integrae,
1330 2235 1369 2273 in
1398 2247 1474 2285 qua
1503 2236 1616 2285 primi
1642 2243 1819 2286 parentes
1851 2236 2005 2273 fuerunt
2043 2233 2214 2284 conditi,

280 2282 398 2339 altera
440 2282 689 2334 deprauatae,
732 2285 771 2322 in
793 2297 910 2334 quam
940 2286 1057 2325 iidem
1088 2288 1186 2337 lapsi
1212 2295 1322 2338 sunt,
1364 2289 1399 2326 &
1427 2302 1500 2327 nos
1528 2290 1802 2328 successimus:
1839 2300 1920 2326 non
1945 2286 2107 2326 dubium
2135 2293 2212 2336 est,

280 2345 373 2391 qum
415 2335 620 2374 aliusmodi
660 2337 773 2375 fuerit
811 2339 850 2375 in
886 2346 1022 2378 natura
1063 2340 1212 2391 integra
1252 2340 1476 2379 informatio
1505 2342 1687 2381 naturalis
1715 2345 1751 2380 &
1778 2340 1957 2379 notiones
1986 2352 2215 2378 communes

279 2387 397 2436 1111115,
427 2394 543 2437 atque
567 2401 670 2427 nunc
699 2389 737 2428 in
761 2392 835 2429 hac
864 2398 1048 2443 corrupta
1076 2401 1145 2432 est.
1176 2396 1457 2432 Verumtamen
1487 2396 1577 2444 quia
1605 2395 1700 2434 nihil
1714 2395 1790 2433 iam
1806 2394 1856 2432 ad
1871 2406 1954 2432 rem
1969 2400 2212 2443 praesentem

278 2439 413 2497 attinet
441 2441 490 2478 116
518 2441 771 2492 primigeniae
799 2444 898 2483 illius
927 2453 1087 2484 naturae
1115 2454 1233 2496 atque
1263 2447 1506 2497 incorruptae
1535 2450 1620 2500 lege
1648 2452 1683 2488 &
1711 2447 1985 2486 informatione
2009 2445 2214 2496 dispicere,

278 2504 421 2530 omissa
449 2493 696 2533 distinctione
724 2496 807 2547 illa,
836 2499 1004 2547 agedum
1034 2500 1297 2538 communiter
1320 2501 1369 2539 de
1396 2501 1470 2539 isto
1500 2509 1660 2540 naturae
1687 2513 1806 2550 opere
1828 2501 2044 2539 videamus.

330 2545 545 2584 Notionum
573 2561 666 2598 ergo
694 2551 962 2589 communium
992 2555 1103 2602 (quas
1126 2552 1352 2603 Philosophi
1376 2560 1527 2592 veteres
1557 2558 1688 2597 κοινάς
1717 2555 1868 2596 ἐννοίαις
1893 2552 1974 2591 51116
2004 2553 2214 2603 προλήψεις

276 2599 541 2656 appellabant)
570 2602 649 2639 duo
677 2609 765 2640 sunt
793 2616 962 2653 genera:
992 2617 1133 2655 vnum,
1162 2606 1210 2644 de
1238 2607 1314 2644 fine
1341 2607 1392 2644 ad
1425 2619 1540 2656 quem
1557 2608 1709 2657 agimur
1728 2606 1894 2644 naturali
1909 2607 2012 2655 lege,
2037 2607 2214 2652 alterum,

277 2652 325 2687 de
341 2651 397 2709 ’ii-s
425 2664 524 2701 quae
553 2655 603 2691 ad
631 2656 747 2693 finem
776 2657 946 2695 eundem
975 2658 1182 2708 pertinent.
1210 2658 1314 2697 Finis
1343 2667 1471 2697 autem
1501 2660 1659 2698 rationis
1687 2659 1787 2698 illius
1808 2658 2024 2709 practicae,
2052 2657 2090 2694 in
2114 2656 2214 2693 iusto

275 2703 311 2740 δι
339 2712 479 2743 111111510
509 2706 679 2756 positae,
709 2709 888 2758 proprius
917 2717 974 2748 est
1001 2711 1171 2762 bonum,
1203 2725 1249 2750 36
1278 2713 1442 2761 proinde
1470 2713 1564 2763 legis
1580 2712 1764 2751 naturalis
1779 2712 1999 2762 primum&
2016 2720 2212 2748 summum

273 2765 523 2806 praeceptum
565 2767 643 2810 est,
686 2761 857 2814 bonum,
898 2765 1004 2802 velut
1046 2765 1163 2802 finem
1205 2772 1386 2811 naturae,
1425 2767 1745 2815 prosequendum
1781 2768 1815 2803 &
1857 2764 2080 2802 faciendum
2108 2773 2213 2852 edsse,

1953 2827 2113 2854 auersan
2145 2825 2210 2852 um
