2334 3020
832 135 1103 162 EIRENlcl
1147 135 1284 161 Par-‚s
1328 135 1381 162 11.
1995 135 2067 172 477

135 244 210 282 sibi
241 243 416 283 adiunxit
445 243 637 293 Christus,
667 245 703 282 δι
732 244 886 282 fratrem
911 242 1037 282 effecit
1050 242 1133 281 tibi.
1149 243 1188 282 Si
1203 243 1480 282 fraternitatem
1497 243 1662 294 rumpis,
1687 244 1888 293 deintegro
1903 249 2075 281 nectam:

141 297 171 335 si
201 296 362 347 dissuis,
410 297 515 335 dabo
545 309 706 346 operam
736 304 777 335 vt
807 296 1030 335 resarciam:
1072 295 1103 334 si
1130 296 1295 346 euertis,
1335 296 1479 347 erigam
1508 297 1659 336 denuo:
1689 296 1720 335 si
1747 309 1885 347 negas,
1912 297 2078 334 affirmat

141 350 340 400 Christus,
384 352 419 389 &
461 362 535 399 ego
578 361 668 387 cum
711 349 888 388 Christo:
930 349 961 388 si
1003 349 1138 388 audire
1175 362 1256 388 non
1295 349 1373 398 vis,
1416 350 1579 389 audiunt
1609 357 1737 388 tamen
1766 350 1883 394 boni,
1910 352 1944 388 &
1972 347 2079 387 audit

140 402 359 449 Dominus,
400 415 535 441 coram
578 413 658 451 quo
697 402 854 441 miseret
894 415 956 441 me
983 415 1031 440 ex
1059 402 1193 441 animo
1215 403 1467 453 impotentiae
1493 411 1594 441 tuae.
1649 401 1919 441 Misericordia
1940 401 2080 440 ductus

138 457 258 494 feram
289 455 478 505 quicquid
507 467 588 494 non
617 462 758 505 potero
787 455 1002 506 corrigere:
1031 456 1099 494 sed
1126 456 1251 494 ferens
1278 462 1423 506 tamen,
1451 457 1547 495 haec
1575 456 1654 495 duo
1682 456 1904 494 obseruabo
1931 455 2077 493 studio·

137 508 311 547 sissime:
363 510 520 558 Vnum,
558 515 599 546 vt
626 516 851 547 constanter
872 515 1074 558 expectem
1101 510 1123 546 a
1150 508 1326 547 Domino
1355 509 1596 548 curationem
1621 509 1862 547 miserandae
1890 508 1996 546 istius
2024 507 2078 546 in-

134 560 328 600 firmitatis
358 567 467 600 tuae:
501 562 701 609 Alterum,
738 569 779 600 vt
815 562 896 612 ipse
931 573 1089 611 quoque
1117 561 1234 600 iustas
1262 562 1489 600 occasiones
1517 563 1723 601 obseruem
1750 560 1962 600 adiuuandi
1989 561 2077 599 cha-

134 614 247 653 ritate
278 615 315 653 &
344 614 557 664 surrigendi
586 614 663 665 tui,
699 614 729 653 si
759 616 859 654 forte
888 615 995 654 Deus
1023 615 1098 653 hac
1127 627 1213 653 mea
1235 627 1356 665 opera
1382 616 1432 654 ad
1464 616 1625 653 salutem
1653 622 1759 653 tuam
1786 613 1997 664 aliquando
2025 612 2078 651 vti

131 667 314 707 voluerit.
343 667 424 706 Cur
451 666 556 706 enim
585 669 833 717 perturbatos
861 668 1014 718 animo,
1042 669 1104 706 vel
1131 668 1169 706 in
1199 680 1316 707 causa
1339 667 1558 719 religionis,
1586 681 1665 707 non
1696 669 1862 706 feramus
1891 669 2014 716 aeque
2029 679 2075 704 ac

132 720 291 760 ferimus
317 732 386 759 eos
413 732 514 770 quos
543 720 619 766 113,
650 721 807 771 odium,
843 722 879 760 &
921 720 1060 760 similia
1092 721 1141 759 de
1170 727 1270 760 statu
1298 721 1440 759 mentis
1468 720 1742 760 demouerint?
1783 722 1897 759 Haec
1925 719 1957 759 si
1981 719 2080 758 inter

131 775 266 813 fratres
294 780 527 822 nascantur,
565 751 818 813 nihilominus
845 775 981 812 fratres
1009 780 1116 823 sunt,
1144 787 1218 813 nec
1246 786 1330 813 esse
1360 773 1555 813 desinunt.
1598 775 1734 824 Inique
1758 786 1851 833 ergo
1879 774 2023 832 fecero,
2048 771 2079 811 si

131 829 339 877 propterea
368 827 478 877 quod
506 828 664 866 fratrem
693 835 731 866 te
759 839 843 866 esse
871 839 1010 877 negas
1038 833 1104 865 aut
1131 840 1250 878 negas
1278 827 1454 866 officium
1484 827 1625 873 fratris,
1663 840 1738 878 ego
1766 840 1805 865 1n
1820 826 1924 865 idem
1939 825 2076 864 vitium

131 880 326 929 incidero
355 881 450 919 nolo
479 881 687 920 malefacto
717 893 807 920 meo
836 881 1083 919 accumulare
1112 879 1370 930 insipientiam
1398 887 1526 919 tuam:
1556 881 1625 919 sed
1653 879 1864 931 sapientiae
1892 877 2080 929 quicquid

131 932 267 984 accepi
296 935 319 971 a
347 933 543 984 Domino,
572 933 613 972 id
641 933 833 984 integrum
863 945 1114 981 conseruare,
1143 934 1178 971 &
1207 946 1255 971 ex
1283 933 1415 972 officio
1440 933 1722 973 restitutionem
1737 940 1844 972 tuam
1855 944 2079 983 procurare,

136 993 202 1025 aut
229 989 355 1037 certe,
384 987 415 1025 si
442 986 538 1025 nihil
566 986 694 1037 aliud,
723 999 858 1026 coram
886 987 974 1025 Deo
1002 986 1306 1036 hominibusque
1333 986 1463 1026 testari
1491 987 1663 1026 officium
1691 998 1835 1025 meum.

186 1041 258 1079 Est
295 1046 425 1079 autem
463 1039 638 1079 officium
676 1041 754 1079 hoc
788 1040 838 1078 ad
870 1039 978 1089 quod
1006 1040 1284 1090 praestandum
1313 1039 1489 1079 obstricti
1517 1051 1671 1084 sumus,
1699 1052 1780 1078 non
1808 1040 1935 1077 solum
1963 1038 2001 1076 in
2031 1050 2079 1076 eo

133 1092 328 1143 positum,
357 1092 504 1143 nequid
533 1092 718 1132 faciamus
748 1092 861 1143 mali,
890 1092 1145 1132 verumetiam
1174 1093 1213 1131 in
1242 1105 1291 1132 eo
1319 1093 1508 1142 maxime,
1545 1100 1586 1131 vt
1613 1092 1925 1143 quibuscumque
1953 1090 2081 1130 modis

134 1158 364 1197 possumus,
397 1146 460 1196 alij
490 1146 574 1185 aliis
602 1146 892 1185 benefaciamus
919 1146 957 1184 in
986 1145 1183 1185 Domino:
1214 1147 1322 1196 quod
1352 1146 1525 1184 officium
1554 1146 1593 1184 in
1621 1146 1804 1196 symbolo
1819 1144 1910 1184 fidei
1923 1151 2080 1183 nostrae

135 1199 353 1252 innuimus,
390 1199 566 1239 dicentes
605 1212 679 1238 nos
713 1200 873 1238 credere
909 1199 1231 1238 communionem
1262 1206 1498 1238 sanctorum.
1541 1200 1635 1238 Hoc
1662 1201 1686 1237 a
1713 1200 1909 1249 Propheta
1936 1198 2083 1248 (quem-

134 1253 351 1292 admodum
380 1255 471 1292 ante
498 1252 807 1304 perstrinximus)
836 1252 1037 1292 locutione
1064 1252 1278 1291 commoda
1305 1253 1549 1302 designatur,
1594 1253 1702 1302 quod
1722 1252 1885 1301 fratres
1914 1252 2086 1290 habitent

134 1309 245 1345 etiam
282 1309 382 1346 vnc‘z:
420 1313 487 1345 aut
514 1305 562 1355 (si
589 1305 642 1344 ita
669 1307 798 1366 placet
825 1309 990 1352 vertere)
1019 1307 1250 1344 consideant.
1276 1305 1406 1344 Huius
1433 1312 1564 1344 autem
1591 1304 1899 1355 communionis,
1927 1304 1977 1342 de
2005 1316 2082 1354 qua

135 1360 332 1419 Propheta
368 1360 446 1398 hoc
479 1360 572 1399 loco
601 1358 764 1398 instituit
792 1371 929 1410 agere,
970 1358 1068 1398 ratio
1097 1358 1419 1397 commodissime
1447 1360 1489 1407 (f.
1520 1360 1611 1407 747)
1640 1365 1808 1408 quatuor
1833 1357 1998 1396 vocibus
2019 1370 2081 1396 ex-

131 1412 313 1473 ponitur:
343 1419 461 1463 prout
488 1418 657 1477 quatuor
687 1419 775 1451 sunt
802 1411 931 1472 capita
957 1413 1009 1451 ad
1032 1411 1172 1450 iustam
1194 1411 1485 1450 communionis
1508 1411 1622 1450 huius
1642 1410 1935 1461 intelligentiam
1950 1423 2080 1449 neces-

132 1466 244 1506 saria.
300 1479 394 1505 nam
438 1466 607 1517 primum
637 1465 866 1505 communio
895 1465 987 1504 iuris
1015 1471 1071 1504 est
1100 1475 1178 1515 qua
1196 1465 1359 1515 fratres
1382 1476 1527 1515 sumus,
1556 1466 1679 1504 Patris
1707 1464 1881 1503 eiusdem
1910 1462 1976 1512 filij
2000 1470 2082 1501 tum

136 1519 365 1559 communio
392 1519 593 1558 actionum
624 1525 741 1569 atque
769 1520 968 1558 bonorum
997 1524 1073 1567 est,
1110 1529 1189 1568 qua
1213 1519 1392 1558 habetare
1419 1517 1598 1557 dicimur.
1627 1519 1828 1569 praeterea
1855 1516 2082 1556 communio

131 1572 310 1623 principij
341 1574 377 1611 &
402 1573 485 1623 typi
510 1572 633 1611 diuini
662 1579 743 1620 est,
782 1584 861 1622 qua
890 1574 1002 1611 etiam
1031 1570 1199 1610 dicimur
1227 1571 1404 1611 habitare
1431 1571 1494 1621 alij
1525 1583 1616 1610 cum
1646 1571 1748 1619 31115,
1788 1577 1882 1622 puta
1909 1577 1950 1609 vt
1978 1583 2083 1609 com-

131 1625 360 1666 munionem
389 1626 581 1665 habemus
609 1636 700 1664 cum
726 1625 883 1664 Christo
914 1625 964 1664 de
991 1636 1069 1675 qua
1095 1625 1135 1663 in
1166 1626 1323 1664 Psalmo
1358 1637 1443 1675 132.
1474 1631 1606 1663 actum
1631 1632 1701 1664 est.
1724 1626 1930 1663 Postremo
1945 1624 2084 1662 harum

132 1690 262 1718 rerum
290 1678 470 1718 omnium
497 1679 639 1718 modus
668 1679 889 1718 communis
917 1686 974 1718 est
999 1680 1101 1724 vnio,
1129 1689 1248 1728 quam
1276 1679 1467 1718 habemus
1497 1677 1644 1717 vnitate
1677 1677 1832 1728 spiritus
1858 1677 1898 1716 in
1926 1676 2084 1716 Christo

130 1735 228 1771 Iesu.
270 1735 332 1771 Ac
372 1733 422 1772 de
457 1745 504 1771 eo
533 1732 694 1782 quidem
731 1732 842 1782 quod
875 1733 1011 1771 fratres
1044 1742 1200 1782 sumus,
1241 1731 1333 1771 satis
1369 1734 1459 1770 ante
1498 1731 1666 1770 dictum:
1695 1733 1756 1771 De
1784 1731 1960 1770 secundo
1988 1742 2083 1780 ergo

131 1785 348 1825 videamus.

185 1840 420 1879 Sanctorum
461 1840 625 1878 fratrum
665 1838 841 1878 actiones
881 1839 921 1877 in
963 1821 1245 1878 communione
1288 1837 1464 1889 ipsorum
1493 1837 1767 1877 describuntur
1794 1838 1998 1877 habztandz
2020 1836 2082 1874 vel

135 1894 356 1932 consulendi
381 1893 518 1932 verbo.
545 1893 732 1931 Naturale
762 1892 933 1931 studium
956 1891 1052 1930 illud
1079 1899 1157 1941 est,
1185 1899 1226 1930 vt
1254 1893 1373 1942 vulgo
1401 1891 1565 1941 dicitur,
1593 1892 1701 1941 quod
1725 1890 1869 1930 similes
1893 1889 2081 1929 similibus

134 1945 246 1985 facile
293 1953 576 1997 aggregantur:
619 1952 660 1984 vt
687 1947 826 1985 contra
849 1945 917 1997 qui
944 1945 1108 1984 instituti
1137 1946 1272 1984 colunt
1299 1945 1671 1995 dissimilitudinem,
1711 1957 1773 1983 res
1800 1955 1886 2004 suas
1918 1942 2079 1982 seorsim

134 1999 280 2038 habere
308 2001 449 2038 solent.
489 2000 694 2038 Praeterea
721 2000 758 2038 &
786 1999 864 2038 hoc
893 2000 1068 2038 naturale
1095 2005 1174 2049 est,
1205 2005 1244 2037 vt
1271 1998 1412 2048 quibus
1438 2005 1494 2038 est
1523 1997 1796 2037 conuenientia
1819 1996 1859 2035 in
1886 1996 1987 2035 vitae
2017 2009 2080 2046 ge-

134 2065 247 2103 nere,
283 2051 338 2091 illi
372 2051 489 2091 etiam
523 2052 562 2091 in
598 2051 925 2103 occupationibus
961 2054 996 2091 &
1023 2028 1245 2091 actionibus
1273 2051 1350 2091 suis
1382 2051 1546 2091 eandem
1571 2050 1885 2090 conuenientiam
1914 2056 2080 2089 seruent.

135 2107 238 2145 Τ11111
267 2107 346 2144 hoc
375 2116 534 2156 quoque
560 2120 584 2145 a
612 2112 750 2145 natura
777 2113 852 2153 est,
880 2112 922 2144 vt
949 2105 1016 2156 qui
1043 2104 1262 2145 actionibus
1291 2105 1393 2144 vitae
1421 2103 1747 2144 communicaturi
1773 2110 1883 2154 sunt,
1910 2103 1933 2153 ij
1964 2101 2080 2142 bonis

135 2160 170 2197 &
197 2158 422 2198 commodis
450 2170 551 2209 quae
578 2159 629 2198 ad
651 2159 827 2199 actiones
851 2165 940 2198 sunt
968 2169 1087 2209 opus,
1116 2158 1233 2197 etiam
1262 2158 1567 2197 communicent.
1594 2157 1779 2207 Denique
1807 2164 1848 2195 vt
1872 2133 2081 2205 hiconspi-

135 2220 222 2250 rant
248 2211 408 2263 animis,
438 2211 492 2250 ita
523 2225 643 2263 opere
670 2213 931 2252 collaborant.
960 2211 1094 2251 Sicubi
1116 2219 1248 2250 autem
1276 2212 1375 2251 haec
1402 2211 1499 2250 ratio
1527 2210 1867 2261 animaduertitur,
1889 2210 1929 2248 id
1951 2215 2082 2260 potest

135 2264 216 2304 fieri
249 2264 288 2304 in
336 2264 382 2304 115
432 2264 500 2315 qui
536 2266 739 2304 communi
773 2265 1011 2326 domicilio,
1053 2264 1255 2303 communi
1285 2265 1579 2315 patrefamilias,
1617 2265 1654 2303 &
1682 2239 1883 2303 commurii
1904 2262 2080 2301 instituto

135 2318 294 2357 viuunt.
329 2318 458 2378 ‚idque
499 2318 668 2358 maxime
704 2318 744 2357 in
771 2318 816 2358 iis
844 2318 909 2368 qui
934 2320 1072 2357 fratres
1099 2325 1209 2368 sunt,
1237 2324 1352 2368 prout
1378 2319 1457 2357 hoc
1483 2319 1574 2357 1060
1602 2318 1856 2377 appellamur.
1896 2318 1947 2354 Et
1974 2318 2080 2354 certe

137 2370 359 2411 communis
388 2378 446 2411 est
474 2372 589 2411 nobis
617 2373 800 2411 omnibus
827 2373 962 2423 Pater,
1006 2373 1134 2410 Deus:
1164 2371 1386 2410 communis
1413 2371 1626 2420 habitatio,
1657 2370 1832 2410 Ecclesia
1857 2369 1951 2420 Dei,
1980 2380 2082 2419 quae

134 2425 273 2464 eadem
309 2431 368 2465 est
408 2424 598 2464 habitatio
627 2425 770 2464 summi
797 2424 898 2464 illius
924 2424 1233 2475 patrisfamilias,
1273 2427 1297 2463 a
1331 2427 1410 2485 quo
1439 2424 1566 2464 omnis
1594 2424 1752 2475 agnatio
1780 2426 1838 2473 (vt
1864 2423 2080 2473 Apostolus

135 2478 259 2529 inquit
295 2479 522 2528 Ephes.3.
568 2481 644 2529 15)
688 2477 914 2517 nominatur
940 2478 980 2516 in
1007 2479 1117 2517 caelo
1145 2479 1181 2515 &
1209 2483 1327 2516 terra:
1365 2477 1582 2516 institutum
1609 2492 1632 2516 a
1660 2476 1937 2528 patrefamilias
1959 2487 2080 2514 vnum

134 2544 218 2571 esse
246 2533 282 2570 δι
309 2538 404 2591 typo
433 2533 470 2570 &
498 2533 620 2571 modo
647 2544 788 2582 nemo,
816 2531 884 2581 qui
911 2531 1071 2582 quidem
1100 2530 1344 2570 Christianus
1372 2532 1442 2581 sit,
1470 2537 1600 2581 potest
1626 2531 1828 2581 ignorare,
1855 2542 1946 2568 cum
1960 2541 2080 2567 vnum

135 2591 274 2636 caput,
303 2583 559 2636 spiritumque
584 2596 704 2623 vnum
734 2584 885 2624 dederit
908 2584 999 2633 suis,
1026 2591 1068 2623 vt
1095 2584 1162 2634 qui
1190 2596 1231 2622 re
1246 2595 1366 2623 vnum
1381 2591 1483 2635 sunt,
1497 2597 1577 2623 non
1593 2584 1772 2623 dubitent
1787 2581 2078 2622 communicare

138 2637 236 2676 inter
265 2650 307 2677 se
336 2637 587 2677 habitatione.
617 2638 738 2687 Quod
767 2637 798 2676 51
819 2637 905 2688 quis
927 2638 1157 2676 Hebraeam
1180 2650 1320 2676 vocem
1335 2637 1581 2688 1nterpretar1
1595 2636 1703 2676 maht
1716 2638 1935 2675 consedendz
1945 2636 2081 2678 verbo

139 2690 178 2729 id
208 2694 255 2731 eo
284 2690 449 2741 amplius
478 2691 698 2731 doctrinam
727 2691 833 2730 illam
861 2692 1179 2729 confirmaturum
1210 2698 1267 2730 est
1294 2702 1412 2740 quam
1438 2691 1559 2730 modo
1578 2691 1789 2729 attulimus
1803 2691 1905 2728 Nam
1921 2689 2082 2727 demon-

143 2751 282 2783 stratur
319 2745 397 2783 hoc
439 2746 562 2784 verbo
605 2743 811 2793 tranquilla
833 2744 870 2782 &
897 2745 1032 2783 sedata
1059 2744 1370 2783 Christianorum
1398 2744 1599 2783 communi
1626 2743 1866 2782 habitatione
1892 2741 2082 2781 vtentium

146 2796 266 2837 ratio:
291 2798 400 2848 quod
429 2810 510 2837 non
540 2797 802 2848 clamoribus,
830 2804 895 2836 aut
922 2797 1259 2848 contentionibus,
1287 2809 1369 2836 non
1396 2797 1537 2848 pugnis
1564 2803 1629 2836 aut
1657 2796 1866 2845 caedibus,
1894 2807 1975 2834 non
2002 2794 2080 2833 ani-

1926 2860 2079 2887 morum
