2334 3020
264 128 335 153 212
890 124 1099 152 THESES
1141 122 1578 152 THEOLOGICAE.

260 246 418 272 onmem
460 232 687 282 opinionem
726 231 995 282 perfectionis,
1036 231 1145 280 quasi
1186 231 1388 281 contritio,
1427 238 1467 269 vt
1503 234 1548 271 sit
1578 233 1792 282 sufficiens,
1821 234 2029 282 charitate,
2057 235 2187 274 Deum

259 299 373 336 super
414 285 542 324 onmia
584 285 787 335 diligente,
829 286 994 322 formata
1037 297 1119 323 esse
1153 284 1309 323 debeat:
1349 293 1414 323 aut
1442 294 1481 323 vt
1508 287 1762 324 Bellarminus
1786 287 1959 334 loquitur
1986 288 2049 324 lib.
2084 301 2118 326 2.
2148 291 2192 327 <le

252 347 361 389 poen.
403 345 484 387 cap.
533 351 591 376 II.
634 350 786 376 summa
826 350 909 376 esse
940 337 1216 387 appretiatiue,
1247 340 1337 376 611111
1366 347 1532 388 nequeat
1560 353 1642 378 esse
1672 351 1825 377 summa
1853 339 2055 378 intensiue.
2086 342 2190 380 Nam

258 405 326 442 per
354 392 422 429 has
450 390 658 429 sententias
687 389 951 440 desperationi
978 390 1147 440 aperitur
1170 390 1297 429 ianua.

316 457 372 482 10.
432 444 630 492 Confessio
667 455 786 494 quoq.
822 446 845 481 a
873 443 987 482 nobis
1016 456 1097 482 non
1122 444 1317 492 reijcitur3
1347 445 1524 493 quamuis
1554 445 1707 494 signum
1737 458 1817 483 non
1846 459 1933 495 pars
1962 446 2186 495 resipiscen-

258 497 331 535 tiae
361 500 383 534 a
416 496 532 534 nobis
561 509 644 535 esse
674 503 873 535 statuatur.
902 497 1157 547 Quadruplex
1184 505 1314 534 autem
1342 497 1548 536 Confessio
1573 506 1831 536 enumeratur.
1865 500 1892 535 1.
1924 499 2068 537 Coram
2099 502 2186 539 Deo

259 549 451 600 priuatim.
496 564 530 589 2.
572 550 732 588 Publica
772 563 906 588 coram
947 549 1135 589 Ecclesia.
1173 563 1208 599 3.
1239 550 1443 589 Confessio
1472 552 1639 589 fraterna
1667 551 1717 589 ad
1747 551 1969 601 proximum
1997 553 2189 592 offensum

258 604 512 653 placandum:
543 605 614 642 sub
643 615 720 652 qua
747 603 971 642 continetur
999 614 1119 652 quoq.
1148 602 1232 653 illa,
1262 615 1339 652 qua
1367 604 1456 642 cum
1484 603 1701 642 Ecclesiam
1731 604 1933 654 laesimus,
1963 618 2049 643 eam
2064 617 2194 645 rursus

262 657 399 705 culpae
428 655 624 705 agnitione
652 657 864 705 placamus.
894 669 929 703 4.
959 656 1105 695 Coram
1134 655 1310 694 ministro
1338 657 1537 695 Ecclesiae
1565 664 1630 694 aut
1658 657 1734 695 alio
1763 657 1802 695 in
1832 659 1916 707 lege
1944 658 2107 707 edocto,
2124 661 2194 697 sed

259 711 356 747 haec
396 709 574 747 facienda
613 717 670 747 est
698 709 846 758 absque
874 708 1060 759 opinione
1083 709 1342 759 necessitatis,
1371 711 1460 748 cum
1491 709 1642 748 animus
1670 710 1888 760 peccatoris
1917 711 2194 750 tentationibus

256 761 449 812 perplexis
489 774 697 812 oppressus
741 769 808 801 est.
851 763 973 811 Quod
1000 765 1094 801 vero
1124 762 1411 801 confessionem
1435 762 1693 801 auricularem
1722 763 1878 812 attinet,
1907 776 1984 813 qua
2010 766 2191 804 Bellarm.

257 817 319 853 lib.
349 828 385 864 3.
414 816 457 852 de
485 818 624 864 poenit.
654 822 736 860 cal).
769 829 826 865 13.
854 815 1032 866 agnoscit
1059 815 1153 853 nihil
1183 828 1265 854 esse
1295 816 1494 854 molestius
1523 817 1558 853 &
1587 816 1808 867 onerosius,
1838 819 1874 855 &
1907 819 2125 855 Cassander
2153 820 2192 856 in

261 870 426 906 C'mzsult.
468 875 545 907 art.
594 882 652 907 11.
690 870 829 907 fatetur
857 868 894 906 in
921 869 1049 906 multis
1079 868 1342 907 conscientiae
1369 869 1634 907 carnificinam
1662 869 1846 920 gignere,
1875 876 1963 919 eoq.
1989 873 2012 908 a
2040 871 2194 909 nemine

260 922 463 959 moderato
507 921 740 973 approbarig
783 934 855 959 nos
897 935 984 960 eam
1021 921 1236 972 reijcimus,
1267 921 1357 971 quia
1385 935 1453 960 ore
1483 930 1634 961 tacente
1665 922 1816 960 veniam
1845 924 2035 972 consequi
2062 936 2195 973 possu-

259 987 365 1012 mus:
398 976 441 1011 sle
460 976 604 1024 poenit.
633 977 717 1014 (list.
753 989 784 1014 1.
808 982 891 1013 tum
919 975 1009 1024 quia
1037 974 1215 1013 Ecclesia
1244 976 1295 1013 ad
1323 988 1467 1013 annum
1499 988 1581 1025 vsq.
1615 989 1727 1014 1200.
1755 978 1790 1014 &
1820 975 2041 1014 Concilium
2082 979 2194 1016 Late-

260 1040 419 1065 ranense
451 1027 591 1065 Libera
619 1028 688 1066 fuit
715 1030 739 1065 a
766 1028 917 1078 Papalis
945 1027 1201 1066 confessionis
1230 1028 1340 1078 iugo,
1365 1029 1473 1066 cuius
1502 1028 1758 1066 Bellarminus
1788 1042 1836 1067 ex
1862 1029 2089 1078 antiquitate
2114 1043 2195 1068 non

261 1079 385 1129 potuit
414 1080 587 1118 inuenire
615 1081 803 1119 idoneum
831 1081 1116 1120 testimonium:
1148 1081 1241 1119 dicit
1271 1088 1401 1119 tamen
1424 1083 1505 1131 (lib.
1548 1094 1584 1130 3.
1609 1083 1653 1118 de
1675 1084 1813 1130 poenit.
1844 1089 1925 1132 cap.
1962 1096 2018 1120 12.
2050 1084 2085 1120 &
2119 1086 2193 1132 13.)

263 1145 390 1182 neque
432 1136 454 1170 a
491 1133 692 1183 Concilio,
735 1147 824 1184 neq.
868 1137 891 1172 a
920 1136 1026 1184 Papa
1051 1147 1134 1172 6556
1164 1134 1402 1185 institutam,
1431 1136 1465 1172 &
1495 1148 1534 1174 se
1565 1134 1723 1173 credere
1750 1138 1834 1173 tuto
1863 1135 2049 1185 appellari
2078 1149 2193 1185 posse

261 1186 526 1236 mendacium,
567 1187 675 1236 quod
703 1187 916 1236 docemus,
947 1187 1125 1226 nondum
1154 1201 1243 1236 300.
1274 1200 1399 1226 annos
1423 1201 1524 1238 esse,
1554 1201 1600 1226 ex
1630 1200 1709 1237 quo
1738 1188 1953 1226 confitendi
1988 1190 2195 1228 necessitas

261 1239 307 1277 sit
350 1239 586 1278 introducta.
626 1241 696 1278 Ille
738 1240 882 1291 credit3
924 1253 997 1279 nos
1041 1253 1122 1279 non
1164 1241 1362 1279 credimus
1398 1241 1479 1291 illi,
1518 1241 1587 1279 sed
1624 1241 1837 1290 Gratiano,
1880 1240 1946 1291 qui
1982 1249 2190 1291 postquam

261 1294 414 1330 Patrum
441 1292 650 1331 sententias
680 1293 728 1331 de
758 1293 1015 1332 Confessione
1044 1293 1083 1331 in
1109 1301 1310 1343 Vtramque
1325 1301 1473 1343 partem
1497 1293 1707 1343 attulisset,
1723 1294 1853 1341 addit,
1874 1297 1966 1332 Can.
1989 1296 2195 1343 Quamuis,

256 1347 300 1382 ile
348 1347 490 1385 Pocnit.
534 1347 620 1384 dist.
668 1359 700 1384 1.
743 1346 805 1384 cui
841 1354 972 1385 autem
1000 1347 1129 1396 potius
1157 1347 1450 1385 adhaerendum
1480 1347 1548 1396 sit,
1572 1347 1750 1385 Lectoris
1779 1347 1925 1385 iudicio
1956 1355 2194 1386 res-eruatur:

256 1405 418 1447 vtraque
460 1398 564 1436 enim
606 1401 776 1437 fautores
817 1400 935 1438 habet
977 1400 1180 1449 religiosos
1223 1403 1258 1438 &
1299 1401 1491 1450 sapientes
1536 1400 1650 1438 viros.
1681 1402 1731 1438 Et
1765 1402 1909 1438 Glossa
1936 1401 2020 1438 ibid
2042 1401 2195 1449 statuit,

259 1451 399 1488 Melius
441 1451 516 1489 dici
554 1452 842 1491 confessionem
883 1453 1097 1491 institutam
1139 1453 1254 1491 fuisse
1290 1455 1312 1490 a
1341 1453 1510 1503 quadam
1542 1453 1648 1502 vni(f.
1686 1453 1965 1501 1686)uersalis
1997 1454 2196 1492 Ecclesiae

262 1504 494 1553 traditione,
535 1504 665 1554 potius
695 1507 812 1554 quam
842 1520 887 1544 ex
916 1505 1020 1544 Noui
1050 1507 1109 1543 vel
1138 1506 1292 1544 Veteris
1321 1506 1564 1545 Testamenti
1592 1506 1839 1544 authoritate.
1884 1506 1964 1544 Alit
1996 1514 2195 1555 praeterea

260 1557 451 1606 Papistica
475 1558 671 1596 confessio
699 1558 985 1597 dubitationem
1013 1559 1060 1597 de
1089 1560 1227 1597 salute:
1260 1571 1376 1597 nemo
1407 1560 1511 1597 enim
1541 1559 1638 1597 scire
1667 1566 1814 1608 potest.
1844 1573 1891 1597 an
1922 1559 2012 1597 satis
2038 1560 2195 1610 diligen·

262 1618 319 1648 ter
349 1623 389 1647 se
420 1610 652 1649 excusserit:
683 1611 764 1649 fieri
793 1612 937 1661 quippe
967 1619 1114 1661 potest,
1147 1618 1187 1650 vt
1217 1612 1254 1650 in
1285 1618 1372 1650 actu
1400 1611 1635 1650 discutiendi
1663 1611 1714 1650 ita
1745 1626 1785 1650 se
1814 1613 1956 1650 habeat
1983 1613 2120 1662 aliquis
2149 1626 2194 1650 ac

263 1662 293 1700 si
335 1663 444 1712 parui
484 1665 628 1702 faceret
667 1664 926 1713 integritatem
965 1665 1221 1703 confessionis
1248 1666 1302 1714 (h.
1333 1678 1366 1703 6.
1396 1666 1638 1715 negligenter
1666 1678 1707 1703 se
1735 1664 1931 1713 discutiat)
1968 1667 2075 1714 quod
2105 1667 2195 1703 611111

263 1717 321 1761 fii,
353 1715 616 1754 dimidiabitur
645 1730 691 1754 ex
720 1717 943 1756 Bellarmini
971 1718 1160 1756 sententia
1190 1719 1267 1766 (lib.
1298 1731 1334 1766 3.
1359 1720 1402 1755 (ἴε
1419 1721 1564 1768 poenit.
1596 1731 1625 1756 c,
1660 1720 1735 1766 16.)
1753 1718 1947 1756 confessio
1964 1718 2194 1768 formaliter,

262 1769 393 1827 1116011.
427 1771 530 1807 nulla
559 1769 630 1807 erit
660 1770 848 1809 remissio.
877 1772 984 1809 fouet
1013 1783 1132 1820 quoq.
1161 1771 1388 1832 opinionem
1419 1771 1562 1821 meriti,
1593 1772 1683 1809 611111
1714 1778 1842 1809 tamen
1873 1771 1912 1808 in
1954 1771 2035 1810 iure
2064 1772 2191 1810 Cano-

260 1821 349 1859 nico
388 1821 452 1872 sit,
494 1824 558 1860 Dc
586 1824 722 1862 Poemt
747 1825 823 1862 (last
853 1838 884 1862 1.
906 1838 939 1862 c.
972 1824 1107 1862 Omnis
1135 1838 1208 1873 qus
1240 1824 1529 1863 confessionem
1554 1824 1652 1873 fieri,
1684 1825 1734 1862 ad
1763 1824 2027 1862 ostensionem
2058 1824 2190 1873 poeni-

260 1874 423 1924 tentiae,
466 1888 546 1913 non
588 1877 638 1914 ad
677 1875 990 1926 impetrationem
1019 1877 1177 1928 veniae·
1206 1877 1243 1914 in
1274 1877 1428 1927 signum
1458 1877 1594 1915 veniae
1622 1884 1831 1928 aceeptae,
1860 1890 1940 1915 non
1970 1877 2008 1915 in
2038 1889 2194 1915 causam

261 1928 501 1966 remissionis
535 1928 800 1979 accipiendae

315 1994 373 2019 11.
429 1981 744 2020 Satisfactionum
784 1994 942 2033 quoque
983 1983 1022 2021 in
1062 1989 1192 2021 vetere
1231 1983 1406 2021 Ecclesia
1446 1994 1560 2022 vsum
1602 1996 1683 2021 non
1711 1982 2003 2033 improbamus,
2047 1982 2190 2031 quibus

259 2046 339 2071 non
381 2035 468 2072 Deo
511 2035 579 2072 sed
620 2034 819 2074 Ecclesiae
860 2036 1093 2075 satisfiebat:
1138 2036 1205 2074 sed
1248 2037 1343 2074 haec
1386 2036 1481 2075 nihil
1523 2037 1573 2075 ad
1615 2035 1870 2074 Pontificiam.
1900 2037 2002 2074 Nam
2034 2035 2193 2084 quidam

259 2087 404 2125 docent
431 2088 577 2139 (Pupp.
607 2090 718 2127 artic.
746 2091 781 2126 6.
810 2090 979 2137 Louna.)
1009 2096 1097 2127 ante
1126 2097 1378 2138 peccatorum
1407 2089 1678 2127 remissionem
1708 2102 1824 2138 posse
1854 2088 2055 2127 hominem
2088 2087 2193 2127 satis-

260 2141 385 2178 facere
426 2154 498 2189 pro
527 2142 641 2191 culpa
669 2143 704 2180 &
734 2154 863 2191 poena
890 2150 1060 2180 aeterna.
1088 2143 1205 2192 Item,
1242 2144 1376 2180 leom.
1405 2144 1444 2180 iaz
1474 2156 1509 2189 4.
1538 2143 1640 2182 Seni.
1672 2143 1760 2180 dist.
1795 2143 1851 2179 16.
1881 2148 1958 2180 art.
1997 2156 2030 2180 1.
2060 2147 2192 2179 actum

260 2193 475 2231 humanum
510 2207 580 2243 per
620 2195 819 2244 quandam
857 2195 1220 2245 compensationem
1263 2196 1400 2233 tollere
1439 2196 1629 2234 offensam
1657 2196 1795 2245 culpae
1824 2194 2105 2244 praecedentis.
2136 2196 2188 2232 At

260 2246 514 2284 Bellarminus
558 2248 622 2286 lib.
670 2262 701 2286 1.
744 2249 788 2285 de
827 2250 966 2296 poenit.
994 2255 1092 2308 neap.
1139 2260 1198 2297 17.
1240 2248 1419 2298 agnoscit
1461 2247 1767 2287 satisfactionem
1805 2261 1886 2286 non
1926 2260 2009 2286 esse
2038 2253 2190 2297 partem

260 2298 523 2350 essentialem,
565 2300 633 2338 sed
675 2300 797 2338 videri
842 2302 951 2350 (nota
991 2301 1109 2351 ipsius
1140 2300 1431 2349 firmitudinem)
1461 2314 1544 2340 esse
1572 2307 1723 2351 partem
1751 2300 1980 2351 integralem
2004 2300 2190 2339 secunda

261 2364 376 2401 riam,
405 2353 546 2390 fatetur
573 2365 752 2403 quoque,
782 2355 845 2392 lzb.
874 2368 911 2413 4.
940 2355 983 2392 de
1007 2357 1139 2403 poenit
1169 2360 1238 2404 cap
1274 2369 1306 2393 1.
1340 2355 1391 2393 ad
1421 2356 1636 2404 perfectam
1664 2353 1938 2404 aequalitatem
1968 2366 2047 2393 non
2071 2365 2189 2403 posse

262 2405 349 2442 Deo
389 2404 563 2444 satisfieri
596 2419 668 2455 pro
697 2408 828 2456 culpa,
859 2407 932 2446 nisi
960 2407 1178 2457 acceptatio
1207 2407 1335 2457 aliqua
1364 2407 1599 2446 intercedat.
1626 2407 1695 2445 sed
1718 2414 1854 2457 postea
1883 2406 2015 2457 addit,
2045 2412 2127 2455 cap.
2160 2418 2193 2455 7.

262 2470 334 2506 pro
371 2470 499 2506 poena
537 2459 742 2508 temporali
785 2473 901 2508 posse
936 2462 1025 2498 Deo
1067 2459 1243 2499 satisfieri
1280 2474 1328 2498 ex
1366 2461 1586 2510 condigno,
1622 2460 1754 2510 aliquo
1784 2460 1905 2498 modo
1936 2472 1983 2498 ex
2008 2458 2199 2509 propriis,

266 2512 302 2548 &
343 2510 393 2548 ad
437 2511 725 2560 aequalitatem.
766 2514 850 2551 Nec
892 2513 1044 2551 dubitat
1083 2526 1276 2562 asserere,
1307 2515 1370 2552 lzb.
1399 2527 1436 2572 4.
1465 2515 1510 2551 de
1531 2511 2197 2564 poenzt.cap.1.Satisfactionem

265 2570 441 2601 nostram
482 2565 626 2603 habere
668 2565 840 2614 aliquam
870 2565 1136 2604 infirmitatem
1166 2579 1211 2604 ex
1240 2573 1350 2615 parte
1376 2566 1556 2616 principij
1587 2565 1878 2604 satisfacientis:
1908 2578 1997 2604 cum
2026 2564 2075 2603 sit
2101 2576 2200 2626 opus

263 2616 422 2664 Spiritus
464 2618 600 2655 sancti
640 2618 746 2655 Facit
776 2619 852 2656 1106
882 2619 1163 2669 Bellarminus,
1193 2627 1232 2658 vt
1262 2620 1384 2657 saluet
1413 2630 1667 2657 communem
1695 2618 1946 2669 opinionem,
1975 2620 2131 2656 Caietan
2157 2619 2198 2656 in

262 2671 462 2708 Stlmmtla
504 2671 612 2719 quod
650 2671 748 2708 :sicut
777 2671 971 2709 medicina
1001 2673 1118 2710 debet
1146 2686 1229 2710 esse
1258 2672 1556 2722 proportionata
1580 2671 1755 2719 infirmo,
1784 2671 2015 2721 infirmitati,
2044 2672 2079 2708 &
2105 2670 2192 2719 11111,

266 2721 329 2759 Sic
358 2721 568 2760 satisfactio
595 2724 814 2782 peccatori,
843 2733 1008 2774 peccato
1038 2726 1072 2762 &
1101 2725 1178 2763 fini.
1209 2727 1291 2763 Nos
1319 2728 1457 2763 contra
1485 2736 1576 2763 cum
1602 2725 1823 2763 Cassandio
1852 2724 1891 2763 in
1924 2702 2088 2762 Cani-ult.
2113 2729 2193 2762 art.

274 2787 329 2811 12.
372 2776 493 2812 solam
539 2777 758 2825 passionem
796 2778 831 2814 ἃ
873 2786 1039 2816 1110116111
1084 2779 1146 2827 filij
1178 2778 1251 2816 Dei
1281 2777 1447 2816 dicimus
1477 2777 1782 2816 satisfactionem
1812 2791 1894 2816 esse
1926 2790 1995 2826 ›ro
2026 2775 2194 2825 peccatis

2035 2829 2196 2880 nostris,
