2334 3020
745 120 957 148 THESES
1000 119 1443 148 THEOLOGICAE.
1988 124 2058 162 133

183 239 217 278 5.
271 226 630 267 praedestinationis
664 227 718 265 sie
752 226 932 265 definitae
961 227 1061 265 duae
1089 234 1176 266 sunt
1203 234 1342 277 partes.
1374 229 1542 276 Electio,
1573 231 1607 267 &
1636 228 1670 266 ei
1698 227 1881 279 opposita
1899 235 2051 266 contra-

127 280 288 320 dictorie
328 280 582 329 non-electio,
625 292 690 318 seu
733 281 988 330 Rc'proluztc'o,
1026 281 1074 318 de
1110 280 1250 330 quibus
1279 280 1473 330 sigillatim
1507 281 1702 331 dicemus,
1730 293 1850 331 quum
1880 280 2050 330 aliquid,

129 342 209 372 tum
238 335 287 372 de
318 333 461 373 caussis
480 333 552 383 ipsi
574 332 751 371 electioni
776 335 811 371 δε
835 332 1099 382 reprobationi
1113 334 1410 382 communibus,
1427 341 1509 372 tum
1527 334 1576 372 de
1591 334 1823 384 quibusdam
1839 333 2051 383 adiunctis,

127 386 263 425 itidem
290 386 562 425 communibus
590 385 720 424 electis
747 387 783 423 δε
811 385 988 436 reprobis
1017 386 1235 425 dixerimus.

179 441 214 478 6.
273 439 403 478 Causa
429 438 791 478 Praedestinationis
819 439 1006 489 efficiens,
1035 446 1091 477 est
1118 440 1224 478 Deus
1251 438 1416 477 essentia
1438 451 1556 489 vnus,
1572 440 1747 488 personis
1762 438 2051 489 trinus,Pater,

124 491 259 543 Filius,
288 492 323 529 &
352 491 514 542 Spiritus
543 492 718 530 Sanctus.
748 493 985 543 Impulsiua,
1013 503 1114 541 quae
1143 492 1193 530 ad
1217 492 1447 531 efficientem
1473 492 1674 531 reductiue
1698 491 1955 543 pertinet,est
1970 493 2054 530 sola

133 545 208 583 Dei
234 546 426 583 voluntas.

180 609 213 645 7.
268 598 439 643 Finalis,
469 596 543 635 Dei
570 597 716 648 gloriae
738 597 957 649 illustrati03
987 597 1050 636 cui
1077 597 1287 636 coniuncta
1315 605 1373 636 est
1400 599 1614 637 electorum
1637 598 1757 649 salus,
1785 597 1928 636 omnia.
1951 610 1990 635 n.
2011 598 2048 635 &

127 650 232 688 bona
272 652 308 688 δι
345 650 466 700 mala,
507 650 556 688 ad
598 651 762 701 gloriam
804 662 933 702 suam,
967 651 1074 689 bene
1115 651 1270 689 ordinat
1312 653 1438 701 Deus,
1476 652 1512 689 ἃ
1542 650 1635 689 facit
1661 657 1701 689 vt
1729 649 1806 689 suis
1833 649 1872 689 in
1900 651 2050 689 bonum

127 709 397 752 cooperentur.

178 757 214 793 8.
275 756 425 806 Genus,
454 756 562 806 quod
592 756 718 795 vicem
746 755 928 795 materiae
956 756 1106 795 obtinet
1132 763 1189 795 est
1219 756 1457 807 Consilium,
1486 769 1553 796 seu
1576 757 1799 806 decretum,
1821 755 1929 794 cuius
1943 762 2051 794 natu-

125 820 229 859 ram,
257 807 426 858 epitheta
453 808 595 858 quibus
625 809 806 848 vestitum
835 815 892 847 est
919 810 1075 847 abunde
1104 810 1316 848 declarant.

124 901 126 904 ,
176 874 212 910 9.
266 863 414 899 Forma
452 869 510 900 est
544 862 690 912 gratiae
721 864 777 911 (vt
811 862 863 901 ita
889 864 1114 912 loquamur)
1154 861 1350 900 filiationis
1378 861 1685 901 communicatio
1714 864 1748 901 &
1776 873 2054 900 non-commu-

124 912 288 965 nicatio,
317 913 398 952 siue
427 915 642 966 abstensio,
670 927 787 966 quarn
817 915 1134 965 reprobationem
1165 914 1341 953 dicimus.

181 980 239 1005 10.
299 967 500 1006 Commune
541 970 720 1007 obiectum
760 970 866 1006 circa
905 970 1011 1018 quod
1046 974 1240 1016 versatur,
1282 975 1339 1006 est
1366 966 1590 1006 vniuersum
1621 980 1742 1018 genus
1769 969 1995 1006 humanum.
2027 966 2052 1006 i.

125 1032 262 1057 omnes
291 1021 326 1057 &
354 1020 493 1070 singuli
522 1021 719 1070 homines,
746 1024 770 1059 a
797 1022 885 1059 Deo
914 1020 1175 1059 communiter
1201 1019 1457 1070 considerati,
1481 1022 1696 1058 secundum
1711 1020 1927 1059 vniuersam
1944 1019 2055 1058 ratio-

124 1085 215 1110 nem
244 1071 439 1123 ipsorum,
468 1076 503 1112 δι
533 1074 708 1112 omnium
736 1081 978 1124 temporum:
1009 1074 1185 1111 nondum
1216 1072 1384 1123 conditi,
1413 1072 1578 1123 conditi,
1606 1073 1715 1122 lapsi.

180 1138 239 1164 11.
294 1125 357 1164 Sic
395 1126 498 1164 enim
528 1127 700 1177 oportuit
728 1127 907 1165 homines
933 1129 957 1164 a
966 1127 1072 1164 Deo
1104 1125 1359 1176 considerari,
1388 1125 1479 1174 quia
1505 1126 1609 1175 apud
1638 1125 1745 1163 illum
1773 1138 1853 1163 non
1881 1133 1956 1175 est,
1985 1124 2055 1163 fuit

123 1185 188 1216 aut
216 1178 306 1227 erit,
337 1180 406 1217 secl
434 1192 517 1218 esse
544 1192 797 1230 permanens,
828 1186 953 1217 toturn
982 1178 1118 1229 simul,
1144 1186 1223 1228 atq.
1251 1178 1548 1217 interminabile.
1565 1191 1655 1216 nam
1671 1178 1853 1217 scientiae
1870 1177 1944 1216 De1
1958 1177 2053 1215 nihil

124 1238 251 1281 potest
281 1239 346 1269 aut
374 1234 583 1282 accedere,
612 1241 676 1270 aut
704 1233 915 1270 decedere:
945 1231 1037 1281 quia
1065 1231 1094 1270 si
1122 1233 1172 1270 ab
1200 1240 1361 1269 aeterno
1385 1230 1425 1268 in
1446 1238 1646 1269 aeternum
1668 1244 1750 1270 non
1765 1232 1890 1280 videt,
1916 1229 2055 1268 desinit

123 1297 206 1322 esse
233 1292 407 1322 aeterna·
437 1285 468 1323 si
499 1286 671 1335 partibus
698 1284 898 1335 definitur,
926 1284 1069 1323 desinit
1097 1297 1180 1323 esse
1208 1284 1373 1323 infinita:
1402 1285 1511 1334 quod
1544 1284 1674 1322 dicere
1702 1283 1863 1334 impium
1893 1285 1929 1322 &
1957 1284 2054 1321 blas-

123 1338 310 1386 phemum
338 1344 406 1375 est.

181 1403 238 1428 12.
293 1390 377 1427 Nec
405 1397 535 1428 tamen
562 1397 769 1440 propterea
796 1389 1044 1428 dissentimus
1069 1392 1093 1428 a
1119 1389 1193 1440 piis
1221 1391 1256 1428 &
1284 1389 1412 1428 doctis
1436 1389 1509 1428 illis
1527 1389 1632 1437 viris,
1658 1389 1725 1439 qui
1740 1397 1912 1428 statuunt
1927 1391 2056 1428 Deum

123 1443 427 1492 contemplatum
454 1442 568 1481 fuisse
596 1443 794 1482 hominem
831 1442 870 1482 in
899 1442 1249 1493 praedestinando,
1276 1450 1487 1493 antequam
1514 1444 1767 1488 conderetur,
1795 1456 1884 1492 neq.
1913 1443 1963 1480 ab
1991 1441 2053 1491 iis,

122 1494 188 1544 qui
229 1495 429 1533 conditum
471 1498 507 1535 δε
551 1497 701 1547 lapsum
738 1498 761 1534 a
792 1498 880 1535 Deo
909 1496 1196 1535 consideratum
1225 1495 1341 1535 fuisse
1369 1503 1562 1535 asserunt:
1592 1496 1711 1546 quod.
1742 1509 1779 1533 n.
1808 1497 1843 1534 δι
1871 1495 1910 1533 hi
1937 1496 1972 1533 &
1999 1494 2054 1533 illi

120 1549 209 1586 vere
236 1547 392 1598 dicunt,
420 1555 552 1587 sancte
580 1550 824 1599 profitemur:
856 1556 1023 1599 Vtrumq.
1050 1562 1088 1587 n.
1116 1549 1294 1588 dicimus.

176 1613 234 1650 13.
288 1602 339 1639 Et
372 1608 411 1640 vt
447 1615 519 1640 nos
557 1603 607 1640 ab
642 1602 775 1652 vtrisq.
809 1615 890 1648 non
923 1601 1170 1641 dissentimus
1199 1603 1238 1641 in
1266 1602 1322 1640 rei
1349 1601 1583 1652 substantia,
1613 1601 1668 1640 sic
1696 1602 1795 1641 inter
1823 1615 1864 1641 se
1891 1601 1944 1639 illi
1973 1614 2053 1639 non

115 1652 368 1704 dissentiunt,
397 1656 603 1694 affirmant.
633 1668 670 1693 n.
700 1655 813 1705 vtriq.
843 1662 1066 1694 constanter
1093 1657 1129 1694 &
1157 1654 1219 1706 pie
1249 1658 1305 1705 (vt
1333 1658 1369 1694 &
1397 1658 1488 1704 nos)
1516 1667 1674 1693 causam
1694 1654 2055 1705 praedestinationis

118 1719 203 1744 esse
245 1708 373 1745 Deum
417 1710 564 1754 solum,
606 1721 676 1758 pro
718 1708 862 1758 placito
890 1708 1121 1758 voluntatis,
1152 1710 1317 1758 nullam,
1347 1716 1453 1748 extra
1478 1711 1624 1754 Deum,
1655 1710 1714 1747 vel
1742 1708 1781 1746 in
1809 1707 1967 1746 homine
1994 1708 2056 1745 vel

120 1758 212 1797 alibi
240 1759 420 1798 inueniri:
451 1763 486 1800 δε
515 1761 908 1811 praedestinationem
938 1761 1060 1812 ipsam
1090 1774 1171 1800 non
1201 1775 1286 1800 esse
1301 1761 1340 1800 in
1355 1769 1532 1812 ternpore
1547 1763 1710 1811 factam,
1733 1762 1803 1800 sed
1817 1762 1866 1799 ab
1880 1768 2052 1799 aeterno.

121 1812 242 1860 Quod
282 1815 376 1850 vero
416 1815 466 1852 ad
509 1814 838 1853 circumstantiam
880 1815 1035 1861 attinet,
1066 1826 1142 1864 qua
1175 1814 1335 1854 vestitur
1362 1816 1484 1854 homo
1512 1814 1587 1853 alia
1613 1821 1692 1864 atq.
1721 1814 1816 1865 alia,
1847 1813 1928 1852 eius
1955 1813 2053 1851 ratio

120 1865 275 1914 proprie
303 1879 382 1904 non
413 1867 579 1916 pertinet
609 1868 659 1906 ad
689 1867 1054 1917 praedestinationis
1082 1879 1254 1906 causam.

179 1931 236 1964 14.
292 1920 430 1968 Neque
458 1919 573 1958 ctiam
602 1920 640 1958 in
669 1920 1044 1964 circumstantiarum
1072 1920 1222 1959 ratione
1249 1921 1301 1959 ita
1330 1921 1570 1971 discrepant,
1597 1927 1638 1958 vt
1666 1920 1900 1958 arbitrantur
1922 1918 2053 1966 multi,

120 1983 211 2008 nam
239 1983 359 2020 quum
387 1972 427 2011 hi
455 1973 589 2012 dicunt
617 1973 817 2012 hominem
846 1976 870 2012 a
899 1975 987 2012 Deo
1018 1973 1330 2024 praedestinante
1357 1974 1647 2024 consideratum
1675 1973 1790 2012 fuisse
1805 1975 1978 2023 lapsum
2002 1972 2053 2010 ad

119 2035 276 2061 causam
317 2025 540 2075 electionis,
583 2027 909 2076 reprobationisq.
940 2039 1018 2065 non
1047 2026 1258 2076 respiciunt
1284 2027 1462 2078 proprie,
1491 2028 1560 2065 sed
1588 2027 1639 2064 ad
1667 2026 1845 2064 ordinem
1873 2025 2052 2074 seriemq.

119 2087 342 2128 causarum,
374 2091 422 2117 ex
449 2080 589 2129 quibus
618 2079 817 2118 damnatio
847 2087 1090 2130 consequuta
1118 2087 1185 2118 est.
1214 2079 1368 2118 Deinde
1397 2082 1474 2119 hoc
1501 2093 1581 2118 non
1610 2078 1765 2129 dicunt,
1794 2077 1957 2117 exclusis
1971 2078 2054 2116 aliis

121 2129 289 2168 hominis
331 2132 510 2184 statibus,
552 2133 620 2171 sed
662 2132 846 2183 singulari
882 2135 918 2172 &
945 2146 1025 2171 non
1052 2133 1314 2182 improbanda
1342 2133 1391 2172 de
1421 2145 1572 2171 caussa:
1603 2132 1750 2171 scilicet
1775 2139 1816 2170 vt
1842 2131 2055 2182 petulantia

119 2182 245 2220 carnis
286 2183 324 2221 in
368 2187 495 2224 Deum
536 2189 718 2236 proterue
759 2199 799 2225 se
840 2185 1022 2237 erigentis
1063 2185 1214 2224 facilius
1255 2193 1543 2236 compescatur,
1586 2186 1694 2236 quod
1729 2187 1771 2224 fit
1799 2198 1888 2223 cum
1916 2197 2053 2223 omnes

118 2235 297 2274 homines
338 2251 385 2276 ex
424 2251 551 2288 aequo
597 2246 846 2299 peccatores,
887 2254 910 2278 a
951 2240 1036 2277 Deo
1079 2239 1390 2289 praedestinante
1434 2239 1702 2278 consideiatos
1747 2238 1864 2277 fuisse
1897 2237 2053 2276 scimus.

121 2289 292 2336 Quando
335 2294 426 2330 vero
462 2291 516 2330 illi
551 2293 679 2330 Deum
706 2292 744 2330 in
773 2292 1124 2342 praedestinando,
1153 2292 1353 2331 hominem
1382 2293 1559 2331 nondum
1589 2291 1791 2330 conditum
1820 2290 2054 2341 spectauisse

119 2349 312 2391 asserunt,
354 2346 482 2383 Deum
523 2352 730 2395 propterea
772 2348 795 2383 a
821 2347 952 2396 lapsus
979 2344 1148 2384 hominis
1177 2345 1490 2384 consideratione
1518 2358 1599 2384 non
1627 2352 1777 2384 arcent
1807 2344 1877 2382 sed
1904 2344 2053 2382 tantum

120 2393 213 2432 illud
255 2372 410 2447 voiunt,
444 2405 485 2436 vt
513 2410 631 2436 causa
659 2399 786 2437 omnis
813 2397 1176 2458 praedestinationis
1203 2398 1241 2436 in
1269 2400 1375 2449 Deo,
1405 2400 1511 2436 nulla
1537 2406 1645 2436 extra
1672 2399 1800 2436 Deum
1828 2397 1867 2435 in
1894 2396 2053 2435 homine

121 2448 346 2497 reperiatur.
375 2450 438 2488 Sic
467 2451 706 2489 conueniunt
735 2451 773 2489 in
801 2465 862 2490 re.
893 2451 948 2489 rei
975 2451 1229 2501 explicandae
1258 2452 1399 2489 modus
1427 2459 1484 2490 est
1511 2452 1698 2490 diuersus.

178 2511 235 2550 15
291 2503 389 2541 Inde
431 2511 536 2554 patet
575 2505 724 2542 nullum
759 2504 992 2555 singularem
1020 2504 1190 2542 homiris
1219 2511 1435 2554 respectum
1466 2505 1680 2554 exclusiue,
1708 2503 1777 2541 sed
1803 2514 2053 2542 communem

121 2553 159 2593 in
188 2555 549 2603 praedestinationis
577 2566 805 2617 argumento
834 2557 929 2608 poni
958 2565 1151 2607 oportere.
1188 2559 1248 2595 Ita
1275 2564 1316 2595 vt
1344 2569 1430 2596 eum
1459 2558 1637 2595 nendum
1664 2555 1889 2606 conditum,
1919 2554 2053 2594 condi-

120 2614 222 2650 tum,
257 2608 425 2658 lapsum,
461 2617 590 2648 tamen
627 2610 666 2648 in
703 2618 918 2660 conspectu
954 2610 1029 2648 Dei
1064 2610 1422 2660 praesentissimum
1452 2610 1560 2649 omni
1587 2624 1635 2648 ex
1660 2616 1769 2660 parte
1795 2611 1845 2647 ab
1872 2616 2054 2657 aeterno,

118 2658 398 2710 intelligamus:
439 2663 538 2700 adeo
571 2670 612 2700 vt
638 2662 677 2701 in
706 2664 896 2702 electione
924 2670 1158 2701 concurrant
1184 2663 1307 2713 gratia
1334 2666 1481 2714 ἁπλῶς,
1509 2664 1547 2701 in
1576 2663 1776 2701 hominem
1805 2663 1932 2703 ἁπλῶς
1961 2672 2053 2698 con-

121 2711 351 2764 sideratum,
378 2714 502 2764 qualis
528 2723 586 2754 est
614 2730 659 2755 ea
686 2728 804 2766 quam
832 2715 1138 2755 communicauit
1165 2717 1272 2754 Deus
1298 2727 1388 2754 cum
1417 2716 1578 2766 Angelis
1606 2716 1683 2754 suis
1709 2714 1776 2765 qui
1802 2726 1883 2752 non
1899 2715 2050 2752 defece-

122 2772 222 2803 runt.
261 2769 306 2804 In
350 2768 500 2817 lapsum
542 2771 635 2808 vero
675 2769 876 2808 hominem
918 2771 953 2809 δι
981 2776 1252 2820 peccatorem,
1279 2768 1401 2819 gratia
1429 2770 1637 2808 coniuncta
1664 2766 1962 2806 misericordiae.
2005 2767 2050 2803 In

1753 2820 2027 2871 reprobatione
2037 2848 2048 2869 ,
