2334 3020
251 120 324 156 332

249 231 365 282 atque
393 220 624 269 obsequium
662 219 778 269 Legis
806 218 902 257 olim
928 220 1089 258 adducti
1117 227 1225 272 sunt,
1253 220 1308 258 sic
1337 220 1454 259 etiam
1484 220 1650 259 studiosi
1677 220 1822 270 quique
1850 220 2002 271 pietatis
2029 222 2065 259 &
2092 221 2187 260 veri-

252 276 339 314 tatis
365 274 650 323 θεοδιὸάκτου,
680 272 949 311 auctoritatem
976 273 1090 323 Legis
1118 250 1225 311 illius
1245 280 1447 312 senserunt
1474 272 1562 323 ipsi,
1580 276 1615 312 &
1632 274 1736 324 apud
1751 286 1887 312 omnes
1903 274 2186 323 praedicarunt.

250 329 326 367 Sed
369 339 450 364 non
494 337 630 363 omnes
675 325 838 363 studiosi
880 325 1054 363 salutaris
1095 324 1206 364 huius
1242 339 1290 364 ac
1326 325 1500 364 caelestis
1530 326 1732 365 doctrinae
1763 327 1937 377 πηδαλίῳ
1965 329 2194 375 τεχνηέντως

253 384 461 420 ἰθύνεσθαι
490 377 529 415 111
559 377 633 416 1510
663 378 771 428 quasi
799 379 939 428 pelago
969 378 1200 417 didicerunt.
1229 378 1387 417 Etenim
1415 379 1477 429 hi,
1504 382 1714 430 propterea
1739 379 1847 429 quod
1870 385 1952 418 tota
1966 380 2063 418 ratio
2078 380 2194 430 Legis

251 433 384 471 diuina
413 438 490 481 est,
519 430 670 480 singula
698 443 798 480 quae
825 431 941 481 Legis
968 431 1070 469 illius
1098 433 1276 470 membra
1304 445 1388 470 esse
1419 434 1629 482 καθολικά,
1651 432 1691 470 1(1
1707 431 1979 482 est,vniuerse
1993 432 2044 470 ad
2058 445 2195 472 omnes

252 496 459 536 personas,
501 496 580 530 res,
617 490 815 534 tempora,
853 486 963 534 loca,
993 486 1028 522 &
1057 483 1151 522 alias
1179 483 1490 523 circumstantias
1519 485 1694 523 arbitrati
1723 492 1811 523 sunt
1839 486 2051 536 pertinere,
2078 492 2195 535 atque

252 537 492 589 promiscue,
522 543 709 586 tanquam
738 537 769 575 si
799 536 960 575 rationis
989 537 1213 575 communis
1239 537 1279 576 in
1306 539 1413 587 Lege
1440 536 1537 574 nihil
1564 550 1646 576 non
1674 537 1873 576 existeret:
1903 537 1955 576 illi
1971 541 2195 588 (propterea

254 591 360 641 quod
386 589 626 640 particularis
644 597 723 639 atq.
739 589 943 640 singularis
958 589 1119 629 rationis
1137 602 1221 629 esse
1235 589 1522 640 quamplurima
1537 591 1597 628 vel
1611 591 1842 630 auctoritate
1857 591 2001 629 Christi
2016 592 2056 640 (f.
2078 593 2192 640 1476)

254 647 288 682 &
313 645 603 703 Apostolorum
633 642 713 680 eius
743 645 895 680 fuerant
922 643 1157 691 confirmati)
1187 643 1320 681 omnia
1346 643 1429 681 sine
1458 643 1688 692 exceptione
1715 651 1832 694 atque
1860 643 2194 682 indiscriminatim

253 696 341 735 iuris
370 695 608 745 particularis
636 695 753 734 fuisse
781 695 1020 745 iudicarunt3
1049 698 1085 735 &
1113 708 1217 734 nunc
1247 696 1407 735 omnino
1437 695 1616 747 desiisse
1645 703 1762 746 atque
1789 697 2032 736 intercidissa
2059 703 2191 735 aucto-

252 750 401 788 ritatem
439 749 641 786 vniuersae
678 749 804 799 Legis.
847 749 983 800 Vtriq,
1021 750 1383 800 παραλογιζόμενοι,
1419 750 1455 786 &
1494 748 1630 788 inscite
1668 763 1713 788 ex
1750 757 1860 799 parte
1888 750 2003 801 Legis
2032 750 2080 788 de
2108 757 2194 788 toto

253 802 547 841 concludentes
590 803 693 839 Nam
735 808 861 840 totum
889 801 1059 840 hominis
1085 814 1160 839 nec
1187 802 1406 840 immortale
1435 814 1518 840 esse
1545 805 1637 841 vere
1664 803 1920 849 concluseris,
1951 802 2042 862 quia
2067 802 2197 840 anima

252 854 479 913 immortalis
508 862 584 905 est,
614 867 689 892 nec
717 857 853 893 contra
882 856 1047 893 mortale
1075 867 1181 904 esse,
1210 854 1302 913 quia
1317 853 1491 893 mortalis
1507 867 1687 905 corpore.
1717 855 1780 894 Sic
1802 855 1858 894 1111
1873 868 1983 905 quasi
1996 856 2194 906 profundo

254 907 389 957 mersi,
416 907 619 945 veritatem
644 908 846 957 Euangelij
873 907 1101 959 amiserunt,
1124 907 1164 945 hi
1188 906 1298 956 quasi
1318 907 1357 945 in
1386 909 1571 957 scopulos
1591 908 1765 959 abrepti,
1789 908 2059 947 auctorltatem
2073 921 2196 958 1psam

255 960 529 1011 dignitate'mq3
559 960 675 1010 Legis
704 961 859 1000 diuinae
886 960 1145 1011 imprudentia
1172 960 1342 998 maxima
1369 960 1635 1010 perdiderunt.

307 1015 367 1051 Ac
395 1014 444 1051 de
472 1013 517 1051 iis
543 1013 702 1061 quidem
726 1014 943 1063 praeceptis
968 1026 1068 1063 quae
1092 1015 1187 1063 pure
1211 1020 1299 1051 sunt
1327 1014 1469 1064 ἠθικοὶ,
1495 1016 1530 1052 &
1553 1021 1752 1053 versantur
1774 1014 1813 1052 in
1836 1014 1986 1053 ratione
2009 1013 2197 1053 tradenda

258 1078 412 1105 morum
440 1065 597 1116 pietati,
626 1066 810 1117 iustitiae,
839 1066 1090 1115 humanitati,
1119 1067 1154 1103 &
1182 1066 1377 1104 honestati
1405 1066 1745 1117 conuenientium,
1774 1080 1891 1106 nemo
1920 1078 2036 1106 sanus
2050 1080 2195 1116 magno

256 1132 374 1169 opere
416 1120 518 1156 visus
560 1127 618 1157 est
646 1131 816 1168 vnquam
846 1119 1036 1158 dubitare.
1074 1119 1121 1157 Id
1148 1118 1332 1157 Ballionis
1360 1118 1507 1169 potius,
1536 1127 1601 1158 aut
1628 1121 1784 1159 alterius
1812 1120 1980 1158 cuiusuis
2007 1121 2194 1170 bipedum

258 1171 482 1222 nequissimi
517 1171 647 1223 suerit,
688 1172 856 1211 hominis
883 1174 1065 1223 proterue
1093 1179 1270 1210 naturam
1298 1171 1532 1223 abiurantis,
1560 1175 1680 1222 quam
1707 1173 1779 1212 viri
1805 1173 1917 1211 vllius
1944 1173 2053 1212 boni.
2095 1173 2195 1211 Cum

260 1226 363 1263 enim
405 1225 621 1274 praeceptis
662 1224 762 1263 illius
791 1226 1003 1264 moralibus
1031 1225 1245 1263 certissima
1273 1225 1361 1263 iusti
1390 1226 1425 1263 &
1454 1225 1584 1264 iniusti
1611 1226 1709 1265 ratio
1739 1226 1990 1265 couenienter
2016 1233 2196 1276 naturae,

259 1282 294 1317 &
333 1278 382 1316 ad
421 1278 705 1327 perfectionem
734 1278 835 1316 illius
863 1281 885 1316 a
913 1281 999 1317 Deo
1029 1279 1075 1316 sit
1104 1278 1294 1329 exposita,
1325 1290 1443 1327 quam
1473 1278 1664 1318 rationem
1695 1279 1738 1316 τὸ
1769 1280 1991 1330 ἡγεμονικὸν
2018 1292 2102 1318 6556
2129 1280 2197 1317 110·

257 1331 371 1369 11111115
400 1330 606 1379 (siquidem
634 1333 724 1369 vere
753 1333 873 1370 homo
903 1336 977 1383 est)
1006 1331 1199 1381 sapientes
1227 1344 1363 1369 omnes
1391 1332 1618 1371 voluerunt:
1647 1332 1743 1382 quid
1771 1339 1829 1370 est
1857 1333 1965 1381 quod
1979 1333 2017 1370 in
2034 1345 2080 1370 ea
2091 1334 2198 1382 Lege

257 1383 466 1423 desiderari
494 1385 544 1421 ab
573 1385 652 1421 vllo
681 1385 822 1434 possit,
852 1396 952 1434 quae
981 1384 1172 1422 rationem
1200 1384 1381 1422 amissam
1410 1385 1578 1434 profert,
1607 1392 1831 1435 corruptam
1846 1384 2108 1435 instaurat,&
2127 1384 2196 1422 im-

257 1438 470 1487 perfectam
499 1436 682 1475 diuinitus
708 1437 858 1487 perficit
887 1437 1132 1476 documentis
1163 1435 1419 1476 salutaribus?
1449 1438 1564 1476 Certe
1593 1438 1780 1488 quicquid
1807 1437 1899 1475 iuris
1927 1437 2197 1476 communis&

258 1490 416 1528 rationis
445 1495 501 1527 est
530 1490 744 1528 secundum
773 1498 969 1539 naturam,
999 1492 1034 1529 &
1063 1490 1278 1529 secundum
1307 1490 1493 1540 gratiam,
1521 1504 1638 1540 quam
1654 1499 1813 1529 naturae
1828 1490 2054 1540 superduxit
2066 1493 2197 1541 Deus,

257 1543 298 1581 id
326 1542 548 1580 vniuersum
576 1542 627 1580 ita
655 1550 712 1581 est
739 1543 779 1581 in
807 1545 913 1593 Lege
942 1543 1064 1582 Mosis
1094 1543 1249 1593 proprie
1277 1550 1342 1581 aut
1370 1543 1571 1593 analogice
1599 1544 1840 1594 expositum,
1869 1551 1910 1582 vt
1938 1543 2005 1593 qui
2032 1545 2083 1582 ad
2111 1557 2196 1582 eam

260 1597 309 1633 (16
342 1595 543 1633 communi
577 1595 658 1633 iure
691 1596 900 1645 quicquam
938 1609 977 1635 se
1015 1596 1166 1646 putabit
1195 1597 1360 1647 addere,
1390 1597 1421 1635 is
1449 1596 1707 1635 meridianum
1736 1598 1868 1636 Solem
1896 1596 2047 1635 facibus
2076 1603 2197 1635 certet

261 1648 458 1687 adiuuare.

313 1702 414 1739 Cum
443 1708 571 1740 autem
600 1701 657 1739 ius
686 1714 897 1740 commune
926 1702 973 1741 sit
1001 1701 1162 1768 quidam
1190 1701 1409 1740 communis
1437 1703 1525 1741 fons
1553 1702 1707 1741 alterius
1736 1701 1828 1740 iuris
1855 1701 1955 1740 illius
1984 1702 2094 1752 quod
2111 1715 2196 1752 par-

262 1754 421 1792 ticulare
449 1756 683 1804 appellatur,
711 1756 816 1792 haud
845 1767 954 1793 secus
982 1758 1100 1804 quarn
1130 1766 1262 1793 sensus
1291 1755 1512 1793 communis
1540 1757 1628 1794 fons
1642 1755 1868 1794 vniuersalis
1883 1762 1940 1793 est
1956 1755 2196 1814 singulorum

261 1819 462 1866 sensuum,
491 1808 630 1866 quibus
660 1820 796 1846 omnes
826 1810 872 1846 τοὶ
901 1810 1064 1856 αἰσθητά
1095 1810 1262 1846 5016111115
1291 1808 1511 1859 percipere·
1539 1811 1718 1858 profecto
1746 1815 1825 1846 tam
1854 1807 2029 1867 iniquum
2058 1816 2138 1858 est,
2166 1808 2198 1845 si

262 1861 301 1898 in
339 1860 538 1898 communi
575 1862 682 1898 fonte
719 1861 808 1898 iuris
847 1864 881 1899 (κ’
909 1861 1069 1898 rationis
1097 1861 1154 1899 ius
1184 1861 1414 1910 particulare
1443 1861 1693 1912 qaaesiueris,
1722 1864 1840 1911 quam
1870 1861 1901 1898 51
1928 1861 1967 1898 111
1995 1861 2198 1899 communi

262 1926 376 1951 sensu
404 1913 577 1950 auditum
606 1913 776 1964 aurium,
804 1915 1008 1952 oculorum
1037 1913 1179 1964 visum,
1209 1915 1244 1952 &
1268 1913 1508 1972 singulorum
1524 1917 1782 1972 αἰσθητηρίων
1798 1913 2015 1952 functiones
2031 1914 2198 1964 singulas

262 1965 553 2004 desideraueris.
596 1967 686 2004 Non
724 1974 782 2005 651
817 1967 940 2005 nostri
975 1967 1163 2015 muneris,
1203 1974 1244 2004 vt
1271 1967 1343 2005 ista
1372 1978 1602 2016 quaeramus
1629 1980 1668 2005 1n
1697 1970 1823 2017 101116,
1852 1968 1921 2005 sed
1949 1974 1989 2005 vt
2017 1981 2064 2005 ex
2091 1969 2197 2005 sonte

262 2019 501 2070 deriuemus,
530 2031 647 2068 quem
677 2022 827 2058 fontem
855 2019 1036 2069 deposuit
1063 2019 1102 2057 in
1130 2019 1306 2058 Ecclesia
1333 2021 1452 2058 Deus.

314 2073 392 2110 Sed
420 2073 459 2109 in
489 2071 676 2110 ducendis
704 2085 751 2110 ex
778 2074 884 2122 Lege
912 2072 1023 2123 riuis,
1052 2085 1188 2110 omnes
1216 2072 1423 2111 vitiositate
1452 2085 1539 2123 sua,
1565 2085 1645 2110 non
1673 2073 1788 2122 pauci
1816 2072 1941 2111 aliena
1968 2072 2196 2111 auctoritate

263 2126 314 2163 ab
351 2125 482 2163 officio
522 2137 593 2163 suo
630 2126 871 2163 aberrarunt.
912 2127 1013 2163 Nam
1050 2138 1178 2164 rerum
1216 2125 1445 2176 moralium,
1473 2126 1523 2164 de
1549 2125 1690 2175 quibus
1719 2139 1766 2163 ex
1794 2125 1859 2163 illo
1888 2126 1970 2164 iure
1997 2125 2197 2163 communi

265 2184 438 2228 constat,
468 2185 549 2215 tum
578 2177 827 2227 particulares
855 2178 1148 2228 conclusiones,
1178 2185 1259 2216 tum
1289 2178 1514 2228 singulareis
1544 2178 1885 2217 determinationes
1915 2191 1962 2216 ex
1990 2178 2044 2216 eis
2060 2191 2195 2228 proce-

267 2231 424 2277 dentes,
453 2243 534 2268 non
563 2232 731 2280 omneis,
758 2245 831 2270 nec
859 2231 1062 2282 omnibus,
1090 2244 1164 2269 nec
1192 2232 1243 2269 ad
1271 2231 1422 2281 omnia,
1451 2244 1525 2270 1166
1544 2231 1726 2282 0111111110,
1746 2232 1872 2270 necin
1888 2244 2005 2270 0111116
2021 2238 2194 2281 tenipus,

266 2285 370 2332 Lege
413 2283 546 2321 defixit
586 2285 713 2322 Deus:
757 2286 826 2322 sed
868 2296 1001 2322 earum
1035 2285 1164 2334 potius
1199 2285 1362 2322 modum
1400 2285 1584 2334 exemplis
1621 2284 1736 2334 Legis
1774 2284 1873 2323 illius
1902 2283 2195 2322 demonstrauit.

267 2338 412 2374 Earum
446 2344 578 2374 autem
612 2336 709 2374 aliae
748 2338 799 2375 ad
835 2337 1013 2376 homines
1041 2339 1329 2386 humanamque
1357 2337 1584 2376 societatem
1612 2337 1839 2387 respiciunt,
1869 2337 1965 2375 aliae
1992 2337 2043 2375 ad
2070 2339 2195 2375 Deum

266 2391 300 2426 81
329 2402 388 2428 165
417 2388 580 2427 diuinas.
612 2390 862 2440 Quapropter
889 2402 1016 2428 rerum
1046 2392 1301 2428 humanarum
1331 2391 1551 2440 exemplum
1580 2389 1824 2428 iudicialibus
1845 2389 2196 2440 politicisquelegi-

266 2443 360 2492 bus,
397 2442 615 2480 diuinarum
645 2442 968 2481 ceremonialibus
996 2443 1170 2482 exhibuit
1197 2445 1322 2481 Deus:
1352 2444 1573 2493 exemplum
1603 2443 1712 2492 dico,
1741 2456 1821 2481 non
1851 2445 2017 2481 formam
2045 2455 2196 2492 expres-

266 2508 347 2533 sam
376 2494 570 2545 omnium,
600 2508 699 2544 quae
727 2497 777 2533 ad
803 2496 990 2534 vtrumuis
1019 2497 1057 2534 in
1086 2496 1271 2534 societate
1298 2497 1466 2534 humana
1493 2495 1637 2546 requiri
1664 2503 1838 2545 possunt.

317 2550 376 2585 Ac
405 2548 454 2585 de
483 2548 807 2586 ceremonialibus
835 2549 994 2597 quidem
1022 2549 1213 2599 Legibus,
1242 2561 1341 2598 quae
1369 2550 1420 2586 ad
1444 2550 1591 2587 cultum
1606 2548 1782 2586 diuinum
1799 2550 1953 2587 fuerunt
1967 2549 2196 2598 imperatae,

266 2601 516 2650 grauissimae
544 2601 638 2638 olim
666 2603 770 2650 apud
800 2603 928 2640 bonos
953 2602 1243 2640 controuersiae
1269 2601 1505 2640 exstiterunt.
1535 2603 1655 2650 Nam,
1685 2609 1724 2639 vt
1752 2601 1846 2639 nihil
1874 2601 2002 2639 dicam
2028 2602 2076 2639 de
2091 2601 2197 2638 innu-

268 2653 517 2692 nierabilibus
559 2654 792 2703 hypocritis,
822 2654 887 2703 qui
915 2655 1006 2692 inde
1034 2658 1057 2692 a
1085 2654 1277 2704 principio
1306 2654 1344 2691 in
1373 2654 1603 2692 ceremoniis
1633 2667 1790 2703 proram
1818 2655 1853 2691 δι
1882 2654 2044 2704 puppim
2074 2655 2196 2703 (quod

269 2706 387 2755 aiunt)
416 2705 547 2743 salutis
575 2708 740 2755 posue(f.
776 2710 1000 2756 1477)runt,
1029 2709 1063 2744 &⁷
1092 2707 1131 2745 in
1160 2708 1300 2757 quibus
1328 2707 1574 2757 increpandis
1603 2707 1905 2757 euincendi'sque
1925 2707 2193 2756 Prophetae&

270 2759 320 2808 pij
363 2759 506 2808 quique
547 2768 636 2797 ante
676 2761 886 2797 aduentum
929 2760 1070 2798 Christi
1112 2774 1272 2810 operam
1308 2767 1633 2810 consumpserunt
1665 2759 1975 2811 diligentissime,
2011 2759 2106 2797 nihil
2142 2760 2191 2797 de

1990 2811 2193 2850 Nasaraeis
