2334 3020
246 81 292 128 78
880 87 947 113 DE
987 88 1131 113 VERA
1171 88 1525 117 THEOLOGIA.

241 202 362 236 vetere
399 196 448 232 ἐφ’
482 206 580 231 nouo
608 200 682 243 per
716 194 953 244 Prophetas,
982 194 1207 244 Apostolos,
1238 195 1287 231 ἐφ’
1313 195 1589 244 Euangelistas
1619 197 1893 243 conszgrlzatam.
1935 197 2165 250 Materiam,

239 261 370 286 rerum
398 247 619 284 diuinarum
647 244 908 294 appellatione
936 245 1217 296 conclusimus,
1245 247 1431 297 formam,
1468 249 1647 287 Veritatis
1657 260 1674 295 ,⁰
1701 249 1819 286 finem
1849 248 2018 297 denique
2041 264 2162 300 quan-

240 307 318 339 tum
353 301 431 337 eius
468 299 572 335 nobis
608 295 670 334 lete
697 299 846 348 expedit
869 300 1043 335 ranetam·
1067 299 1125 336 ad
1142 300 1315 346 gloriam
1342 301 1442 350 eius,
1472 301 1521 338 ἐφ’
1547 303 1745 339 electorum
1774 302 1922 338 boumn.
1962 303 2098 352 Itaque
2128 305 2163 341 &

240 355 370 391 locum
397 352 501 388 hunc
528 350 807 387 concludamus
835 349 986 398 paucis,
1013 361 1136 399 genus
1164 352 1199 388 &
1227 350 1443 389 differentia
1465 353 1685 391 communis
1708 360 1766 391 est
1787 353 1898 392 huius
1923 354 2164 406 Theologiae

242 416 340 454 quae
367 414 496 441 rerum
521 401 737 440 diuinarum
766 401 906 440 dicitur
933 404 988 450 (vt
1009 403 1124 450 ''ante)
1153 402 1358 451 sapientia:
1389 403 1589 454 singularis
1610 409 1702 444 vero
1718 406 1931 445 differentia
1945 420 2014 456 per
2031 419 2165 447 causas

242 455 488 506 sequentibus
530 454 754 504 explicatur.
797 455 1066 502 Quamobrem
1109 455 1157 493 de
1192 455 1286 506 illis,
1322 457 1509 508 agedum,
1546 457 1683 496 ordine
1711 459 1852 497 eodem
1880 459 2101 511 videamus,
2129 462 2165 499 δε

241 509 386 548 omisso
412 520 553 558 genere
581 506 874 557 differentiaque
904 507 1123 558 communi,
1151 508 1424 558 aggrediamur
1451 521 1653 549 causarum
1681 515 1761 549 eius
1790 511 2099 562 explicationem.

993 773 1222 810 CAPVT
1262 774 1408 810 XIII.

753 890 816 927 De
843 902 981 928 caussa
1007 891 1203 928 materiali
1228 895 1382 928 nostrae
1416 891 1653 939 Theologiae.

291 990 389 1027 ETSI
424 1002 558 1028 omnes
589 1001 723 1029 causas
763 1002 862 1039 quae
894 991 945 1029 ad
970 992 1112 1029 iustam
1142 991 1408 1030 definitionem
1436 992 1678 1042 Theologiae
1699 999 1854 1030 nostrae
1878 994 2055 1031 absolute
2084 993 2162 1032 dic-

240 1048 301 1080 tae
338 1048 426 1080 sunt
461 1053 578 1092 opus,
620 1049 727 1082 certo
767 1045 803 1082 &
839 1044 988 1094 vulgari
1015 1044 1150 1082 ordine
1178 1051 1338 1083 naturae
1366 1044 1406 1083 in
1433 1045 1658 1083 definitione
1695 1045 1994 1097 collocauimus3
2023 1046 2168 1095 placuit

240 1101 389 1145 tamen,
416 1095 467 1133 ad
495 1095 814 1134 commoditatem
843 1096 1012 1135 docendi
1037 1096 1143 1147 prius
1172 1098 1221 1135 de
1249 1097 1373 1136 causis
1402 1097 1560 1136 internis
1588 1100 1623 1136 ἅτ
1644 1097 1910 1136 essentialibus
1925 1098 2166 1148 Theologiae

240 1147 393 1198 dicere,
433 1150 552 1197 quam
595 1148 644 1186 de
683 1148 728 1187 iis
769 1161 869 1198 quae
910 1150 994 1198 fo(f.
1027 1150 1209 1199 1403.)ris
1240 1150 1320 1188 siue
1355 1150 1588 1189 extrinsecus
1617 1162 1707 1188 cum
1734 1164 1779 1189 ea
1806 1151 2039 1190 coniunctae
2066 1158 2166 1190 sunt.

238 1202 413 1239 Internas
448 1211 582 1239 causas
609 1202 850 1251 appellamus
875 1215 957 1252 eas,
990 1214 1089 1252 quae
1116 1203 1320 1241 essentiam
1349 1203 1403 1242 rei
1430 1203 1669 1242 constituunt
1701 1203 1800 1242 illius
1827 1204 1875 1241 de
1903 1215 1981 1253 qua
2002 1205 2167 1242 habetur

240 1265 390 1304 sermo,
432 1253 651 1292 cuiusmodi
690 1261 779 1293 sunt
818 1254 857 1293 in
898 1256 1014 1293 rebus
1050 1255 1233 1294 omnibus
1267 1256 1426 1294 materia
1453 1257 1488 1293 ἃ
1516 1258 1662 1294 forma:
1690 1258 1881 1295 Externas
1908 1259 2022 1307 vero,
2051 1268 2164 1306 quae-

241 1306 414 1357 cunque,
451 1312 637 1355 tanquam
666 1313 824 1345 externa
851 1308 1065 1358 quaedam,
1092 1308 1148 1346 rei
1175 1309 1406 1347 constitutae
1434 1310 1734 1359 adhaerescunt,
1769 1309 1849 1348 siue
1878 1310 1928 1347 ad
1955 1309 2165 1358 generatio·

238 1371 328 1397 nem
355 1358 491 1410 ipsius,
520 1365 561 1397 vt
587 1359 759 1399 efficiens
787 1372 920 1411 causa,
949 1360 1028 1399 siue
1056 1361 1107 1399 ad
1134 1362 1402 1411 operationem
1430 1363 1465 1399 δε
1494 1363 1694 1409 effectum,
1724 1369 1765 1400 vt
1791 1362 1889 1401 finis.
1929 1364 2049 1400 Hunc
2064 1362 2166 1401 ordi-

238 1424 328 1449 nem
369 1411 466 1449 ratio
507 1411 733 1461 disciplinae
773 1413 896 1463 magis
935 1415 1125 1463 postulat3
1162 1414 1270 1452 illum
1303 1416 1485 1453 obseruat
1519 1422 1668 1453 natura.
1712 1416 1961 1465 Quapropter
1996 1414 2166 1454 internas

238 1475 372 1503 causas
399 1464 527 1514 priore
553 1465 645 1502 loco
672 1465 889 1515 aggressuri
916 1477 1069 1518 sumus,
1098 1473 1273 1505 externas
1301 1471 1392 1506 vero
1421 1467 1460 1505 in
1487 1467 1745 1517 posteriorem
1771 1467 1960 1506 reiecturi.
1989 1469 2043 1505 Vt
2071 1481 2163 1518 ergo

237 1517 286 1554 de
313 1517 473 1555 materia
499 1517 667 1567 primum
694 1518 895 1557 videamus
923 1532 1054 1558 sacrae
1080 1520 1341 1571 Theologiae,
1379 1520 1580 1558 materiam
1609 1520 1707 1571 eius,
1734 1520 1904 1570 vestigiis
1932 1520 2164 1571 scripturae,

238 1576 395 1608 naturae
435 1581 592 1620 quoque
630 1570 749 1620 ipsius
790 1571 1027 1623 insistentes,
1066 1573 1296 1622 exponimus
1330 1573 1370 1610 in
1403 1574 1508 1611 hunc
1537 1573 1716 1624 modum,
1754 1574 1864 1611 Thes.
1897 1586 1956 1620 24.
1985 1575 2164 1611 Materia

243 1623 470 1671 Theologiae
502 1629 559 1661 est
592 1624 815 1662 diuinarum
849 1637 1006 1662 rerum:
1033 1626 1214 1663 nimirum
1241 1627 1372 1676 Deus,
1402 1627 1452 1664 ἓν
1479 1639 1720 1675 quaecunque
1746 1628 1802 1663 ad
1825 1627 1954 1664 Deum
1982 1627 2164 1664 ordinata

236 1681 342 1726 szmt,
360 1682 489 1726 prout
516 1677 755 1727 disciplinam
782 1678 862 1715 Dei
890 1679 934 1715 de
961 1683 1126 1727 natura,
1156 1679 1353 1729 operibus,
1384 1679 1433 1716 ἐφ’
1455 1680 1539 1716 inre
1567 1680 1688 1730 ipsim
1711 1680 1819 1717 tradi
1840 1680 2020 1729 oportuit.
2048 1680 2166 1716 Hanc

235 1740 328 1777 ergo
356 1728 436 1766 siue
464 1728 684 1779 materiam,
717 1729 797 1768 siue
826 1729 1064 1780 subiectum,
1094 1730 1173 1769 siue
1202 1730 1403 1769 obiectum
1431 1732 1842 1781 appellemus,pr0ut,
1861 1738 2038 1780 respectu
2053 1731 2161 1769 vario

235 1780 395 1819 nomina
422 1782 519 1819 haec
546 1781 596 1819 de
623 1789 850 1831 argumento
879 1782 1119 1832 Theologiae
1139 1783 1354 1833 praedicari
1367 1791 1550 1835 possunt,
1567 1784 1772 1822 definimus
1793 1796 1925 1821 rerum
1942 1785 2164 1822 dz'us'lmrmu

237 1834 508 1883 appellatione.
536 1835 615 1872 Res
643 1842 773 1873 autem
799 1834 951 1874 diuinas
979 1836 1057 1874 hoe
1082 1837 1174 1874 loco
1202 1838 1382 1875 volumus
1408 1836 1552 1887 accipi,
1581 1849 1682 1886 quae
1710 1837 1869 1886 quidem
1883 1843 1949 1874 aut
1966 1839 2056 1874 vere
2072 1836 2166 1874 diui-

235 1898 308 1924 nae
336 1893 442 1937 sunt,
471 1893 557 1937 aut,
586 1886 617 1925 si
643 1888 694 1925 ad
721 1899 849 1926 rerum
877 1895 1054 1926 naturam
1080 1888 1293 1939 pertinent,
1322 1890 1372 1928 ad
1399 1891 1528 1928 Deum
1550 1896 1680 1928 tamen
1695 1889 1825 1938 aliquo
1842 1895 1959 1939 pacto
1985 1889 2164 1927 ordinan-

233 1945 306 1976 tur.
342 1951 460 1988 quam
499 1952 580 1977 rem
618 1941 794 1978 nonnulli
835 1954 883 1979 ex
923 1941 1153 1980 orthodoxis
1180 1941 1352 1991 patribus
1381 1943 1555 1980 volentes
1578 1941 1812 1993 exprimere,
1837 1941 2037 1979 materiam
2066 1943 2165 1980 The-

236 1990 387 2041 ologiae
415 1991 470 2030 sic
498 1992 775 2044 definiuerunt,
810 2001 852 2031 vt
881 1993 922 2032 id
949 2001 1075 2032 totum
1103 1994 1140 2032 in
1170 1994 1328 2033 materia
1355 1995 1594 2045 Theologiae
1619 1996 1844 2034 habendum
1872 1994 2161 2045 praedicarent,

235 2044 342 2092 quod
368 2051 433 2082 aut
460 2046 566 2083 Deus
593 2051 650 2083 est
677 2053 785 2084 recto
813 2058 905 2084 casu
932 2048 989 2096 (ut
1016 2048 1227 2096 loquuntur
1255 2047 1523 2095 Grammatici)
1552 2054 1618 2086 aut
1644 2048 1752 2097 quod
1780 2047 1942 2096 obliquo
1958 2059 2049 2085 casu
2065 2047 2162 2097 Dei,

235 2097 344 2146 Deo,
385 2098 434 2135 ad
471 2099 621 2146 Deum,
649 2105 715 2137 aut
741 2102 765 2137 a
791 2100 880 2137 Deo
908 2112 991 2138 esse
1018 2099 1094 2138 dici
1122 2107 1269 2152 potest,
1299 2101 1407 2149 quod
1435 2099 1602 2150 denique
1629 2101 1841 2139 secundum
1871 2099 2021 2138 omneis
2051 2111 2161 2138 casus

236 2150 294 2196 (ut
322 2149 594 2188 Grammaticis
622 2153 879 2200 appellantur)
907 2164 1017 2190 suam
1040 2159 1187 2191 certam
1201 2154 1252 2191 ad
1266 2154 1395 2191 Deum
1409 2154 1528 2191 habet
1541 2153 1769 2191 relationem
1783 2152 2160 2201 ordinationemque.

235 2203 296 2238 Ac
323 2201 479 2251 proprie
507 2202 663 2251 quidem
691 2203 993 2254 simpliciterque
1021 2207 1128 2243 Deus
1152 2205 1389 2257 subiectum,
1413 2217 1481 2244 seu
1503 2206 1664 2244 materia
1677 2213 1734 2244 est
1748 2205 2158 2255 Theologiae3quem-

234 2254 450 2292 admodum
478 2255 778 2305 vniuscuiusque
806 2257 1007 2308 scientiae,
1036 2257 1117 2296 siue
1146 2258 1370 2308 disciplinae
1397 2270 1517 2296 vnum
1544 2258 1702 2308 aliquod
1718 2265 1866 2297 certum
1881 2257 2158 2307 definitumque

234 2307 473 2357 subiectum,
502 2307 582 2346 siue
611 2309 810 2347 materiam
838 2310 971 2348 haberi
996 2323 1153 2349 necesse
1181 2318 1250 2350 est.
1291 2311 1455 2349 Perinde
1484 2310 1588 2349 enim
1616 2311 1832 2349 subiectum
1859 2310 1899 2348 in
1926 2321 2158 2360 vnaquaque

233 2358 394 2398 scientia
433 2372 474 2398 se
506 2360 557 2398 ad
598 2360 799 2399 scientiam
839 2364 976 2413 habet,
1013 2370 1054 2401 vt
1091 2363 1290 2402 obiectum
1320 2377 1360 2402 se
1386 2364 1505 2402 habet
1532 2365 1582 2402 ad
1610 2364 1825 2413 potentiam
1853 2364 2069 2402 naturalem
2096 2365 2159 2402 vel

232 2410 408 2450 habitum
436 2419 624 2451 nostrum.
668 2414 830 2452 Constat
857 2422 986 2453 autem
1013 2416 1169 2466 proprie
1192 2416 1287 2455 illud
1308 2416 1506 2455 obiectum
1521 2416 1717 2466 potentiae
1738 2417 1818 2454 siue
1832 2415 1986 2454 habitus
1999 2416 2159 2454 humani

227 2463 413 2514 assignari
441 2466 513 2504 sub
544 2465 651 2503 cuius
678 2466 827 2505 ratione
856 2468 987 2506 omnia
1013 2469 1063 2506 ad
1091 2481 1200 2507 suam
1227 2469 1443 2519 potentiam
1470 2469 1549 2507 siue
1577 2469 1755 2507 habitum
1778 2471 2010 2507 referuntur:
2026 2479 2158 2517 quem-

227 2517 443 2555 admodum
488 2518 670 2568 (exempli
710 2522 840 2568 causa)
883 2533 1010 2559 sermo
1049 2521 1270 2560 articulatus
1307 2525 1342 2560 &
1376 2524 1505 2572 fragor
1534 2523 1750 2560 referuntur
1777 2523 1828 2560 ad
1856 2521 2053 2571 auditum,
2082 2533 2158 2570 qua

228 2582 370 2608 sonora
414 2577 521 2621 sunt,
561 2571 651 2620 quia
693 2583 811 2610 sonus
852 2574 914 2610 vel
955 2586 1015 2611 res
1058 2587 1202 2613 sonora
1243 2577 1320 2624 qua
1362 2587 1505 2612 sonora
1534 2582 1611 2623 est,
1638 2574 1842 2625 proprium
1871 2581 1929 2612 est
1956 2573 2156 2612 obiectum
2196 2596 2200 2602 ·

228 2621 380 2660 auditus
416 2623 558 2661 nostri:
596 2623 846 2674 similiterque
880 2627 1001 2664 homo
1035 2627 1071 2664 &
1100 2627 1223 2666 bestia
1249 2628 1466 2666 referuntur
1489 2628 1538 2665 ad
1569 2626 1714 2678 visum,
1743 2638 1820 2677 qua
1849 2628 2022 2664 colorata
2050 2633 2157 2678 sunt,

232 2674 322 2722 quia
350 2677 459 2713 color
485 2677 546 2714 vel
574 2689 634 2714 res
663 2678 837 2715 colorata
864 2685 920 2716 est
949 2680 1148 2728 objectum
1177 2679 1279 2718 visus
1306 2679 1441 2718 nostri.
1483 2680 1560 2718 Sed
1583 2679 1715 2718 omnia
1741 2686 1872 2718 tamen
1898 2678 1938 2716 in
1954 2679 2069 2717 Sacra
2083 2680 2157 2716 hac

235 2727 452 2778 Theologia
492 2735 704 2767 tractantur
745 2731 817 2768 sub
858 2730 1007 2770 ratione
1043 2732 1138 2784 Dei,
1175 2739 1358 2782 tanquam
1394 2732 1574 2783 propriae
1609 2732 1813 2783 materiae,
1840 2731 2157 2822 quaenagizurjn

1985 2796 2032 2823 eo
2049 2796 2157 2832 ogla:
