2334 3020
343 670 607 719 THESES
644 668 863 717 XXXIX
898 667 1042 716 HOC
1076 664 1459 715 TRACTATU
1493 662 1994 712 ILLUSTRATAE.

266 1075 336 1113 ΤΙι
353 1087 371 1112 e
386 1088 407 1112 o
424 1076 442 1113 l
453 1087 517 1123 og
532 1076 549 1113 i
562 1088 588 1113 a
624 1079 696 1113 aut
732 1086 940 1113 sermonem
971 1073 1054 1110 Dei
1076 1071 1218 1123 ipsius,
1252 1074 1323 1107 ant
1357 1070 1402 1107 a'e
1434 1070 1636 1108 diuinitate
1666 1081 1871 1107 sermonem
1904 1072 2139 1108 ratione‘mue

200 1137 421 1186 significat,
453 1140 496 1173 vt
524 1135 739 1183 Augustini
770 1140 926 1174 vtamur
956 1133 1100 1178 verbis,
1133 1132 1196 1169 lib.
1233 1132 1273 1170 8.
1307 1131 1352 1167 de
1394 1130 1510 1171 Ciuit.
1543 1131 1643 1180 Dei⁷
1675 1135 1757 1180 cap.
1790 1140 1815 1168 Ι.
1850 1131 1957 1169 Nos
1986 1131 2033 1168 de
2048 1136 2139 1181 pos-

199 1198 341 1234 teriorc
371 1197 592 1247 significatu
623 1196 769 1234 dicturi
796 1207 938 1234 sumus.
993 1194 1087 1243 Cap.
1120 1203 1146 1230 Ι.

265 1270 284 1294 2
332 1256 432 1294 Esse
471 1261 595 1293 autem
641 1256 884 1304 Theologiam
925 1266 1010 1291 res
1041 1255 1168 1304 ipsae,
1206 1252 1257 1289 ἐφ’
1289 1262 1489 1289 consensus
1520 1251 1686 1288 omnium
1716 1251 1951 1300 populorum
1980 1251 2112 1288 docent
2125 1263 2138 1287 .·

200 1317 241 1353 R
252 1328 326 1364 es,·
366 1329 454 1354 nam
492 1317 542 1354 ξφ
572 1316 683 1354 Deus
713 1321 789 1365 est,
824 1317 874 1354 ἐφ’
904 1314 999 1352 idem
1020 1313 1259 1364 principium
1290 1315 1348 1349 est
1375 1312 1496 1349 omnis
1526 1312 1616 1348 boni
1643 1312 1683 1348 in
1714 1323 1848 1348 rerum
1884 1316 2054 1356 natura,
2089 1311 2138 1348 ἐφ’

199 1377 371 1425 loquitur
385 1406 395 1426 ⁷
428 1377 479 1414 ἐφ’
511 1377 598 1424 agit
625 1377 750 1416 Dens.
799 1376 1034 1420 Consensus;
1064 1386 1153 1410 nam
1185 1384 1311 1410 omnes
1341 1373 1398 1410 ita
1429 1384 1507 1410 esse
1537 1375 1753 1419 agnoscunt
1781 1374 1948 1409 naturae
1976 1372 2070 1408 luce.

262 1449 284 1485 3
334 1437 427 1473 Etsi
463 1441 588 1474 autem
630 1437 677 1474 ab
707 1437 876 1475 omnibus
904 1434 1078 1472 creditur
1109 1445 1187 1471 esse
1223 1432 1467 1480 Theologiam
1481 1461 1493 1478 ,
1526 1433 1565 1470 in
1596 1433 1712 1479 vulgo
1745 1435 1869 1469 tamen
1900 1427 2142 1485 ὁμωνύμως

201 1497 366 1534 dicitur:
397 1501 454 1534 est
481 1497 578 1534 enim
608 1497 701 1535 lmec
731 1509 827 1535 vera
840 1526 852 1546 7
882 1496 954 1534 illa
978 1494 1096 1543 falsa
1128 1494 1179 1531 ἐφ’
1210 1493 1428 1543 opinabilis.

264 1569 290 1604 4
336 1557 462 1595 Falsa
500 1557 708 1605 Theologia
744 1561 802 1596 est
829 1557 970 1607 duplex
981 1566 998 1602 ,·
1027 1567 1104 1593 vna
1129 1554 1330 1601 vulgaris,
1357 1555 1487 1591 altera
1508 1552 1796 1604 philosophica:
1827 1552 2030 1600 Vulgaris‚
2050 1564 2146 1601 quae

202 1619 243 1655 in
262 1618 472 1667 principiis
502 1622 672 1656 naturae
702 1622 858 1656 nostrae
887 1615 1124 1666 imperfectis
1155 1614 1350 1652 subsidens
1383 1627 1458 1652 non
1483 1616 1662 1662 assurgit
1691 1614 1810 1650 altins
1831 1614 2145 1651 ratiocinatione:

203 1677 494 1728 Plcilosoplzica,
527 1690 625 1727 quae
654 1679 963 1717 ratiocinationis
994 1687 1133 1714 errore
1163 1675 1204 1712 in
1227 1673 1367 1723 falsas
1400 1676 1653 1713 conclusiones
1684 1672 1887 1722 dlfstuxl'l‘7
1920 1675 1970 1712 ἐφ’
1989 1673 2146 1723 fabulo-

202 1750 308 1787 sam,
340 1740 582 1789 naturalem,
615 1741 834 1789 ciuilemque
863 1751 912 1776 ex
933 1737 1143 1788 principiis
1172 1735 1252 1773 illis
1270 1736 1515 1785 procreauit.

267 1809 287 1848 5
343 1799 547 1847 Zlceologia
577 1804 634 1837 est
656 1800 844 1852 sapientia
875 1810 1009 1837 rerum
1040 1797 1265 1835 diuinarum
1303 1795 1398 1846 Cap.
1431 1806 1473 1834 11.

264 1859 287 1894 6
334 1860 449 1897 Haec
485 1863 557 1897 aut
594 1864 652 1898 est
686 1857 950 1916 οἷρχέτυπος,
983 1859 1165 1896 nimirum
1195 1855 1279 1894 Dei
1305 1857 1428 1907 ipsius
1459 1856 1674 1906 sapientia;
1703 1858 1775 1892 aut
1801 1858 1859 1892 est
1885 1850 2089 1903 ἕῖκτυπος,
2122 1854 2147 1890 ὰ

201 1918 289 1955 Deo
320 1916 552 1971 informata.
589 1921 685 1971 Cap.
717 1932 776 1960 111.

265 1990 284 2027 7
339 1980 544 2029 Ilieologia
583 1977 824 2038 οἷρχὲτυπος
867 1984 924 2018 est
956 1979 1181 2018 diuinarum
1223 1989 1357 2015 rerum
1393 1976 1528 2015 diuina
1555 1977 1760 2027 sapientia.
1807 1975 1928 2012 Hanc
1957 1973 2049 2011 vero
2080 1986 2148 2011 nos

203 2037 432 2091 adoramus,
469 2053 515 2079 ac
545 2053 621 2079 non
651 2043 939 2089 inuestigamus.
979 2041 1073 2090 Cap.
1106 2050 1160 2077 lv.

265 2100 288 2135 8
343 2100 547 2150 leeologia
582 2098 762 2150 ἔκτυπος
776 2131 785 2148 ,
828 2103 910 2140 siue
947 2100 1170 2152 simpliciter
1212 2098 1275 2149 (ut
1312 2099 1467 2150 vocant)
1511 2098 1592 2135 siue
1621 2096 1824 2135 secundum
1854 2095 1953 2146 quid
1978 2095 2147 2132 conside-

204 2163 321 2212 rata,
348 2165 405 2199 est
430 2163 619 2212 sapientia
649 2163 873 2200 diuinarum
904 2174 1038 2200 rerum
1070 2162 1096 2197 a
1126 2160 1215 2197 Deo
1246 2171 1296 2197 ex
1328 2159 1534 2208 archetypo
1565 2160 1685 2209 zpsius
1700 2153 1968 2209 informata(f.
2002 2153 2148 2207 1371.)

200 2224 272 2269 per
308 2223 673 2260 communicationem
697 2224 859 2269 gratiae
887 2223 945 2261 ad
965 2221 1139 2271 gloriam
1170 2221 1304 2270 zpsius.
1352 2219 1448 2270 Cap.
1479 2229 1518 2257 v.

272 2295 295 2330 9
341 2282 467 2331 Atque
505 2283 597 2320 haec
638 2282 786 2331 quidem
828 2283 1037 2331 leeologia
1066 2281 1289 2332 simpliciter
1321 2279 1446 2325 dicta,
1481 2282 1539 2317 est
1568 2281 1649 2317 tota
1680 2278 1869 2330 sapientia
1895 2289 2029 2315 rerum
2050 2275 2151 2314 diui-

205 2356 345 2382 narum
374 2354 456 2380 cum
481 2355 526 2380 re
556 2347 689 2382 creata
715 2345 1034 2383 communicabilis
1056 2347 1139 2393 pro
1170 2341 1481 2379 communicantis
1512 2339 1637 2379 modo.

269 2417 320 2441 10
373 2401 412 2440 T
404 2404 578 2452 lzeologia
608 2403 699 2440 verb
730 2405 934 2443 secundam
964 2403 1080 2454 quid,
1112 2405 1169 2440 est
1196 2401 1389 2452 sapientia
1419 2413 1553 2438 rerum
1585 2400 1810 2438 diuinarum
1843 2410 1927 2436 cum
1955 2398 2149 2435 creaturis

205 2465 477 2502 communicata
496 2469 580 2514 pro
609 2463 717 2501 modo
743 2466 931 2515 ipsarum.
967 2463 1280 2503 Communicatur
1302 2465 1427 2499 antem
1453 2462 1588 2499 vnione
1599 2489 1610 2507 ,
1631 2462 1798 2510 nisime,
1817 2463 1890 2496 aut
1901 2459 2147 2496 reuelatione.

271 2538 286 2562 1
302 2537 317 2561 1
373 2523 413 2561 Τ
404 2525 579 2572 lzeologia
606 2537 721 2573 quam
751 2527 900 2564 vnionis
930 2525 1189 2576 appellamus,
1222 2525 1280 2560 est
1302 2525 1382 2560 tota
1407 2522 1597 2571 sapientia
1622 2534 1756 2559 rernm
1787 2519 2010 2557 diuinarum
2025 2547 2036 2568 ‚
2056 2531 2152 2556 com-

206 2585 399 2623 municata
442 2597 524 2622 cum
569 2585 723 2623 Christo
752 2582 1043 2644 θεανθραίπῳ
1059 2614 1068 2632 ,
1101 2583 1147 2622 ia'
1181 2586 1255 2633 est,
1287 2583 1365 2630 qua
1391 2582 1525 2620 Sermo
1556 2594 1650 2620 caro
1677 2583 1812 2631 sactus
1841 2583 1916 2630 est,
1947 2578 2149 2617 secundum

207 2645 480 2683 humanitatem
511 2647 603 2684 eins.
656 2646 752 2696 Cap.
785 2657 839 2685 v1.

276 2719 292 2743 1
305 2719 324 2743 2
379 2705 584 2753 Theologia
613 2705 770 2744 visionis
799 2710 875 2757 est,
907 2718 1006 2756 quae
1035 2703 1310 2743 communicata
1338 2705 1396 2740 est
1421 2714 1505 2740 cum
1536 2702 1719 2752 Angelis,
1751 2701 1802 2739 ὃν
1828 2700 2026 2751 ⁸spiritibus
2042 2711 2148 2737 sanc-

208 2770 335 2805 torum
365 2770 695 2818 consecratorum,
724 2779 789 2805 seu
811 2768 1079 2818 perfectorum
1109 2766 1150 2803 in
1181 2762 1299 2804 caelo.
1351 2762 1446 2814 Cap.
1480 2773 1548 2802 vn.

1170 2824 1194 2861 6
1847 2834 1895 2872 13
1949 2819 2155 2868 Tlceologria
