2334 3020
280 126 361 161 404
992 123 1261 151 EIRENICI
1304 123 1443 150 PARS
1486 125 1511 151 Ι.

326 228 467 268 Huius
504 235 634 267 autem
676 228 925 267 excellentiae
960 236 1042 268 tum
1076 230 1258 268 adiuncta
1294 229 1623 281 manifestissima,
1651 237 1734 269 tum
1764 231 1976 270 certissima
2002 232 2222 272 testimonia

274 289 363 320 sunt
391 282 474 320 duo
504 281 572 319 illa
598 281 751 331 reliqua
778 281 925 331 capita,
955 294 1055 332 quae
1084 296 1131 320 ex
1159 282 1411 332 inscriptione
1438 283 1580 321 horum
1604 285 1843 332 psalmorum
1859 287 1948 323 ante
1965 285 2220 325 ostendimus.

273 334 461 383 Quisquis
493 334 597 372 enim
629 335 681 372 de
710 334 936 373 excellentia
963 337 1036 373 hac
1064 336 1233 373 necdum
1265 335 1338 374 sibi
1364 335 1519 374 videtur
1542 336 1631 374 satis
1647 338 1983 387 confirmatus,ad
1997 345 2219 388 auctorem,

276 388 327 425 ad
369 387 532 425 modum
575 386 782 436 respiciat:
826 387 905 425 Hic
943 390 1046 426 certe
1079 388 1279 426 habiturus
1314 396 1392 436 est,
1431 389 1535 426 vnde
1571 401 1680 427 suam
1708 389 1813 428 illam
1842 390 1931 428 fidei
1958 390 2218 429 infirmitatem

277 439 514 478 statuminet.
557 441 713 477 Auctor
749 447 807 478 est
844 441 970 489 Deus,
999 441 1317 489 instrumentum,
1346 440 1494 489 Dauid,
1523 443 1546 478 a
1582 444 1668 481 Deo
1697 442 1977 481 sanctificatum
2005 444 2041 481 &
2066 444 2105 482 in
2133 457 2216 494 per-

275 492 489 530 scribendis
519 492 578 530 his
607 492 768 542 psalmis
798 501 1048 542 occupatum.
1076 495 1145 531 Ille
1175 506 1261 539 rex,
1292 495 1488 544 Propheta
1516 496 1770 546 θεόπνευςος,
1793 495 1856 534 ille
1870 497 1990 534 homo
2005 497 2219 535 secundum

274 558 343 583 cor
370 545 466 594 Dei,
495 552 536 582 vt
567 546 760 594 scriptura
787 545 980 595 loquitur,
1010 547 1116 585 testis
1144 547 1412 596 incorruptus,
1442 549 1477 585 δε
1503 547 1682 596 publicus
1706 548 1782 586 Dei
1803 548 1841 586 in
1858 549 1899 600 (f.
1917 551 2009 598 684)
2026 550 2217 594 Ecclesia,

274 597 555 647 Ecclesiaeque
594 599 700 647 apud
740 599 870 636 Deum
901 599 1094 647 notarius,
1124 599 1280 649 publica
1310 600 1385 638 fide
1415 602 1449 638 δε
1478 599 1706 638 auctoritate
1732 601 1805 639 hos
1832 604 2002 651 psalmos
2030 603 2211 641 exarauit.

276 653 361 688 Has
400 663 557 700 operas,
595 650 671 688 Dei
710 650 869 700 inquam
899 653 933 690 &
970 652 1153 702 Dauidis,
1186 651 1224 689 in
1252 652 1310 690 his
1337 652 1494 702 psalmis
1523 661 1820 703 concurrentes,
1850 657 2085 693 excellentes
2112 668 2217 705 esse,

277 704 313 741 &
347 704 396 742 de
434 704 550 741 rebus
591 704 925 742 excellentissimis
963 706 1145 753 credent,
1189 705 1425 755 quicumque
1453 707 1604 751 Deum,
1633 707 1872 758 Ecclesiam,
1903 710 1938 747 δε
1967 716 2117 746 tantum
2145 709 2220 746 Dei

275 767 432 794 seruum
461 758 483 794 a
511 757 598 794 Deo
628 757 887 806 Ecclesiaque
915 757 1132 796 adhibitum
1162 759 1211 795 ad
1239 758 1341 796 istud
1370 770 1468 808 opus
1495 759 1746 797 verebuntur.

328 808 433 847 Huic
461 809 641 858 dignitati
670 810 705 846 δε
736 810 957 848 certitudini
985 813 1144 849 alteram
1173 811 1347 849 adiunxit
1374 813 1501 858 Deus,
1531 813 1620 849 cum
1648 813 1721 850 hos
1748 813 1853 862 ipsos
1880 815 2050 863 psalmos
2079 816 2216 852 &can-

276 861 352 900 tica
380 874 463 900 esse
492 862 636 903 voluit,
667 867 792 911 eaque
821 863 978 912 publice
1007 863 1045 901 in
1074 864 1251 902 Ecclesia
1276 864 1383 913 cani,
1413 866 1447 902 &
1476 866 1526 902 ab
1542 864 1678 902 eadem
1696 867 1895 906 asseruari.
1924 867 2096 905 Primum
2113 867 2215 905 enirn

275 922 420 964 quanta
456 914 503 952 sit
538 914 595 953 vis
634 927 888 953 numerorum
926 918 961 954 δι
1005 917 1283 955 modulationis
1326 917 1364 954 in
1402 917 1597 955 mentibus
1640 917 1843 956 hominum
1885 920 1920 957 ἃ
1948 919 2086 958 animis
2115 919 2216 957 exci-

276 968 424 1017 tandis,
462 967 685 1018 flectendis,
728 968 951 1019 firmandis,
992 970 1249 1019 regendisque
1278 969 1317 1007 in
1347 983 1505 1008 omnem
1535 977 1703 1020 partem,
1741 984 1859 1010 nemo
1888 973 2008 1010 homo
2037 972 2217 1022 ignorare

276 1027 419 1069 potest.
448 1021 570 1068 Quod
598 1028 728 1059 autem
757 1021 795 1059 in
825 1028 960 1060 natura
990 1023 1052 1069 fit,
1080 1023 1120 1060 id
1149 1024 1254 1061 Deus
1282 1023 1523 1061 sanctissime
1547 1025 1581 1061 ἃ
1604 1023 1883 1073 sapientissime
1901 1025 1938 1063 in
1955 1027 2070 1064 rebus
2085 1025 2216 1076 sacris,

278 1075 313 1112 &
347 1073 385 1110 in
420 1073 478 1111 his
515 1073 607 1123 ipsis
645 1074 768 1111 voluit
797 1075 1009 1113 obseruari.
1051 1075 1204 1114 Deinde
1232 1089 1310 1114 non
1340 1089 1477 1126 parum
1506 1076 1694 1114 momenti
1722 1077 1873 1116 adferre
1900 1078 2052 1116 videtur
2078 1079 2215 1116 harum

278 1126 504 1164 cantionum
542 1126 783 1177 auctoritati,
825 1129 933 1177 quod
972 1130 1078 1166 Deus
1113 1141 1192 1166 non
1225 1130 1351 1167 solum
1380 1131 1431 1167 ad
1459 1137 1614 1167 cantum
1643 1131 1874 1168 commodas
1902 1131 1940 1168 in
1968 1132 2116 1181 populo
2145 1143 2215 1170 suo

277 1186 406 1217 extare
433 1179 576 1229 voluit,
605 1180 674 1217 sed
702 1180 817 1217 etiam
851 1180 887 1218 in
917 1181 1119 1230 publicum
1147 1182 1419 1220 auctoritatem
1449 1195 1582 1220 earum
1609 1182 1781 1221 diuinam
1797 1183 2020 1222 testificatus
2036 1192 2112 1222 est:
2141 1197 2215 1222 nec

276 1231 350 1270 illis
388 1233 515 1270 solum
551 1232 795 1282 temporibus
833 1234 1038 1272 colendam
1070 1237 1105 1273 ὃ(
1133 1234 1438 1285 suscipiendam,
1476 1236 1545 1273 sed
1574 1235 1612 1273 in
1642 1248 1799 1274 omnem
1827 1240 2027 1286 praeterea
2055 1236 2215 1287 posteri-

275 1291 415 1333 tatem,
454 1285 511 1322 his
548 1286 792 1334 temporibus
828 1286 993 1335 vltimis,
1032 1288 1105 1324 hac
1140 1289 1226 1325 luce
1260 1287 1483 1337 Euangelij,
1520 1289 1570 1326 ad
1607 1290 1822 1326 secundum
1851 1301 1974 1339 usque
2002 1291 2215 1328 aduentum

278 1337 422 1376 Christi
459 1339 759 1376 obseruandam.
800 1339 912 1387 Quae
941 1341 1030 1377 cum
1062 1340 1114 1377 ita
1143 1340 1238 1390 sint,
1269 1342 1358 1378 cum
1387 1342 1522 1378 harum
1551 1341 1777 1379 cantionum
1809 1355 1904 1391 quas
1932 1344 2008 1381 hoc
2036 1350 2215 1392 tempore

278 1390 589 1440 interpretandas
611 1392 869 1441 suscepimus,
898 1405 943 1430 ea
966 1392 1014 1431 sit
1032 1393 1248 1443 Principio,
1278 1396 1360 1444 Re,
1389 1395 1425 1432 ἅτ
1446 1395 1572 1432 Modo
1587 1394 1757 1444 ipsarum
1773 1396 2000 1443 auctoritas,
2024 1408 2069 1433 ea
2084 1407 2214 1433 rerum

275 1445 488 1492 (vtcunque
523 1455 672 1492 paucae
708 1444 928 1494 videantur)
965 1445 1139 1491 Veritas,
1178 1446 1350 1497 Vtilitas,
1385 1448 1608 1497 Honestas,
1650 1454 1763 1497 atque
1793 1449 2036 1487 Neccessitas
2064 1461 2112 1487 ex
2139 1450 2215 1486 Dei

277 1495 396 1545 ipsius
435 1496 582 1534 veracis
625 1504 741 1546 atque
785 1497 909 1535 fidelis
949 1498 1194 1546 testimonio,
1238 1507 1277 1537 vt
1317 1499 1411 1537 nihil
1447 1499 1486 1537 in
1513 1500 1629 1538 rebus
1657 1501 1836 1539 humanis
1864 1500 2089 1551 adaequari,
2120 1501 2215 1539 nihil

277 1548 497 1598 comparari
524 1549 663 1598 possit,
690 1562 732 1587 vt
761 1562 860 1599 quae
887 1557 971 1589 toto
1000 1564 1140 1600 genere
1167 1553 1216 1589 ab
1248 1552 1301 1590 eis
1329 1552 1526 1603 differant,
1556 1554 1591 1590 δε
1619 1566 1679 1591 res
1709 1566 1846 1592 omnes
1872 1555 2081 1604 humanas,
2111 1566 2210 1604 quae

277 1601 353 1639 dici
395 1608 461 1639 aut
501 1602 662 1652 cogitari
703 1610 885 1652 possunt,
929 1604 1193 1654 maximopere
1236 1607 1488 1644 antecellant:
1518 1605 1731 1644 excitemur
1759 1620 1828 1656 per
1856 1609 1983 1645 Deum
2014 1607 2211 1645 immorta-

276 1655 354 1692 lem
392 1666 439 1691 ex
473 1654 538 1692 illo
573 1655 739 1693 infausto
768 1656 1023 1706 lethiferoque
1052 1664 1235 1707 veterno,
1264 1670 1343 1707 quo
1372 1671 1444 1697 nos
1473 1659 1693 1697 communis
1720 1660 1782 1697 ille
1812 1659 2053 1698 aduersarius
2081 1660 2212 1698 salutis

280 1713 435 1745 nostrae
469 1707 691 1757 soporauit,
726 1709 761 1745 ὃ(
790 1708 827 1746 in
856 1721 935 1758 quo
963 1709 1062 1759 nati,
1101 1710 1272 1758 educati,
1311 1711 1376 1749 alti
1406 1711 1715 1760 conquiescimus
1742 1713 1827 1761 plus
1854 1713 1955 1751 satis.
1999 1713 2212 1752 Videamus

279 1760 439 1798 tandem
467 1760 561 1798 nihil
589 1760 628 1797 in
657 1761 771 1799 rebus
801 1761 984 1800 omnibus
1011 1763 1147 1800 mundi
1175 1763 1354 1809 existere,
1386 1765 1493 1813 quod
1522 1764 1636 1802 nobis
1663 1778 1795 1802 veram
1823 1766 2089 1804 excellentiam
2106 1779 2212 1815 prae-

279 1812 391 1861 beat,
419 1813 596 1862 quamuis
625 1820 793 1852 ostentet
821 1815 1010 1864 speciem:
1039 1815 1135 1853 nihil
1162 1817 1310 1854 attendi
1337 1820 1359 1854 a
1387 1817 1501 1854 nobis
1531 1824 1732 1867 oportere,
1761 1818 1812 1855 ad
1840 1820 1948 1867 quod
1964 1822 2020 1867 (vt
2034 1819 2210 1857 certatim

276 1865 453 1915 facimus)
487 1867 860 1915 apprehendendum
897 1880 1176 1906 concurramus
1203 1869 1242 1906 in
1271 1869 1328 1907 his
1357 1869 1577 1908 labentibus
1605 1872 1639 1908 &
1669 1870 1826 1909 caducis
1855 1873 1989 1910 rebus:
2026 1871 2210 1922 praeterit

277 1918 381 1956 enim
418 1919 541 1968 figura
577 1919 714 1956 mundi
743 1920 876 1969 huius,
915 1919 1038 1969 inquit
1065 1923 1302 1971 Apostolus,
1331 1934 1343 1959 1
1373 1923 1464 1961 Cor.
1495 1934 1530 1971 7.
1560 1936 1623 1971 31.
1652 1923 1744 1972 quin
1773 1924 1902 1972 potius
1928 1937 2000 1974 pro
2028 1937 2076 1963 eo
2105 1925 2213 1973 quod

277 1971 329 2008 ita
357 1971 496 2009 misere
526 1971 564 2009 in
593 1971 703 2009 fluxis
731 1974 845 2011 rebus
873 1973 1010 2011 natura
1039 1975 1073 2011 δι
1102 1974 1229 2012 studio
1259 1975 1490 2025 diffinimus,
1519 1988 1650 2013 veram
1668 1977 1935 2015 excellentiam
1951 1989 2078 2015 rerum
2095 1989 2210 2026 quae-

277 2036 405 2061 ramus
427 2023 726 2063 studiosissime:
756 2039 887 2064 veram
904 2026 1124 2064 doctrinam
1140 2028 1393 2066 excellentiae
1407 2028 1543 2066 natura
1558 2029 1767 2066 extinctam
1779 2059 1789 2078 ,
1818 2030 1887 2068 sed
1900 2030 2023 2080 gratia
2039 2032 2212 2068 oblatam

277 2076 534 2126 percipiamus
574 2077 887 2127 diligentissime:
926 2081 962 2118 &
999 2092 1133 2118 verum
1171 2087 1371 2118 auctorem
1409 2081 1612 2119 doctrinae
1650 2081 1762 2120 huius
1789 2083 1913 2130 (cuius
1940 2082 2132 2122 beneficio
2162 2083 2212 2121 ad

278 2129 480 2168 veritatem
508 2141 634 2168 rerum
664 2131 1006 2181 doctrinarumque
1034 2133 1258 2171 salutarium
1281 2136 1399 2183 quam
1423 2133 1754 2184 indulgentissime
1769 2137 2049 2186 prouocamur)
2063 2137 2210 2174 auscul-

275 2188 402 2220 temus
430 2182 737 2233 religiosissime:
766 2186 801 2222 δε
829 2184 867 2222 in
898 2185 1033 2223 schola
1062 2186 1142 2224 eius
1170 2187 1391 2235 haerentes,
1420 2194 1605 2236 tanquam
1623 2188 1673 2225 ad
1688 2189 1808 2237 pedes
1821 2188 1959 2238 ipsius,
1988 2189 2208 2227 hauriamus

279 2235 327 2273 de
355 2235 446 2273 riuis
473 2236 664 2282 veritatis,
695 2243 943 2286 expectantes
972 2239 1065 2276 dum
1081 2240 1131 2276 ad
1146 2241 1295 2277 fontem
1309 2239 1410 2278 illius
1424 2239 1688 2289 plenissimum
1704 2241 1923 2290 plenissime
1938 2242 2207 2291 perducamur.

330 2288 390 2325 Ex
428 2288 487 2326 his
521 2289 650 2338 itaque
686 2290 859 2328 fontibus
888 2292 937 2328 de
965 2291 1191 2330 conditione
1219 2299 1377 2330 sanctae
1404 2292 1512 2342 pacis
1541 2296 1575 2331 ὃ(
1603 2293 1845 2332 Christianae
1876 2295 2029 2333 ducturi
2056 2294 2206 2344 aliquos

277 2339 382 2378 riuos
409 2341 461 2378 ad
490 2354 740 2380 communem
768 2344 1101 2391 aedificationem,
1135 2346 1265 2383 Deum
1294 2357 1450 2383 oramus
1478 2353 1517 2383 vt
1544 2346 1659 2384 nobis
1687 2347 1736 2384 de
1765 2346 1849 2396 ipsa
1876 2347 2103 2386 excellentia
2130 2348 2208 2386 dic·

275 2392 366 2431 turis
408 2394 550 2443 praesit
592 2395 734 2444 Spiritu
764 2397 1013 2434 excellentiae
1043 2410 1135 2447 suo,
1163 2398 1198 2434 ἃ
1225 2399 1394 2436 lecturos
1423 2411 1559 2436 omnes
1587 2398 1728 2437 afficiat
1757 2399 1927 2438 eiusdem
1956 2399 2206 2439 excellentiae

273 2457 364 2484 suae
392 2446 520 2484 studio
549 2461 595 2484 ac
627 2447 883 2498 conscientia,
912 2457 953 2486 vt
980 2450 1082 2487 viam
1111 2451 1365 2488 excellentem
1392 2452 1494 2489 hanc
1522 2451 1740 2490 insistamus
1769 2465 1927 2503 omnes,
1956 2455 1992 2492 &
2015 2453 2066 2491 ad
2087 2454 2206 2491 finem

271 2499 633 2549 perfectionemque
671 2500 770 2538 illius
806 2514 884 2539 vno
923 2502 1054 2540 animo
1092 2504 1369 2541 contendamus
1405 2504 1445 2542 in
1481 2504 1636 2543 Christo
1673 2507 1761 2542 Iesu
1788 2506 1923 2555 vnico,
1961 2512 2142 2556 aeterno,
2171 2507 2206 2544 &

271 2552 447 2600 perfecto
477 2559 678 2591 seruatore
706 2560 855 2592 nostro.
885 2554 986 2592 Cum
1012 2561 1142 2593 autem
1170 2556 1249 2595 duo
1278 2556 1406 2605 capita
1434 2557 1482 2594 de
1509 2558 1611 2595 Pace
1638 2558 1894 2607 receperimus
1921 2565 2010 2597 ante
2036 2571 2109 2597 nos
2124 2571 2207 2597 esse

274 2603 473 2642 dicturos:
503 2607 657 2654 Vnum,
688 2607 736 2644 de
765 2608 825 2644 Re
855 2607 890 2644 &
919 2608 1044 2646 Modo
1068 2608 1207 2658 ipsius:
1237 2610 1497 2658 Alterum,de
1512 2609 1735 2648 Fructibus:
1763 2613 1846 2649 Iam
1861 2618 2019 2650 auctore
2032 2611 2206 2649 Domino

276 2656 429 2694 venturi
469 2669 601 2696 sumus
639 2658 688 2695 ad
719 2659 859 2708 prioris
889 2660 1206 2709 explicationem,
1242 2669 1357 2710 prout
1384 2663 1503 2700 verba
1531 2663 1645 2700 nobis
1672 2671 1826 2701 sanctus
1853 2663 1915 2702 ille
1942 2665 2015 2703 Dei
2043 2663 2204 2714 Spiritus

275 2708 439 2799 pgaeiust
469 2710 563 2748 olim
594 2723 662 2760 per
694 2712 887 2750 Dauidem
917 2714 1071 2752 Psalmo
1106 2727 1188 2751 122.
1218 2716 1252 2752 δε
1282 2714 1396 2752 nobis
1423 2714 1462 2752 in
1477 2716 1644 2753 eundem
1659 2717 1853 2754 Psalmum
1870 2716 2026 2755 dicendi
2039 2716 2202 2766 gratiam

275 2774 298 2799 a
329 2774 528 2801 mensurus
556 2770 624 2801 est.

2017 2822 2202 2864 PSAL-
