2334 3020
823 116 1093 145 FRANC1sc1
1130 117 1266 150 JUNII
1308 116 1440 143 v1TA.
2016 116 2061 152 31
2108 92 2111 96 ’

153 225 307 264 vincula
350 227 643 276 perrumpebat:
685 226 852 276 denique
893 225 945 263 ita
984 237 1024 263 se
1065 225 1240 274 gerebat,
1282 230 1321 260 vt
1349 221 1528 260 omnibus
1555 231 1777 270 persuasum
1807 225 1904 257 esset
1932 231 2016 256 eam
2043 221 2066 256 a

151 279 347 318 daemone
375 278 598 329 grauissime
625 278 771 329 agitari.
800 279 933 327 Quum
959 285 1087 316 autem
1115 289 1275 326 vespere
1306 277 1479 325 quodam
1508 274 1578 312 viri
1603 273 1751 323 aliquot
1778 271 1872 310 boni
1896 284 1942 309 ex
1971 273 2066 308 Ver-

151 331 311 370 veriano
341 331 428 370 vico
457 331 711 382 Limburgum
739 330 890 370 venturi
915 330 1124 369 foeminam
1152 328 1338 367 vidissent
1357 328 1590 377 latitantem,
1605 327 1801 376 appellant
1814 337 1899 363 eam
1915 323 2066 362 blandis

152 384 303 436 verbis,
331 385 366 422 &
394 384 445 422 ita
471 385 693 423 demulcent
720 384 951 434 commode,
979 390 1020 422 vt
1046 396 1086 421 se
1113 382 1164 420 ad
1191 395 1253 421 me
1280 380 1423 420 adduci
1437 387 1642 431 pateretur.
1671 378 1871 426 Admissa,
1899 376 2067 426 primi1m

152 439 347 476 mussabat
387 438 574 488 fremens,
613 439 641 474 St
668 437 762 476 mihi
789 438 839 475 ad
867 438 1058 487 postulata
1085 448 1166 474 non
1197 435 1459 485 respondebat
1486 433 1718 483 quicquam3
1746 432 1813 469 sed
1842 430 1879 468 in
1907 442 1974 468 eos
2003 429 2069 478 qui

151 490 353 528 adstabant
395 489 696 529 circumiiciebat
735 491 871 529 oculos
911 489 1074 528 silentio.
1116 489 1162 527 Id
1202 488 1269 526 vbi
1310 488 1600 536 obseruassem,
1630 496 1838 534 exsurgens
1867 482 2000 520 monui
2028 481 2067 519 in

150 555 282 581 aurem
307 554 427 581 vnum
455 550 522 581 aut
547 544 710 581 alterum
738 542 968 592 astantium,
995 554 1057 580 me
1085 540 1179 579 nihil
1210 554 1257 579 ex
1284 540 1453 579 foemina
1481 551 1613 578 coram
1639 537 1800 576 testibus
1825 536 1923 574 adeo
1939 534 2067 572 multis

151 602 399 634 exoraturum
439 607 542 634 esse:
585 608 723 646 rogare
764 596 891 646 itaque
932 603 973 633 vt
1013 594 1073 643 alij
1115 601 1205 644 post
1233 593 1329 632 alios
1357 593 1558 632 discedant
1586 592 1771 636 deloco,
1813 596 1902 638 post
1929 589 2066 625 horam

150 661 266 686 vnam
302 655 367 686 aut
402 649 563 687 alteram
596 648 734 687 iterum
761 650 812 687 ad
838 661 911 687 nos
938 647 1140 686 reuersuri.
1182 647 1359 696 Dictum,
1401 648 1559 684 factum.
1599 645 1702 682 Tum
1729 642 1794 680 illa
1820 653 1911 679 cum
1941 640 2066 690 spatio

150 701 322 739 animum
349 700 538 751 colligens
566 701 767 751 quaerenti
787 701 995 752 respondet
1022 713 1063 739 se
1083 699 1159 738 iam
1183 712 1306 738 annos
1320 698 1483 749 amplius
1498 696 1685 736 tredecim
1702 695 1754 734 ita
1767 693 1949 733 afflictam
1965 705 2069 731 esse:

149 754 188 792 in
235 765 351 792 causa
395 754 510 793 fuisse
551 754 763 793 vicinarum
805 753 1206 803 circumstrepentium
1247 764 1465 800 sermones,
1507 762 1607 800 quae
1650 749 1774 799 ipsam
1814 746 2068 796 increpabant

149 806 265 855 olim,
293 807 328 844 &
357 807 579 845 damnatam
607 820 691 846 esse
719 808 1024 856 confirmabant,
1053 817 1173 856 quum
1201 805 1265 843 illa
1293 817 1427 843 recens
1453 803 1610 842 viduata
1636 802 1720 840 viro
1748 802 1786 839 in
1801 799 1964 838 nouenis
1992 798 2070 836 suis

149 859 281 898 liberis
323 860 523 911 curandis,
568 860 690 910 iisque
733 860 915 899 omnibus
957 859 1145 909 paruulis,
1186 857 1241 896 sic
1270 857 1535 907 distineretur,
1569 862 1609 894 vt
1636 867 1716 893 non
1743 860 1898 892 vacaret
1927 851 2070 890 seruire

150 914 261 951 Deo:
302 912 342 956 id
368 919 497 952 autem
525 920 582 951 est
610 913 753 964 (aiebat
780 913 858 962 illa)
887 912 1017 952 officio
1048 911 1211 961 Missae,
1239 917 1280 948 vt
1308 917 1472 959 vocant,
1500 909 1695 947 interesse.
1722 908 1783 945 De
1809 904 1938 944 liberis
1966 905 2071 942 idem

151 968 174 1003 a
201 978 242 1004 se
270 977 428 1017 quoque
456 965 640 1004 iudicium
668 966 768 1004 fieri:
798 979 889 1004 nam
918 978 964 1004 ex
994 963 1236 1014 serpentibus
1264 969 1461 1013 serpentes
1494 960 1689 1011 generari:
1718 959 1886 1008 ideoque
1914 959 2073 996 horrere

152 1031 193 1057 se
235 1020 284 1057 ab
310 1025 469 1069 aspectu
495 1019 663 1058 illorum.
690 1018 772 1057 Hic.
799 1031 872 1069 ego
902 1031 943 1056 re
972 1017 1148 1067 cognita,
1192 1017 1228 1053 δι
1256 1022 1403 1054 tentata
1430 1021 1470 1053 vt
1498 1013 1609 1064 potui
1636 1011 1948 1063 diligentissime,
1990 1011 2070 1048 foe-

150 1070 295 1110 minam
322 1071 466 1110 institui
494 1071 643 1122 paucis:
674 1084 755 1110 non
788 1071 882 1110 illud
910 1069 986 1108 Dei
1013 1069 1208 1108 seruitium
1237 1070 1292 1117 (vt
1315 1069 1542 1117 loquuntur)
1571 1079 1654 1105 esse
1682 1066 1791 1116 quod
1811 1064 1898 1102 illae
1921 1063 2072 1100 vicinae

148 1131 399 1176 putauerant3
426 1125 496 1163 sed
523 1124 646 1174 ipsam
675 1126 765 1162 vere
794 1125 880 1162 Deo
909 1130 1025 1172 atque
1052 1135 1100 1160 ex
1125 1123 1325 1160 voluntate
1354 1120 1453 1158 illius
1481 1119 1685 1157 seruiuisse
1712 1117 1817 1167 piam
1832 1116 2072 1163 seruitutem,

149 1189 269 1226 quum
297 1189 388 1216 suos
417 1178 614 1228 orphanos
641 1177 852 1216 curauisset
879 1182 1022 1226 mater,
1052 1182 1169 1225 prout
1196 1187 1329 1212 veram
1356 1172 1585 1222 religionem
1613 1172 1779 1210 Iacobus
1804 1169 2075 1218 descripserat.

148 1230 356 1280 Acquieuit
395 1230 459 1268 illa
493 1230 621 1279 breui,
659 1230 877 1287 eodemque
904 1240 1066 1278 vespere
1093 1227 1225 1265 animo
1254 1225 1503 1276 tranquillato
1532 1228 1555 1263 a
1582 1224 1696 1263 nobis
1725 1222 1842 1272 abiit,
1869 1223 1956 1259 Deo
1988 1234 2070 1271 gra-

146 1282 218 1322 tias
257 1283 458 1334 agentibus
498 1284 534 1320 &
575 1282 854 1321 admirantibus
894 1280 1064 1330 singulis.
1093 1282 1224 1330 Atque
1250 1292 1297 1317 ex
1324 1291 1371 1317 eo
1400 1286 1575 1328 tempore
1606 1278 1728 1315 verbo
1756 1275 1831 1313 Dei
1859 1274 2073 1312 reuerentia

149 1336 273 1374 maior
299 1335 338 1374 in
365 1342 489 1375 tractu
516 1335 666 1386 habita,
693 1340 847 1385 auctaq.
876 1333 1077 1372 Ecclesiae
1105 1332 1327 1382 celebritas3
1368 1332 1467 1370 adeo
1496 1338 1537 1369 vt
1565 1329 1674 1368 multi
1703 1329 1752 1367 ad
1780 1341 1866 1378 me,
1895 1326 2073 1376 quamuis

147 1395 284 1427 contra
324 1389 533 1427 docentem
574 1394 654 1438 atq.
690 1387 962 1438 obiurgantem
996 1385 1222 1424 inscientiae
1258 1385 1438 1435 nomine,
1476 1384 1672 1422 sanandos
1701 1387 1881 1432 aegrotos
1908 1380 2075 1417 adduce-

147 1448 233 1479 rent
261 1454 403 1492 magno
428 1442 566 1480 dolore
593 1453 696 1479 meo.
724 1442 816 1479 Duo
844 1439 938 1478 mihi
969 1452 1038 1489 per
1065 1438 1160 1477 illud
1187 1446 1340 1488 tempus
1367 1437 1644 1487 impedimenta
1670 1433 1904 1474 remorantia
1919 1443 2074 1470 cursum

147 1494 407 1544 Euangelicae
447 1493 755 1544 praedicationes
797 1493 1039 1544 obtigerunt,
1084 1491 1365 1541 Anabaptistae
1400 1491 1436 1528 &
1465 1489 1670 1538 Pontificij.
1705 1485 1980 1536 Anabaptistas
2007 1485 2075 1522 im-

149 1547 373 1596 prudenteis
400 1546 547 1586 accessi
577 1546 801 1597 aliquoties,
829 1547 865 1584 &
893 1545 1017 1584 amice
1046 1556 1136 1583 cum
1163 1544 1217 1583 eis
1247 1543 1411 1583 contuli:
1440 1555 1517 1593 qua
1543 1542 1694 1581 ratione
1717 1546 1872 1590 optatos
1900 1538 2075 1588 ipsorum

146 1600 182 1637 δε
209 1599 365 1639 iamiam
403 1607 532 1638 certos
567 1611 774 1650 progessus
802 1598 969 1638 inhibuit
996 1599 1126 1649 Deus,
1152 1597 1330 1636 minuens
1357 1607 1581 1646 numerum,
1610 1594 1899 1642 auctoritatem,
1929 1592 1963 1628 &
1991 1604 2076 1641 gra-

144 1651 238 1691 tiam
261 1653 450 1703 ipsorum.
479 1654 516 1690 A
543 1652 755 1691 Pontificiis
786 1652 954 1702 primum
984 1663 1107 1689 vanae
1134 1650 1174 1688 in
1205 1652 1405 1690 absentem
1429 1648 1746 1698 vociferationes,
1774 1649 1864 1697 post
1878 1644 2078 1694 speciosae

148 1706 414 1756 aggressiones
457 1705 675 1744 extiterunt.
715 1704 1073 1744 Vociferationibus
1113 1705 1260 1753 templa
1299 1702 1404 1742 vrbis
1430 1701 1658 1741 Leodiensis
1687 1699 1968 1750 personabant:
2009 1697 2078 1735 sed

148 1759 289 1808 quibus
317 1758 440 1809 magis
468 1757 680 1797 excitarent
707 1761 826 1808 quam
854 1757 1072 1796 minuerent
1099 1756 1332 1795 auditorium
1361 1767 1505 1794 meum.
1546 1756 1655 1792 Vnus
1676 1751 1981 1799 Franciscanus,
2011 1749 2078 1800 qui

151 1811 256 1862 apud
295 1811 556 1851 Veruerianos
598 1811 923 1862 concionabatur,
965 1817 1188 1848 nostrorum
1229 1808 1522 1860 importunitate
1550 1808 1760 1858 adductus,
1796 1802 1943 1854 recepit
1971 1814 2011 1841 se
2040 1802 2078 1840 in

151 1864 380 1903 condictum
422 1867 554 1904 locum
597 1865 647 1903 ad
689 1864 991 1915 disputationem
1031 1862 1188 1912 publice
1227 1870 1432 1902 venturum
1461 1874 1566 1900 esse:
1609 1862 1819 1910 postquam
1847 1859 1940 1896 vero
1971 1868 2012 1894 se
2039 1855 2078 1892 in

149 1916 223 1955 iter
252 1917 432 1969 dederat,
460 1917 661 1956 excusauit
689 1931 730 1957 se
757 1917 918 1956 alicuius
945 1915 1001 1954 rei
1030 1915 1250 1967 obliuione,
1279 1915 1498 1966 pedemque
1519 1913 1647 1952 retulit
1662 1915 1838 1952 domum.
1852 1908 2078 1948 Ridiculum

151 1976 206 2008 est
245 1971 354 2021 quod
382 1971 530 2020 dicam3
556 1971 626 2009 sed
654 1978 784 2009 tamen
811 1969 999 2008 indicium
1027 1970 1168 2007 horum
1198 1968 1473 2019 simplicitatiS,
1503 1968 1539 2005 δι
1570 1965 1893 2004 mendacissimae
1922 1961 2077 2000 illorum

152 2022 427 2073 impudentiae.
456 2024 589 2073 Quum
617 2023 656 2061 in
683 2036 824 2074 campo
854 2034 1045 2073 essemuS,
1073 2022 1321 2060 Franciscani
1347 2021 1451 2060 iIlius
1478 2021 1689 2058 adventum
1710 2022 1996 2068 exspectanteS,
2020 2013 2078 2051 vir

152 2075 314 2125 quidam
343 2090 463 2116 senex
490 2076 750 2126 frequentiam
778 2077 883 2115 illam
910 2075 1121 2114 maximam
1149 2086 1250 2126 quae
1278 2083 1361 2113 tum
1388 2075 1523 2113 aderat
1537 2067 1983 2123 perrumpens,copiam
2005 2066 2078 2105 sibi

151 2127 234 2166 fieri
257 2129 417 2169 videndi
443 2129 521 2168 mei
542 2130 767 2179 postulauit.
808 2129 957 2168 Audito
990 2127 1151 2178 strepitu
1179 2129 1387 2179 rogabam,
1418 2126 1515 2178 quid
1537 2125 1591 2164 rei
1615 2133 1728 2164 esset.
1756 2121 1928 2173 Cognito
1952 2119 2076 2158 homi-

150 2193 241 2219 nem
276 2194 360 2221 esse
395 2183 472 2221 mei
507 2182 663 2220 videndi
701 2183 945 2233 cupientem,
983 2181 1120 2221 monui
1154 2188 1196 2219 vt
1238 2182 1392 2220 daretur
1425 2178 1575 2218 homini
1609 2179 1660 2217 ad
1688 2177 1926 2217 veniendum
1954 2175 2077 2211 locus.

148 2235 252 2272 Tum
280 2234 342 2274 ille
371 2236 540 2274 demisso
563 2236 672 2274 vultu
699 2236 790 2274 inde
820 2238 843 2274 a
871 2235 1036 2286 pedibus
1064 2235 1114 2273 ad
1143 2234 1327 2273 verticem
1349 2245 1433 2283 vsq.
1449 2234 1662 2271 obseruans
1677 2227 1970 2281 diligentissime
1986 2238 2076 2264 con·

146 2286 384 2346 stitutionem
413 2301 562 2339 meam,
591 2288 714 2339 erupit
741 2289 780 2327 in
807 2290 906 2328 haec
932 2288 1071 2327 verba:
1102 2287 1198 2338 eho,
1224 2287 1381 2326 iamiam
1410 2285 1525 2324 video
1539 2297 1621 2323 non
1637 2297 1721 2323 esse
1736 2284 1778 2322 id
1792 2293 1949 2329 verum,
1965 2279 2075 2329 quod

148 2340 243 2378 m1h1
271 2341 319 2379 de
347 2348 384 2380 te
411 2343 534 2380 fuerat
563 2342 823 2380 enunciatum.
864 2343 931 2380 Me
959 2347 1089 2379 autem
1118 2340 1293 2391 dicente,
1335 2338 1430 2390 quid
1457 2350 1550 2388 ergo
1578 2337 1674 2376 illud
1703 2334 1782 2377 est?
1812 2334 1904 2384 tibi,
1931 2331 2078 2382 inquit,

147 2392 267 2441 pedes
294 2395 405 2434 fissos
433 2407 529 2434 esse.
557 2395 771 2445 Postquam
798 2398 892 2434 vero
920 2395 1065 2433 infecta
1091 2406 1133 2431 re
1161 2406 1208 2432 ex
1234 2394 1324 2432 loco
1348 2391 1601 2440 excessimus,
1618 2392 1780 2429 alterum
1795 2399 1916 2440 quoq.
1932 2385 2076 2423 ridicu-

147 2445 229 2482 lum
255 2447 401 2486 factum
429 2455 486 2486 est
513 2450 536 2486 a
564 2448 738 2497 quodam
767 2447 1034 2498 superstitioso
1057 2446 1215 2485 homine
1231 2452 1502 2495 consecutum,
1517 2444 1626 2494 quod
1640 2443 1827 2494 cespitem
1841 2452 1908 2479 seu
1921 2438 2076 2488 glebam

148 2497 284 2556 effodit
309 2499 410 2539 illius
437 2500 535 2551 soli,
564 2500 603 2538 in
630 2512 710 2550 quo
739 2502 860 2551 pedes
890 2500 967 2539 mei
993 2498 1295 2538 Franciscanum
1325 2497 1562 2549 expectantis
1587 2497 1637 2535 ad
1666 2493 1968 2547 disputationem
1984 2503 2078 2528 con-

147 2556 333 2591 stiterant.
361 2554 438 2592 Sed
466 2553 534 2593 vbi
561 2553 698 2603 perdiu
721 2553 956 2605 longinquas
982 2552 1065 2591 illas
1087 2551 1384 2592 vociferationes
1409 2563 1496 2590 suas
1509 2549 1605 2588 nihil
1621 2551 1774 2588 efficere
1788 2550 2076 2598 cognouerunt,

147 2610 229 2641 tum
259 2612 366 2643 certo
394 2606 531 2645 ordine
559 2606 638 2644 duo
666 2620 729 2645 me
757 2621 804 2646 ex
833 2605 1046 2645 Pontificiis
1073 2605 1243 2655 aggressi
1269 2611 1374 2655 sunt,
1400 2602 1626 2655 praesertim
1650 2614 1739 2641 cum
1755 2600 1932 2641 audirent
1947 2597 2077 2634 Sacra-

148 2662 321 2696 mentum
350 2658 507 2697 Coenae
534 2659 695 2697 Domini
722 2667 811 2709 post
839 2660 922 2698 dies
948 2659 1137 2709 pauculos
1152 2657 1410 2696 administrari
1431 2657 1470 2696 in
1486 2655 1759 2705 Limburgensi
1773 2651 1948 2692 Ecclesia
1963 2661 2076 2698 opor-

147 2714 246 2747 tere:
274 2711 552 2750 Franciscanus
580 2723 699 2761 vnus,
726 2714 762 2750 &
789 2713 885 2751 alter
912 2711 1063 2751 Iesuita.
1091 2709 1148 2748 Hi
1174 2710 1468 2750 communicatis
1496 2708 1667 2748 consiliis
1682 2707 1913 2747 &condicta
1927 2702 1989 2741 die
2005 2701 2077 2739 sub

149 2774 349 2811 vesperam
376 2764 630 2815 Limburgum
658 2766 920 2816 aduenerunt,
948 2771 990 2802 vt
1017 2776 1081 2801 me
1108 2764 1297 2812 postridie
1324 2764 1376 2802 ad
1403 2761 1708 2813 disputationem
1738 2760 1815 2799 suis
1843 2753 2078 2844 conditssoni-

2008 2816 2074 2856 us,
