2334 3020
192 67 241 118 96
711 61 716 65 ”
839 72 906 99 DE
946 70 1096 97 VERA
1135 66 1483 96 THEOLOGIA.

197 191 356 222 naturae
381 193 484 231 eam,
513 180 548 216 &
576 183 838 227 superaturae,
867 175 1183 225 proficiscuntur:
1222 176 1466 212 Incrementa
1492 175 1585 211 vero
1613 173 1696 211 sola
1723 172 1842 210 uirtus
1869 173 2012 222 gratiae
2039 173 2119 210 effi-

197 236 416 282 cacitasque
441 231 600 281 perficit.
642 231 771 279 Atque
812 228 904 266 hinc
946 228 1062 266 etiam
1096 227 1346 275 consequitur
1376 225 1583 264 discrimen
1612 227 1796 274 alterum,
1823 226 1885 263 vel
1912 225 2042 275 potius
2070 225 2119 274 (si

197 289 249 326 ita
278 286 354 325 dici
380 283 584 335 placuerit)
614 283 774 321 effectus
802 293 849 318 ex
877 280 1131 318 antecedente
1159 278 1382 317 discrimine
1411 278 1665 329 proueniens3
1694 277 1802 327 quod
1822 285 1937 326 prout
1960 278 1998 316 in
2014 291 2118 316 men-

195 341 296 379 tibus
336 338 407 387 piis
448 337 602 375 effertur
643 336 679 372 &
720 333 882 383 assurgit
921 332 1063 383 gratia,
1092 331 1175 381 pari
1202 331 1345 382 modo,
1374 344 1420 368 ac
1447 331 1552 369 velut
1579 330 1780 368 contrariis
1809 334 1865 378 (vt
1891 331 2118 379 loquuntur)

144 407 147 410 ·
196 391 378 442 gradibus
409 395 548 427 naturo
575 387 823 437 deprimatur.
853 386 940 423 Pari
962 395 1078 434 passu
1105 384 1324 433 procedunt
1349 383 1459 434 illae,
1486 383 1584 421 haec
1612 383 1813 434 deficiens,
1842 382 1982 432 illaque
2003 385 2118 433 profi-

197 445 318 483 ciens:
359 441 522 480 Perinde
554 453 600 478 ac
627 439 743 488 siquis
772 437 921 476 dolium
948 437 1128 486 vtrinque
1154 443 1355 486 pertusum
1382 435 1530 473 inferne
1558 435 1718 485 deplens
1747 438 1910 485 superne
1940 435 2120 486 impleret

196 498 346 546 liquore
373 497 513 544 altero,
541 493 608 542 qui
634 491 854 530 inferiorem
883 490 1122 540 detruderet,
1151 495 1216 527 aut
1242 488 1411 538 aliquem
1433 487 1628 537 impurum
1649 488 1839 538 liquorem
1855 488 2118 527 subsidentem

197 561 296 600 puro
325 547 468 598 Spiritu
495 547 660 596 superne
687 543 861 582 immisso
890 543 1125 582 deturbaret.

249 603 528 639 Verumtamen
553 604 749 646 vtcunque
775 595 952 635 homines
980 594 1156 633 instructi
1183 593 1327 644 Spiritu
1353 592 1430 631 Dei
1456 592 1661 643 proficiant
1685 592 1725 631 in
1741 593 1885 644 gratiae
1899 593 2000 631 illius
2015 606 2120 632 com-

198 653 477 704 municatione3
517 651 558 689 id
599 662 752 700 semper
793 649 896 699 apud
937 660 1073 687 omnes
1115 648 1244 685 bonos
1284 647 1320 684 &
1354 645 1524 685 veritatis
1564 652 1736 684 amantes
1763 646 2017 685 constitutum
2045 653 2122 696 est,

198 706 392 745 nerninem
419 718 467 743 ex
494 703 675 742 omnibus
703 708 793 752 post
820 714 979 740 omnem
1006 699 1210 739 hominum
1237 698 1466 737 memoriam
1493 705 1616 736 totam
1643 699 1808 737 formam
1830 706 1986 737 nostrae
2009 699 2122 737 huius

199 758 439 808 Theologiae
465 757 633 806 perfecte
659 768 730 805 per
757 754 888 793 omnia
915 765 1087 804 vnquam
1114 751 1477 802 comprehendisse,
1505 758 1570 789 aut
1596 752 1674 789 hoc
1696 757 1873 801 tempore
1897 751 1975 790 vita
1995 751 2034 790 in
2048 753 2124 790 hac

197 811 552 861 comprehendere,
580 815 645 847 aut
673 809 751 847 vllo
781 809 913 846 seculo
941 806 1314 857 comprehensurum
1337 817 1420 843 esse
1435 804 1800 855 quemquam,dum
1815 804 1943 843 inhac
1958 804 2124 843 statione

198 864 336 903 misera
362 876 431 913 per
457 862 576 900 fidem
603 861 843 912 incedimus,
871 874 918 898 ac
945 872 1026 898 non
1053 871 1122 909 per
1150 858 1320 908 speciem
1348 856 1571 895 obtinemus
1598 857 1716 895 finem
1742 856 1855 896 huius
1884 857 2124 908 Theologiae

196 917 364 966 fideique
390 922 557 954 nostrae.
596 915 698 952 Nam
723 916 780 963 (vt
810 913 935 962 inquit
962 912 1199 962 Apostolus,
1232 924 1264 950 1.
1297 911 1472 949 Corinth.
1506 923 1563 959 13.
1598 911 1673 959 12.)
1701 909 1896 948 cernimus
1922 921 2029 949 nunc
2055 923 2124 960 per

197 970 398 1019 speculum
427 971 462 1007 δε
484 981 554 1018 per
580 967 779 1018 aenigma,
807 973 901 1004 tunc
927 972 1058 1004 autem
1085 966 1219 1002 coram
1248 974 1471 1002 cernemus:
1500 964 1616 1001 Nunc
1644 962 1918 1012 cognoscimus
1933 975 1980 1001 ex
1995 970 2126 1014 parte,

198 1029 290 1060 tunc
317 1024 411 1060 vero
439 1031 722 1071 cognoscemus
750 1025 866 1069 prout
892 1018 1076 1057 fuerimus
1104 1016 1263 1067 cogniti.
1304 1017 1364 1054 Ac
1392 1015 1557 1065 proinde
1583 1014 1726 1066 gradus
1753 1015 1912 1065 quidem
1939 1015 1979 1053 in
2004 1016 2126 1054 modo

201 1074 441 1125 Theologiae
480 1080 636 1112 nostrae
678 1079 767 1111 sunt
807 1070 1130 1121 innumerabiles,
1172 1081 1313 1120 nempe
1352 1075 1539 1118 quantum
1581 1069 1632 1107 ab
1667 1066 1747 1106 imo
1784 1067 1882 1107 illius
1910 1068 2033 1118 gradu
2061 1067 2129 1118 qui

204 1128 325 1166 nihilo
368 1133 426 1165 est
461 1125 681 1176 proximus,
709 1125 759 1163 ad
786 1136 981 1163 summum
1008 1124 1172 1174 gradum
1200 1134 1318 1172 quem
1346 1123 1469 1161 homo
1496 1132 1696 1171 nunquam
1723 1127 1852 1171 potest
1880 1120 2129 1172 contingere,

207 1180 452 1219 interuallum
486 1179 626 1217 accidit
663 1180 699 1217 &
727 1179 919 1227 graduum
947 1175 1181 1215 differentia:
1224 1176 1294 1214 sed
1321 1181 1451 1213 tamen
1478 1187 1527 1212 ne
1554 1174 1617 1213 ille
1645 1173 1802 1224 quidem
1829 1174 1912 1224 ipse
1940 1174 2128 1223 (quisquis

208 1240 265 1271 est
292 1233 359 1282 qui
387 1232 470 1270 dari
496 1238 626 1282 potest
653 1232 703 1269 de
729 1230 932 1269 hominum
959 1241 1121 1268 numero
1149 1227 1358 1278 eiusmodi)
1385 1227 1425 1265 in
1452 1239 1530 1277 quo
1559 1233 1694 1265 natura
1722 1238 1969 1277 summopere
1983 1227 2132 1265 minuta

209 1286 276 1336 sit,
310 1287 346 1324 δε
387 1297 505 1334 quam
541 1283 706 1322 maxime
743 1283 864 1334 gratia
891 1281 1098 1321 increuerit
1123 1281 1424 1330 inualueri'tque:
1452 1279 1572 1330 Igitur
1599 1293 1648 1318 ne
1676 1279 1739 1318 ille
1767 1280 1926 1329 quidem
1953 1279 2036 1329 ipse
2064 1280 2133 1329 qui

209 1351 279 1388 per
318 1339 480 1388 gratiam
519 1336 594 1376 Dei
634 1339 682 1375 θὸ
720 1344 876 1375 θ11θθῖ115
905 1343 983 1386 est,
1016 1341 1139 1373 totam
1167 1335 1335 1372 formam
1363 1340 1517 1371 nostrae
1543 1332 1654 1371 huius
1681 1332 1922 1383 Theologiae
1948 1333 2004 1370 sic
2032 1345 2134 1371 asse-

211 1398 351 1441 quutus
392 1397 466 1440 est,
506 1396 547 1428 vt
586 1391 760 1439 perfecto
801 1389 922 1428 modo
965 1388 1179 1426 secundum
1220 1387 1360 1425 iustam
1402 1385 1763 1435 comprehensionis
1800 1386 1944 1436 legem,
1972 1393 2038 1423 aut
2066 1398 2134 1435 per

209 1444 340 1482 omnia
369 1454 526 1492 quoque
547 1443 760 1480 secundum
788 1454 924 1480 omnes
957 1439 1199 1490 Theologiae
1226 1446 1381 1477 nostrae
1409 1446 1537 1488 partes
1560 1438 1796 1488 perceperit,
1826 1451 1871 1476 ea
1894 1438 2133 1488 perfectione

209 1508 308 1546 quae
336 1507 426 1534 curn
454 1495 586 1534 diuina
612 1496 740 1533 forma
767 1493 1008 1544 Theologiae
1034 1500 1190 1531 nostrae
1219 1493 1262 1540 (f.
1297 1495 1424 1541 1419.)
1452 1491 1764 1529 conuenientiam
1790 1491 1921 1529 habet.
1950 1492 2132 1529 Profecto

212 1549 315 1587 enim
357 1548 389 1587 si
429 1547 496 1598 qui
536 1554 624 1585 sunt
664 1550 770 1596 (nam
811 1548 860 1586 de
900 1559 1067 1596 persona
1102 1544 1245 1584 Christi
1281 1545 1474 1582 hocloco
1503 1543 1599 1581 nihil
1627 1543 1812 1594 dicimus,
1841 1543 1950 1581 cuius
1977 1544 2135 1593 propria

211 1600 430 1651 Theologia
455 1607 514 1640 est
539 1600 713 1650 unionis,
740 1601 846 1638 velut
872 1600 959 1638 fons
986 1598 1255 1648 inexhaustus,
1283 1597 1388 1635 unde
1415 1604 1548 1634 nostra
1575 1598 1672 1634 haec
1692 1596 1910 1646 Theologia
1924 1596 2133 1644 deriuatur)

212 1666 302 1692 eum
329 1656 433 1693 certe
459 1653 661 1692 hominem
691 1654 739 1691 de
766 1664 930 1690 numero
958 1652 1239 1701 Prophetarum
1265 1657 1330 1687 aut
1346 1651 1628 1699 Apostolorum
1643 1649 1758 1687 fuisse
1773 1648 2000 1699 oportet,in
2016 1660 2133 1697 quem

212 1707 418 1757 singularia
445 1707 551 1744 dona
578 1705 783 1744 contulerit
810 1704 1003 1743 Dominus
1031 1716 1103 1753 pro
1133 1703 1317 1753 singulari
1345 1703 1550 1740 vocatione
1579 1704 1612 1740 ἃ
1640 1701 1974 1740 administratione
1995 1701 2135 1752 ipsius,

213 1761 263 1797 ad
304 1759 465 1809 Spiritus
505 1758 605 1796 illius
642 1760 677 1797 &
705 1758 915 1808 sapientiae
944 1756 1098 1795 diuinae
1125 1755 1510 1794 demonstrationem.
1561 1755 1681 1803 Qued
1707 1754 1738 1792 si
1760 1761 1889 1792 tamen
1917 1754 2043 1792 Eliam
2070 1762 2135 1792 aut

212 1812 408 1850 Elisaeum
436 1812 486 1850 de
511 1811 794 1861 Prophetarum
823 1811 970 1848 choro:
1005 1809 1037 1847 si
1064 1809 1282 1847 Iohannem
1309 1807 1541 1857 Baptistam,
1569 1819 1689 1857 quem
1716 1807 1903 1845 maiorem
1931 1807 2134 1857 Prophetis

214 1865 388 1903 Christus
414 1864 497 1914 ipse
524 1863 815 1914 pronunciauit:
843 1863 875 1901 si
897 1864 1074 1913 Petrum,
1100 1863 1309 1911 Iacobum,
1325 1861 1562 1911 Iohannem,
1591 1867 1657 1898 aut
1683 1861 1846 1898 Paulum
1861 1859 2135 1910 respiciamus,

214 1931 263 1956 ne
285 1918 324 1956 in
351 1917 410 1956 his
437 1916 615 1967 quidem,
640 1923 705 1954 aut
726 1917 805 1955 vllo
826 1916 967 1954 horum
988 1914 1192 1953 hominum
1207 1913 1303 1964 Dei,
1317 1913 1502 1962 perfectio
1516 1913 1581 1951 illa
1595 1913 1711 1951 fuisse
1726 1912 1894 1950 dicenda
1909 1918 1984 1950 est:
2002 1913 2070 1951 sed
2085 1912 2137 1950 ita

215 1971 483 2020 statuendum,
511 1969 846 2019 quemadmodum
872 1968 912 2006 in
938 1967 1088 2006 ratione
1112 1967 1213 2005 vitae
1235 1968 1342 2004 Deus
1357 1966 1519 2016 gratiam
1535 1977 1643 2004 suam
1659 1964 1782 2004 voluit
1796 1966 1990 2014 sufficere,
2006 1972 2138 2004 nostra

215 2023 435 2061 infirmitate
461 2022 642 2061 uirtutem
670 2033 779 2060 suam
807 2020 961 2072 perfici,
990 2020 1043 2058 ita
1070 2019 1185 2058 etiam
1208 2019 1324 2057 fuisse
1347 2018 1564 2057 Consilium
1587 2019 1668 2057 eius
1682 2030 1818 2056 caussa
1833 2017 1946 2068 fidei,
1960 2025 2002 2056 vt
2016 2017 2138 2068 gratia

217 2076 336 2126 ipsius
363 2075 502 2125 cuique
531 2076 726 2114 sufficeret
752 2075 788 2112 &
817 2073 957 2112 veritas
984 2072 1102 2123 ipsius
1129 2072 1170 2110 in
1189 2071 1255 2110 illa
1277 2082 1478 2110 seruorum
1502 2071 1619 2121 ipsius
1634 2070 1818 2110 tenuitate
1833 2070 2138 2120 conquiesceret.

270 2131 385 2167 Hanc
412 2141 496 2166 rem
521 2128 655 2178 paucis
683 2127 810 2166 verbis
836 2126 888 2164 ita
909 2125 1190 2175 conclusimus,
1225 2126 1333 2162 lees.
1363 2135 1534 2163 XXXV111.
1562 2125 1712 2162 Etenim
1740 2128 1855 2162 totam
1883 2125 2029 2172 quidem
2051 2130 2138 2173 per-

209 2182 428 2232 fectamque
445 2181 622 2231 formam
649 2182 763 2218 liuius
797 2180 1024 2228 Theologiae
1041 2182 1301 2229 perceperunt
1318 2178 1534 2226 Prophetae
1555 2178 1810 2227 &Apostoli,
1832 2181 1876 2214 at
1887 2190 1961 2214 uon
1966 2176 2140 2227 perfecte

218 2237 257 2272 z'n
284 2247 379 2272 sese:
409 2246 561 2283 eamque
588 2238 703 2271 totam
731 2233 978 2270 tradiderunt
1001 2232 1198 2280 singulari
1222 2232 1361 2269 virtute
1389 2230 1580 2279 Spiritus:
1607 2231 1748 2279 reliqui
1772 2242 1898 2266 omnes
1924 2242 1989 2267 nec
2004 2235 2138 2280 totam,

218 2300 284 2325 nec
314 2287 492 2337 perfecte.
532 2287 676 2324 Totam
711 2286 877 2324 sormam
910 2283 1150 2334 Theologiae
1177 2283 1435 2333 appellamus,
1463 2293 1561 2332 quae
1590 2295 1726 2320 omnes
1754 2281 1975 2320 essentiales
2003 2284 2061 2331 (vt
2087 2281 2140 2320 ita

218 2341 439 2389 loquamur)
466 2345 593 2388 partes
624 2338 724 2376 illius
752 2337 1045 2388 complectitur:
1071 2337 1285 2386 perfectam
1311 2337 1404 2373 vere
1434 2346 1533 2383 quae
1561 2347 1694 2373 verum
1718 2335 1903 2384 modum,
1919 2334 2140 2384 iustumque

218 2406 264 2431 ac
293 2390 587 2442 imperfectione
614 2397 811 2429 carentem
839 2390 964 2441 capit,
991 2390 1207 2428 secundum
1235 2387 1380 2438 ipsam,
1403 2389 1438 2425 &
1454 2388 1668 2426 secundum
1684 2394 1810 2437 partes
1825 2387 1995 2437 singulas
2009 2387 2140 2437 ipsius.

219 2447 337 2483 Hanc
376 2444 491 2495 igitur
530 2443 790 2493 Theologiam
816 2446 993 2482 nostram
1018 2449 1142 2481 totam
1170 2442 1458 2491 perfectamque
1486 2442 1562 2478 hoc
1590 2451 1705 2478 sensu
1732 2441 1981 2491 appellatam,
2011 2443 2035 2478 a
2061 2441 2140 2489 ple-

222 2498 349 2547 risque
388 2508 574 2547 negamus
613 2503 756 2546 totam,
791 2503 857 2534 aut
891 2497 1063 2546 perfecte
1090 2494 1205 2533 fuisse
1229 2494 1569 2543 comprehensam:
1598 2494 1666 2531 sed
1695 2492 1727 2531 si
1752 2492 1819 2541 qui
1845 2505 1932 2531 eam
1960 2505 2140 2542 percepe-

223 2558 329 2600 runt,
356 2563 423 2589 eos
450 2551 577 2588 solum
605 2549 722 2587 fuisse
748 2550 961 2598 Prophetas
990 2549 1025 2586 δε
1052 2546 1353 2598 Apostolos,ad
1370 2557 1468 2595 quos
1482 2547 1653 2596 perfecta
1667 2545 1972 2584 communicatio
1986 2551 2141 2600 nostrae

222 2603 334 2640 huius
361 2602 603 2653 Theologiae
628 2601 880 2652 inspiratione
907 2600 1090 2651 singulari
1117 2599 1404 2638 &reuelatione
1417 2599 1648 2648 peruenerit.
1675 2601 1810 2648 Itaque
1825 2605 1866 2636 vt
1881 2600 2017 2637 demus
2032 2610 2144 2636 sanc-

223 2655 393 2693 tissimos
433 2655 521 2694 illos
561 2654 636 2693 Dei
671 2665 827 2705 seruos,
854 2655 1066 2704 Prophetas
1095 2654 1130 2690 δε
1157 2653 1388 2702 Apostolos,
1416 2658 1539 2689 totam
1567 2653 1733 2689 formam
1762 2651 1873 2689 huius
1902 2649 2142 2700 Theologiae

223 2708 462 2760 percepisse,
489 2709 531 2747 id
556 2707 771 2746 secundum
798 2706 989 2757 principia
1014 2706 1132 2756 ipsius
1161 2704 1400 2755 Theologiae
1413 2703 1707 2755 intelligendum
1721 2711 1796 2742 est:
1811 2703 2142 2753 quemadmodum

1988 2757 2142 2793 Mosem
