2334 3020
867 108 1138 136 EIRENICI
1178 108 1319 135 PARS
1360 106 1385 133 1.
2019 103 2094 142 459

153 219 391 258 viuincanmr
434 218 472 256 in
515 218 671 267 Spiritu.
716 229 751 255 2.
790 216 881 255 Cor.
911 229 947 265 3.
977 229 1014 262 4.
1047 226 1079 265 5.
1109 214 1208 261 Htc,
1238 213 1302 252 hic
1331 226 1399 263 pes
1426 212 1601 263 figendus
1630 218 1706 257 est,
1736 211 1774 249 in
1805 209 2018 248 ministerio
2045 210 2097 247 ad

151 273 259 323 quod
301 272 432 310 vocati
473 283 625 309 sumus:
668 282 747 308 non
791 276 849 308 est
890 281 960 307 cur
1000 269 1077 307 alio
1106 269 1415 315 transuolemus,
1444 265 1510 315 qui
1539 264 1577 302 in
1607 277 1725 314 opere
1754 270 1888 302 nostro
1918 262 1966 312 (si
1994 265 2098 301 recte

150 325 425 374 iudicabimus)
467 326 584 374 longe
627 325 715 373 plus
758 322 904 361 laboris
945 320 1094 360 sensuri
1134 333 1285 371 sumus,
1323 322 1442 370 quam
1471 325 1512 357 vt
1540 317 1655 356 nobis
1682 317 1797 356 liceat
1831 316 1949 354 animi
1977 317 2099 356 nostri

150 378 331 429 explendi
360 391 477 416 causa
505 378 543 415 in
571 377 714 415 alienas
747 388 858 414 curas
885 375 1043 414 irruere.

204 433 342 481 Neque
382 434 477 469 vero
519 432 595 468 ho'c
637 431 782 467 malum
823 441 942 467 vnum
984 435 1041 467 est
1067 428 1105 466 in
1135 426 1268 466 nostra
1296 424 1652 474 administratione,
1679 424 1786 473 quod
1815 422 1949 461 alienis
1980 422 2096 460 rebus

151 486 237 535 plus
277 484 367 523 satis
410 483 673 522 attendimur:
717 483 785 520 sed
827 495 873 521 ex
916 494 964 520 eo
1005 482 1169 519 alterum
1212 480 1359 518 malum
1388 477 1576 517 continuo
1604 477 1797 523 nascitur,
1826 476 1935 526 quod
1963 473 2097 513 alienis

152 537 340 588 implicati
381 535 707 586 occupationibus
749 549 812 574 eas
854 536 1085 585 plerumque
1113 532 1351 581 omittimus,
1380 544 1476 582 quas
1506 531 1621 568 etiam
1651 530 1798 580 flagitat
1825 527 2098 567 inexcusabilis

152 589 372 629 vocationis
413 598 571 628 nostrae
607 588 829 627 necessitas.
871 588 971 637 siqui
999 587 1037 626 in
1068 586 1246 625 Ecclesia
1269 592 1377 635 sunt,
1407 597 1506 634 quos
1535 583 1669 621 doceri
1697 585 1720 621 a
1747 582 1862 621 nobis
1891 587 2096 632 oporteat,

151 658 200 682 ne
242 656 312 693 per
351 644 547 682 somnium
572 642 732 691 quidem
761 642 876 680 nobis
906 641 944 678 in
972 648 1145 679 mentem
1175 639 1280 678 venit
1308 638 1431 677 nostri
1460 637 1607 686 officij:
1638 636 1669 674 si
1697 635 1763 686 qui
1790 634 2047 685 redarguendi
2075 635 2099 671 a

151 697 310 736 veritate
340 696 541 735 doctrinae
569 695 822 743 abludente83
851 694 882 733 si
911 694 979 744 qui
1007 695 1056 732 ad
1087 693 1324 744 probitatem
1353 690 1705 730 &sanctimoniam
1722 688 1821 727 vitae
1837 686 2097 736 cohortandi,

151 751 182 789 si
209 750 276 800 qui
303 752 325 788 a
353 749 424 788 viis
453 749 563 788 malis
592 752 626 787 ἃ
656 748 828 787 distortis
857 747 934 786 suis
961 747 1194 795 reuocandi,
1224 745 1255 784 si
1282 744 1348 794 qui
1376 743 1487 782 verbi
1514 742 1637 781 diuini
1659 741 2014 791 consolationibus,
2032 739 2098 778 vbi

153 803 265 842 malis
307 802 489 853 prostrati
531 803 678 851 iacent,
721 801 918 852 erigendi:
964 800 1065 850 siqui
1107 799 1275 849 denique
1307 799 1386 836 vllo
1416 797 1538 835 modo
1567 795 1695 834 verbis
1722 795 1823 834 vitae
1851 801 2032 833 aeternae
2060 792 2099 830 in

152 856 308 896 Christo
338 855 538 894 animandi
566 855 646 905 (hic
676 855 780 892 enim
810 854 998 904 Rhodus,
1026 853 1092 891 hic
1121 854 1253 899 saltus)
1283 851 1364 890 siue
1391 849 1593 901 priuatim,
1621 856 1663 887 vt
1687 850 1747 887 lex
1762 846 2100 896 charitatisiubetg

152 910 234 949 siue
275 909 433 960 publice
462 916 503 947 vt
530 910 627 947 ratio
658 907 814 958 publica
842 907 1036 945 interdum
1065 907 1256 957 postulat,
1299 912 1382 942 tum
1410 905 1502 942 vero
1532 916 1604 941 nos
1630 901 1695 940 hic
1717 914 1797 940 non
1825 901 2034 949 adsumus,
2062 900 2098 937 δε

150 966 242 1002 vere
271 963 377 1001 aliud
405 962 575 1012 agimus,
605 974 704 1012 quos
732 962 810 999 hoc
838 973 954 1010 agere
983 959 1157 1010 oportuit
1185 962 1241 1005 (vt
1267 958 1306 996 in
1335 958 1452 996 rebus
1481 956 1600 994 sacris
1621 955 1714 994 olim
1730 955 1925 993 clamabat
1940 953 2101 1003 praeco)

152 1019 187 1056 &
230 1017 309 1054 τόδ’
349 1017 455 1067 ἔργον
499 1015 548 1058 ὡς
589 1017 776 1066 πάρεργον
803 1013 1069 1052 transsilimus.
1093 1012 1286 1051 Nimirum
1315 1010 1379 1048 hic
1407 1011 1555 1048 fructus
1582 1009 1683 1047 illius
1711 1008 2099 1059 πολυπραγμοσύνης,

152 1072 230 1109 hoc
273 1081 372 1119 opus
414 1069 514 1107 illius
555 1067 834 1106 arclntectonis
874 1066 1085 1115 aduersarij
1132 1065 1264 1104 salutis
1306 1071 1486 1111 nostrae,
1523 1062 1589 1112 qui
1618 1062 1724 1099 mille
1743 1060 1876 1110 opifex
1906 1072 2035 1096 rerum
2064 1059 2099 1097 &

154 1122 413 1161 mille-artifex
455 1136 527 1172 pro
571 1134 648 1160 vno
687 1120 860 1170 cogitato
903 1122 953 1158 ad
981 1119 1231 1158 vocationem
1259 1125 1431 1156 nostram
1460 1115 1678 1166 pertinente
1706 1112 1876 1151 infundit
1904 1112 2025 1160 mille,
2054 1125 2101 1150 ex

152 1188 232 1227 quo
261 1189 333 1215 nos
364 1176 415 1214 ad
442 1175 548 1213 mille
576 1173 706 1225 potius
734 1173 809 1212 alia
837 1175 956 1223 quam
984 1173 1036 1211 ad
1064 1174 1142 1210 hoc
1170 1171 1260 1210 ferri
1288 1168 1564 1208 animaduertit
1594 1167 1735 1218 ingenij
1764 1165 1888 1204 nostri
1915 1165 2097 1203 vanitate.

205 1232 336 1279 Atque
362 1229 506 1267 vtinam
538 1228 576 1266 in
606 1227 666 1266 his
694 1226 836 1265 tinibus
865 1227 957 1265 mali
985 1227 1063 1264 hoc
1092 1232 1268 1264 nostrum
1298 1225 1445 1261 malum
1474 1221 1708 1270 subsideret,
1737 1232 1787 1257 ne
1815 1218 1974 1257 vlterius
2001 1217 2099 1256 abri-

152 1295 333 1332 peremur
361 1284 384 1320 a
412 1282 620 1320 vocatione
649 1288 793 1318 nostra.
824 1279 1107 1319 Grauissimum
1137 1279 1240 1316 enim
1267 1279 1302 1315 ἃ
1331 1275 1644 1326 indignissimum
1673 1272 1850 1312 omnium
1880 1286 1927 1310 ex
1948 1271 2101 1321 perdito

152 1336 218 1375 illo
250 1336 423 1374 instituto
452 1336 491 1373 id
521 1334 710 1383 consequi
738 1335 837 1371 solet
870 1332 1040 1371 maximo
1069 1331 1268 1370 Ecclesiae
1297 1331 1458 1379 damno,
1488 1328 1595 1378 quod
1624 1328 1647 1376 ij
1679 1327 1746 1376 qui
1772 1325 1898 1363 aliena
1913 1325 2101 1362 curant&

151 1390 200 1428 ad
229 1401 298 1428 sua
325 1388 399 1427 sibi
427 1388 618 1439 imperata
645 1386 803 1425 minime
832 1387 1058 1436 attendunt,
1089 1388 1136 1424 eo
1165 1384 1325 1422 tandem
1355 1381 1516 1420 veniunt
1543 1380 1775 1423 dementiae.
1804 1385 1844 1416 vt
1859 1377 1972 1416 obliti
1987 1379 2101 1427 plane

152 1442 369 1481 vocationis
397 1453 488 1480 suae
517 1454 598 1479 non
628 1441 808 1478 dubitent
836 1453 883 1478 ea
910 1441 1037 1478 facere
1071 1451 1171 1488 quae
1198 1437 1237 1475 in
1266 1444 1393 1475 totum
1423 1434 1621 1474 vocationi
1643 1433 1818 1483 ipsorum
1832 1432 2102 1470 aduersantur.

153 1497 260 1545 Quid
277 1495 394 1545 enim,
411 1496 590 1545 obsecro⁷
608 1494 727 1532 facias
743 1493 795 1531 mi
810 1494 946 1543 homo,
960 1493 1026 1542 qui
1041 1491 1210 1530 forensia
1226 1503 1316 1529 cum
1331 1487 1632 1536 Ecclesiasticis,
1648 1487 1853 1536 prophana
1869 1497 1958 1523 cum
1971 1483 2102 1533 sacris,

152 1552 324 1588 humana
353 1560 441 1586 cum
481 1547 621 1586 diuinis
650 1547 861 1585 conturbas
888 1545 1257 1596 praefidentissime,
1295 1543 1367 1582 nisi
1396 1549 1437 1580 vt
1464 1542 1657 1580 inescatus
1685 1538 1832 1578 mellito
1861 1550 2015 1576 veneno
2031 1539 2103 1575 fas-

153 1602 328 1652 tidiOque
351 1601 465 1639 huius
494 1600 649 1650 mundi,
679 1612 795 1638 exuas
824 1612 953 1638 rerum
982 1607 1203 1637 sanctarum
1229 1596 1399 1636 studium
1416 1609 1462 1634 ex
1478 1595 1772 1645 prophanarum
1788 1588 2103 1630 consuetudine?

152 1659 211 1694 Ita
239 1656 393 1694 accidet
421 1654 490 1692 tibi
501 1685 511 1704 ,
528 1655 636 1704 quod
653 1653 747 1692 olim
763 1653 976 1702 prouerbio
993 1652 1198 1690 dicebatur
1209 1681 1219 1701 ,
1249 1658 1289 1689 vt
1305 1651 1427 1688 modo
1443 1655 1617 1698 togatus,
1632 1647 1753 1685 modo
1769 1644 1948 1696 palliatus
1964 1644 2100 1682 ambu-

153 1711 228 1760 les,
263 1712 298 1748 &
332 1716 538 1757 Vtramque
568 1707 750 1758 paginam
779 1706 837 1744 vir
865 1708 1091 1757 ἑτερήμερος
1121 1717 1351 1754 corrumpas
1380 1701 1599 1740 vocationis
1628 1708 1742 1750 tuae,
1779 1699 1874 1737 dum
1900 1706 2104 1747 Vtramque

154 1762 336 1813 paginam
378 1761 514 1800 mundi
557 1760 627 1800 tibi
669 1759 813 1799 videris
855 1761 995 1797 facere.
1039 1759 1148 1796 Deus
1175 1759 1300 1808 bone,
1331 1764 1520 1806 quantum
1550 1753 1730 1793 delirium
1760 1759 1912 1791 mentes
1939 1751 2104 1789 istorum

154 1815 360 1854 hominum
390 1822 580 1865 occupat,
617 1815 684 1863 qui
714 1825 844 1852 rerum
871 1813 972 1851 adeo
1001 1813 1210 1850 multarum
1240 1824 1282 1849 se
1311 1823 1428 1861 posse
1457 1809 1663 1847 confidunt
1693 1808 1886 1856 satagere!
1932 1806 2024 1843 Non
2052 1803 2105 1842 ita

155 1869 374 1907 delirabant
415 1876 566 1906 veteres
609 1867 664 1906 illi
705 1872 846 1916 poetae
887 1866 925 1903 in
968 1865 1118 1903 ratione
1163 1866 1340 1903 Deorum
1369 1875 1548 1910 suorum,
1587 1873 1688 1911 quos
1716 1868 1848 1897 tamen
1877 1857 2103 1897 hominibus

154 1925 271 1973 longe
307 1921 548 1971 potentiores
578 1934 661 1960 esse
691 1921 923 1959 fatebantur.
963 1918 1056 1956 huic
1084 1920 1259 1967 caelum,
1287 1917 1341 1955 illi
1369 1917 1550 1963 aethera,
1579 1913 1670 1952 huic
1699 1912 1923 1951 inferiorern
1951 1916 2104 1959 aerem,

155 1976 207 2014 illi
248 1989 375 2021 mare.¹
419 1974 485 2013 vni
526 1983 691 2023 terram,
733 1973 844 2012 alteri
878 1973 1025 2011 inferos
1053 1972 1280 2010 tribuebant
1308 1969 1604 2020 procurandos:
1634 1966 1804 2015 denique
1832 1964 2009 2004 ordinem
2039 1963 2104 2001 ali-

156 2042 273 2079 quem
316 2028 503 2067 videbant
544 2027 584 2065 in
625 2027 710 2066 Diis
752 2026 830 2066 suis
872 2025 1173 2076 commentitiis,
1203 2038 1320 2074 quem
1349 2031 1412 2073 tu,
1441 2024 1584 2067 homo,
1613 2020 1651 2058 in
1681 2028 1718 2058 te
1747 2019 1832 2069 ipso
1861 2018 1996 2056 videre
2025 2029 2104 2054 non

156 2089 292 2132 potes:
335 2095 382 2119 ac
409 2080 574 2131 proinde
602 2080 669 2119 vbi
697 2080 876 2118 ordinem
906 2092 986 2117 non
1014 2079 1145 2129 vides,
1183 2078 1221 2116 in
1253 2075 1451 2116 contraria
1479 2074 1624 2124 studia,
1654 2072 1883 2120 sententias,
1913 2069 2102 2108 actiones-

156 2149 251 2185 que,
295 2148 366 2185 pro
406 2148 446 2172 re
484 2142 575 2172 nata
609 2136 649 2181 (f.
691 2138 782 2184 732)
814 2141 853 2171 vt
882 2135 1033 2182 pluma,
1070 2132 1109 2170 in
1145 2133 1322 2170 diuersos
1349 2136 1514 2178 ventos,
1544 2129 1662 2177 quam
1693 2125 1876 2164 facillime
1904 2122 2107 2173 abriperis.

157 2190 241 2227 Nec
277 2191 370 2226 vero
408 2188 518 2226 aliter
555 2194 683 2237 potest
720 2187 966 2237 contingere:
1007 2187 1095 2224 cum
1126 2185 1195 2223 tibi
1224 2185 1261 2222 in
1294 2184 1410 2222 rebus
1433 2195 1513 2220 non
1544 2189 1720 2230 constes,
1753 2178 1916 2217 omnino
1945 2189 2106 2215 necesse

158 2250 216 2281 est
244 2245 290 2280 eo
320 2242 534 2290 delabaris,
563 2248 604 2279 vt
632 2254 705 2279 nec
733 2253 937 2287 sermone,
967 2252 1040 2277 nec
1069 2238 1290 2277 actionibus
1319 2236 1393 2275 tuis
1422 2234 1560 2286 perdiu
1588 2234 1691 2272 idem
1721 2245 1804 2270 esse
1833 2230 1971 2282 possis.

212 2295 560 2344 Quemadmodum
590 2301 719 2333 autem
747 2295 789 2332 in
818 2295 934 2332 rebus
962 2305 1071 2330 error
1100 2300 1157 2330 est
1186 2290 1395 2342 procliuis,
1424 2289 1489 2327 vbi
1518 2295 1596 2326 tam
1624 2285 1879 2336 multiplicem
1905 2291 2106 2334 capturam

159 2349 273 2387 vnica
314 2348 458 2398 ingenij
502 2347 626 2386 nostri
666 2347 811 2386 lineola
853 2348 888 2385 &
931 2346 1048 2384 vnico
1084 2346 1189 2383 iactu
1228 2357 1300 2382 nos
1335 2350 1583 2381 assecuturos
1617 2339 1874 2385 confidimus,
1905 2337 1958 2375 ita
1992 2336 2107 2375 etiarn

158 2403 321 2440 alterum
360 2402 505 2439 malum
543 2400 634 2439 huic
662 2400 884 2439 adnascitur
912 2399 1152 2443 necessario,
1183 2398 1292 2448 quod
1318 2397 1462 2434 iustum
1492 2394 1654 2432 modum
1685 2405 1814 2431 rerum
1842 2392 2034 2442 peraeque
2062 2403 2109 2428 ac

161 2468 219 2493 res
257 2454 360 2504 ipsas
397 2454 608 2504 perdimus.
645 2456 747 2492 Nam
787 2466 886 2503 quae
926 2451 1106 2502 priuatim
1143 2452 1194 2489 ad
1233 2452 1395 2488 salutem
1425 2448 1643 2486 animarum
1672 2446 1799 2484 curari
1830 2457 1929 2495 opus
1956 2451 2034 2487 est.
2064 2456 2110 2481 ea

157 2507 314 2558 publice
350 2507 611 2557 funditamus,
648 2520 749 2557 quae
783 2507 822 2544 in
854 2519 988 2544 aurem
1027 2505 1276 2551 insusurrari,
1306 2516 1352 2540 ea
1381 2515 1497 2552 super
1524 2508 1626 2538 tecta
1654 2498 1980 2550 pronunciamus3
2010 2509 2110 2545 quae

160 2562 296 2599 sedato
325 2560 480 2611 animo,
509 2574 555 2598 ea
579 2573 669 2599 cum
697 2562 872 2607 feruore,
901 2571 1001 2609 quae
1030 2570 1119 2596 cum
1150 2555 1418 2606 vehementia,
1447 2568 1491 2592 ea
1518 2553 1680 2592 remisso
1709 2551 1863 2602 animo3
1892 2562 1992 2600 quae
2020 2561 2110 2587 cum

161 2616 261 2663 sale,
305 2627 351 2652 ea
394 2614 558 2662 insulse,
601 2626 701 2663 quae
741 2624 832 2652 cum
875 2611 1128 2659 auctoritate,
1163 2624 1208 2649 ea
1246 2610 1377 2659 inepte
1415 2609 1464 2645 ad
1496 2606 1719 2646 Scribarum
1748 2606 1783 2642 St
1811 2604 2111 2642 Pharisaeorum

160 2668 381 2717 exemplum
410 2667 696 2716 praedicantur.
730 2668 882 2716 Nempe
911 2665 1182 2703 auctoritatem
1209 2671 1402 2707 nostram,
1431 2674 1510 2699 non
1528 2658 1908 2707 Christiquaerimus
1923 2656 2111 2707 plerique,

162 2724 197 2759 ἃ
234 2720 421 2771 opinione
459 2720 545 2758 freti
576 2719 817 2758 auctoritatis
856 2727 1013 2757 nostrae
1046 2725 1253 2766 Vtramque
1282 2715 1483 2766 perdimus
1515 2712 1656 2751 miseri.
1685 2713 1736 2750 Et
1765 2711 1968 2761 miramur,
1996 2710 2112 2748 rebus

162 2774 215 2812 ita
251 2773 463 2824 stantibus,
501 2773 532 2811 si
567 2774 730 2812 verbum
767 2772 843 2811 Dei
877 2784 1016 2822 parurn
1042 2772 1190 2808 fructus
1218 2769 1299 2808 edit
1325 2769 1364 2806 in
1394 2766 1581 2806 Ecclesiis
1611 2764 1840 2805 Christianis
1867 2766 1946 2802 hoc
1974 2770 2110 2820 nostro

1910 2824 2111 2866 tempore:
