2334 3020
753 811 1501 869 PRAEFATIO.

347 1489 465 1532 solet
495 1490 573 1541 vis,
605 1495 700 1531 tum
747 1488 796 1531 in
826 1487 996 1542 agendo
1028 1501 1185 1541 urgere
1217 1490 1435 1537 mentem;
1464 1498 1606 1526 rerum
1638 1489 1865 1538 gestarum
1899 1484 2113 1524 memoria

349 1551 513 1602 altera,
562 1550 700 1592 altera
746 1549 952 1604 propriae
996 1547 1277 1602 cogitationis
1315 1547 1602 1588 incitamento
1634 1546 1852 1600 optimum
1893 1558 2115 1598 quemque

151 1612 469 1663 exstimulans;
502 1611 613 1653 haec
646 1609 942 1665 imaginatio,
992 1608 1067 1651 illa
1099 1607 1320 1651 historiae
1344 1607 1523 1662 genz‘uS,
1557 1608 1690 1649 docto
1742 1604 2113 1660 philosophorum

149 1673 363 1728 loquendi
396 1686 490 1722 usu,
526 1672 691 1726 passim
711 1671 951 1725 antiquitus
968 1670 1212 1724 appellata.
1229 1669 1445 1710 Nimirum
1464 1668 1646 1719 fontem,
1665 1667 1781 1709 unde
1803 1667 2028 1708 hauriatur
2045 1681 2110 1718 ea,

150 1747 241 1790 qua
280 1748 424 1776 rerum
457 1733 665 1784 indolem,
702 1733 936 1782 rationem,
975 1731 1133 1783 finem,
1163 1736 1438 1772 momentum
1471 1729 1732 1784 perspicias,
1767 1728 1999 1782 sapientia,
2033 1734 2110 1770 aut

150 1796 254 1839 foris
285 1796 343 1837 ad
375 1809 422 1837 se
455 1801 707 1836 manantem
725 1793 906 1847 excipit,
931 1798 1019 1844 aut,
1050 1793 1094 1833 in
1121 1792 1360 1845 semetipso
1387 1792 1647 1845 adopertam
1665 1791 1866 1844 opinans,
1886 1788 2108 1830 recludere

151 1861 335 1900 conatur
380 1857 647 1911 quicumque
674 1855 717 1896 in
746 1868 893 1896 rerum
926 1853 1305 1908 contemplatione
1337 1853 1508 1902 studia,
1541 1852 1634 1892 sive
1666 1851 1709 1892 in
1740 1851 1981 1893 earundem
2015 1863 2108 1891 mo-

152 1918 379 1961 deratione
427 1918 591 1972 ingenii
633 1916 760 1971 ponit
801 1914 1126 1957 dexteritatem.
1159 1914 1326 1956 Pendet
1357 1913 1444 1955 hoc
1476 1927 1502 1954 a
1534 1911 1741 1954 Creatore
1771 1925 1905 1967 quem
1938 1911 2107 1953 adores.

151 1980 270 2022 Nam
313 1992 449 2034 penes
480 1991 611 2033 quem
643 1976 864 2019 creatricis
906 1976 1182 2030 potissimum
1227 1975 1306 2017 tibi
1356 1974 1515 2016 residet
1561 1973 1735 2016 virtutis
1784 1973 2019 2028 pollentia,
2068 1972 2111 2012 in

154 2042 249 2096 ipso
282 2053 459 2095 quoque
506 2038 748 2080 collocabis
793 2051 1015 2079 summum
1068 2051 1213 2079 rerum
1255 2035 1485 2077 arbitrium
1512 2039 1646 2088 atque
1679 2047 1928 2088 supremam
1960 2037 2110 2074 aucto-

154 2103 344 2144 ritatem.
378 2100 529 2155 Quare
561 2100 636 2155 qui
667 2100 817 2140 Deum
850 2098 1083 2153 Optimum
1115 2098 1365 2139 Maximum
1399 2097 1478 2138 rite
1509 2108 1652 2137 rerum
1675 2096 1875 2137 omnium
1893 2093 2109 2148 Opificem

153 2168 288 2217 atque
330 2161 585 2205 Creatorem
628 2160 855 2215 agnoscit,
904 2159 1030 2202 facile
1076 2160 1112 2200 is
1165 2173 1212 2200 se
1252 2157 1351 2200 Deo
1392 2157 1582 2199 docilem
1624 2157 1844 2210 praebens
1882 2156 1925 2196 in
1956 2155 2110 2196 timore

153 2223 336 2265 Domini
373 2222 557 2265 libenter
588 2222 729 2264 omnis
761 2234 888 2262 verae
920 2221 1164 2275 sapientiae
1190 2219 1304 2260 ultro
1337 2225 1475 2272 ponet
1506 2217 1784 2272 principium.
1837 2216 1923 2270 Qui
1957 2221 2112 2257 contra

154 2285 402 2334 Naturam,
451 2289 499 2325 ut
549 2297 651 2325 curn
704 2282 980 2336 Hieronymo
1027 2281 1207 2335 loquar,
1256 2279 1432 2322 deificat
1470 2292 1657 2332 eamque
1699 2277 1983 2334 αὕτοκτίστην
2029 2275 2111 2317 sibi

154 2344 303 2399 fingit,
350 2358 440 2387 non
473 2350 621 2399 potest
653 2357 739 2385 non
771 2356 950 2384 omnem
982 2342 1211 2384 scientiam
1241 2341 1487 2383 humanam
1520 2340 1576 2381 ad
1609 2340 1754 2394 legem
1786 2339 1902 2379 vitae
1936 2338 2111 2378 insitam

153 2407 372 2448 reducere.
415 2404 501 2459 Qui
533 2404 733 2458 denique,
766 2403 948 2445 infelicis
981 2403 1145 2457 Pelagii
1177 2402 1367 2444 subdola
1393 2401 1585 2443 lustrans
1612 2400 1808 2453 vestigia,
1827 2398 2111 2452 semetipsum

153 2467 219 2509 sui
263 2467 491 2509 dementat
538 2464 820 2514 οἷποθεώσει,
870 2478 994 2506 suam
1039 2464 1285 2505 necessarie
1328 2463 1464 2517 ipsius
1499 2461 1826 2516 Cogitationem
1859 2459 2003 2500 omnis
2035 2472 2109 2512 ge-

157 2528 314 2569 nuinae
346 2527 587 2580 sapientiae
618 2525 870 2568 aestimabit
902 2526 1236 2579 scaturiginem,
1271 2538 1382 2578 eque
1404 2523 1638 2565 temeraria
1660 2522 1852 2563 hominis
1869 2519 2110 2569 voluntate,

161 2595 256 2631 tum
289 2601 469 2631 ornnem
497 2587 642 2629 eliciet
673 2588 731 2629 ad
763 2587 985 2641 agendum
1012 2587 1247 2640 impetum,
1276 2591 1371 2626 tum
1388 2583 1720 2639 primordialem
1738 2587 1907 2636 repetet
1923 2580 2112 2622 cuiusvis

159 2650 220 2692 rei
245 2655 395 2705 gestae
422 2662 617 2691 causam.
651 2647 746 2690 Deo
768 2646 950 2702 Optimo
965 2646 1176 2691 Maximo
1193 2647 1252 2702 pii
1270 2659 1423 2688 omnes
1441 2645 1591 2688 omnia
1607 2658 1685 2699 per
1702 2643 1899 2692 saecula;
1919 2647 2111 2683 naturae

2020 2702 2111 2758 legi

152 1428 456 1601 Duplex
505 1429 762 1483 praecipue,
795 1426 1017 1468 Benevole
1050 1425 1234 1476 Lector,
1277 1437 1379 1466 cum
1412 1424 1476 1466 ad
1503 1423 1723 1478 agendum
1770 1436 1850 1464 nos
1882 1421 2111 1475 impellere
