2334 3020
726 89 940 116 russas
982 86 1413 116 THEOLOGICAE.
1981 96 2054 131 ²43

118 198 296 236 salutaria
336 195 450 235 nobis
490 195 740 246 contingunt,
774 194 882 233 cuius
921 195 1099 233 meritum
1127 207 1353 234 exarescere
1382 207 1582 245 nunquam
1614 203 1760 246 potest,
1790 196 1870 236 siue
1899 199 1948 236 ad
1979 199 2061 249 ipsa

118 251 241 298 dona,
271 250 410 300 quibus
438 250 543 287 Deus
572 260 644 286 nos
673 247 824 286 ornauit
852 259 952 297 quae
979 255 1066 286 sunt
1094 248 1384 298 ἀμεταμέλητα,
1413 250 1526 287 Rom.
1548 262 1606 286 11.
1626 263 1686 299 29.
1716 251 1921 289 Praeterea
1936 264 2058 301 quum

117 303 272 342 Christo
313 315 403 341 vera
446 301 521 339 fide
558 300 670 339 insita
712 300 779 349 sit,
822 307 992 351 caroque
1035 301 1084 339 de
1125 312 1242 339 carne
1286 299 1426 352 ipsius,
1463 303 1567 351 Eplz.
1599 312 1632 351 5.
1666 315 1726 352 29.
1758 304 1807 341 ξφ·
1837 317 1900 353 30.
1932 305 1983 343 ab
2011 319 2060 344 eo

116 355 293 395 abscindi
319 362 398 405 atq.
428 353 559 393 diuelli
585 365 786 403 nunquam
815 353 1029 404 continget.

165 422 236 468 ,33·
288 410 491 447 Hactenus
520 407 568 445 de
597 406 788 445 adiunctis
817 407 1017 445 Ecclesiae
1046 405 1292 456 Catholicae,
1319 406 1396 446 iam
1419 407 1578 446 visibilis
1596 408 1787 457 quaedam
1808 416 1966 448 restant.
1997 412 2058 449 Ac

117 461 283 512 primum
325 460 483 510 quidem
523 459 631 509 quod
672 473 800 499 errare
837 459 957 510 possit
991 473 1071 498 non
1100 467 1156 498 est
1185 459 1371 498 dubium:
1402 460 1548 499 etenim
1576 474 1663 500 area
1694 463 1729 500 &
1759 475 1903 512 sagena
1931 470 1988 502 est
2017 463 2055 502 in

116 514 257 564 quibus
285 513 380 552 boni
407 514 443 551 δι
470 512 562 551 mali
589 514 722 551 locum
749 514 906 552 habent.
934 512 1027 552 Eius
1055 512 1170 552 etiam
1199 511 1361 551 scientia
1388 512 1616 564 imperfecta
1643 521 1728 553 est.
1760 527 1792 553 1.
1825 516 1915 554 Cor.
1942 530 1998 565 13.
2022 531 2057 564 4.

115 567 167 605 ita
209 574 248 605 vt
290 578 399 605 mens
439 567 578 604 falsum
613 579 685 616 pro
720 579 814 605 vero
848 565 1017 616 hauriat,
1047 567 1239 617 paleamq.
1269 578 1340 616 pro
1368 577 1483 616 auro,
1511 567 1773 606 fundamento
1801 577 2055 618 superstruat.

126 633 160 657 1.
193 620 285 658 Cor.
340 647 349 657 .
384 632 441 658 12.

166 685 227 721 34.
284 632 562 710 V3erurntamen
589 679 705 722 prout
732 679 821 710 sunt
849 671 1098 722 particulares
1122 677 1277 722 coetus,
1305 671 1358 710 ita
1386 672 1514 711 morbi
1541 672 1792 723 particulares
1820 682 1910 712 sunt
1943 677 1999 723 (vt
2020 678 2055 715 &

113 725 361 774 vniuersales)
402 736 568 774 quorum
606 724 667 773 alij
705 725 889 774 lethiferi,
918 725 980 774 alij
1010 724 1220 773 sanabile53
1248 725 1349 763 adeo
1377 732 1418 764 vt
1445 725 1687 775 particularis
1715 727 1891 765 Ecclesia
1926 741 2053 767 errare

112 778 280 829 grauiter
308 777 430 828 possit
457 778 495 816 in
524 777 620 827 fide,
649 778 768 816 altera
796 785 920 816 stante
945 791 1013 828 per
1041 777 1114 816 Dei
1143 776 1306 828 gratiam
1340 777 1588 828 singularem.
1617 782 1737 830 Apoc.
1767 793 1804 829 3.
1839 793 1870 818 1.

165 841 229 880 35.
284 832 464 869 Deficere
491 833 583 869 vero
611 808 863 880 particulares
893 831 1087 870 Ecclesias
1114 832 1137 868 a
1165 832 1252 869 Deo
1282 833 1316 869 δι
1346 831 1504 870 veritate
1531 832 1622 870 satis
1648 832 1770 882 liquet
1799 846 1847 871 ex
1875 833 2058 882 plurima-

111 896 196 922 rum
225 883 583 922 florentissimarum
615 884 879 922 Ecclesiarum
908 885 1100 934 exemplo.
1118 885 1214 922 haec
1235 891 1365 922 autem
1380 884 1548 923 defectio
1565 886 1626 935 fit,
1651 887 1726 923 Vel
1741 886 2053 938 απαλλοεριωσει

117 948 239 996 quum
267 936 430 976 omnino
459 937 651 987 respuitur
679 937 1016 988 Christianismus,
1043 938 1079 975 &
1110 937 1148 976 in
1176 936 1435 987 Iudaismum,
1465 915 1832 987 Mahoirietismum,
1862 941 1923 976 vel
1952 940 2056 977 Gen-

111 989 295 1028 tilismum
324 991 366 1029 fit
396 991 618 1041 αποςάσια,
647 992 722 1028 Vel
748 988 875 1042 φθορᾷ
903 990 984 1028 siue
1010 992 1228 1049 μρταβολῇ,
1255 1001 1376 1039 quum
1406 990 1535 1029 adhuc
1565 992 1729 1030 verbum
1758 992 1793 1029 δε
1823 991 1968 1042 sigilla,
1984 992 2055 1031 etsi

113 1045 184 1081 val
193 1044 226 1082 le
253 1049 457 1093 corrupta,
484 1051 735 1093 permanent,
760 1049 800 1080 vt
827 1043 866 1081 in
894 1042 1071 1082 Ecclesia
1097 1041 1327 1093 Israelitica,
1349 1055 1448 1093 quae
1472 1043 1572 1082 filios
1588 1045 1676 1083 Deo
1691 1043 1876 1095 gignebat
1891 1045 2053 1083 circum-

112 1096 280 1145 cisione,
307 1097 479 1135 Diabolo
504 1099 598 1135 vero
626 1095 834 1135 dedicabat
861 1099 897 1135 &
925 1097 1065 1135 alebat.

163 1151 227 1199 36.
282 1151 431 1187 Tamen
475 1150 620 1187 nullam
665 1148 882 1188 Ecclesiam
918 1160 1076 1199 prorsus
1112 1147 1372 1188 abalienatam
1396 1162 1480 1188 esse
1508 1151 1532 1188 a
1558 1151 1647 1188 Deo
1676 1151 1712 1188 δε
1740 1150 1901 1188 foedere
1931 1150 2049 1200 ipsius

113 1201 323 1240 dicendum
352 1209 427 1252 est,
454 1201 545 1240 licet
571 1203 684 1241 valde
711 1210 870 1252 aegrota
897 1203 933 1241 &
960 1202 1153 1251 adultera,
1182 1202 1311 1241 donec
1338 1204 1446 1241 Deus
1474 1213 1586 1241 suum
1614 1202 1752 1241 foedus
1769 1203 2054 1242 matrimoniale

110 1254 144 1293 ei
182 1255 386 1305 eripuerit,
415 1254 529 1304 sibsq.
557 1255 829 1305 assumpserit,
866 1268 953 1294 eam
981 1255 1165 1293 deserens
1193 1261 1233 1293 vt
1261 1254 1453 1294 adulterio
1481 1255 1791 1305 coinquinatam.
1819 1258 1896 1295 les.
1928 1268 1989 1307 50.
2024 1271 2054 1295 1.

114 1309 236 1356 Quod
271 1321 351 1347 non
381 1307 528 1346 tamdiu
556 1309 643 1367 fiet,
670 1285 856 1358 quamdiu
886 1321 932 1347 ea
961 1314 1099 1358 caput,
1128 1313 1293 1359 eamque
1321 1316 1438 1360 caput
1467 1308 1666 1347 retinuerit
1693 1308 1851 1359 publica
1866 1309 2056 1361 significa-

118 1360 225 1400 tione
253 1361 399 1412 gratiae
427 1361 616 1400 vocantis.
649 1363 883 1411 Ool.2.19.

161 1425 225 1464 37.
281 1416 375 1453 Hoc
403 1420 534 1453 autem
561 1427 642 1452 non
670 1427 743 1453 nos
770 1414 929 1465 latebit,
959 1415 1054 1453 dum
1083 1415 1266 1466 τεκμήρια
1295 1428 1363 1454 seu
1390 1421 1504 1454 notas
1531 1428 1554 1453 a
1583 1414 1740 1454 Christo
1763 1414 1958 1454 adhibitas
1973 1416 2053 1454 dili-

107 1476 243 1517 genter
271 1468 577 1518 perpendemus.
608 1479 708 1517 quae
737 1475 826 1506 sunt
849 1468 967 1506 Sacra
987 1467 1210 1526 Scriptura,
1225 1469 1340 1507 loatz.
1361 1481 1419 1507 10.
1439 1479 1500 1517 27.
1514 1467 1814 1507 instrumentum
1829 1476 2053 1508 contractus

106 1520 263 1570 gratiosi
303 1532 519 1571 appensum
559 1520 678 1559 fronti
718 1522 754 1559 δε
782 1520 934 1571 pectori
961 1519 1161 1560 Ecclesiae
1196 1520 1321 1570 (cuius
1350 1528 1407 1560 est
1440 1522 1753 1571 fundamentum)
1783 1523 2053 1574 Sacramenta,

110 1573 249 1612 Mattlz.
281 1576 340 1612 28.
376 1588 433 1623 19.
462 1575 575 1612 Rom.
605 1588 641 1622 4.
675 1588 735 1614 11.
763 1574 889 1625 sigilla
916 1574 1057 1634 ipsius,
1086 1579 1204 1623 atque
1235 1586 1372 1613 eorum
1400 1574 1684 1614 administratio
1706 1577 1742 1614 &
1765 1576 1989 1615 obseruatio
2005 1590 2051 1615 ex

108 1626 309 1665 Ecclesiae
337 1626 474 1665 ordine
502 1626 663 1677 publico
692 1629 716 1665 a
743 1629 831 1666 Deo
859 1627 1050 1666 instituto.
1079 1630 1163 1665 Act.
1197 1640 1231 1665 2
1261 1641 1309 1675 42
1343 1629 1385 1677 (f.
1419 1631 1549 1679 1712).

159 1683 221 1729 38.
277 1681 371 1718 Illae
408 1686 538 1718 autem
573 1680 706 1719 literae
735 1682 771 1719 &
798 1680 924 1731 sigilla
950 1680 1121 1720 foederis
1148 1681 1327 1721 absolute
1355 1683 1390 1720 &
1419 1684 1514 1732 pure
1541 1686 1630 1720 sunt
1658 1688 1795 1731 notae,
1825 1693 1926 1731 quae
1955 1682 2050 1721 nihil

106 1732 267 1771 humani
303 1733 521 1772 immixtum
558 1734 729 1785 habent,
765 1747 839 1773 nec
865 1733 904 1772 in
933 1747 974 1773 se
1003 1734 1121 1773 vllam
1151 1734 1300 1786 labem,
1333 1748 1365 1773 1.
1393 1736 1476 1773 Pet.
1511 1749 1540 1773 1.
1575 1747 1634 1783 23.
1665 1736 1725 1773 vel
1753 1734 2050 1786 corruptionem

107 1787 337 1824 contrahere
374 1792 552 1836 possunt:
591 1788 732 1825 horum
760 1790 854 1826 vero
883 1786 1165 1826 administratio
1195 1788 1231 1825 &
1259 1795 1354 1827 nota
1382 1795 1439 1827 est
1465 1789 1501 1827 δι
1530 1788 1644 1827 simul
1672 1788 1837 1827 fructus:
1866 1795 1979 1838 nota,
2009 1788 2048 1827 in

102 1851 174 1877 vsu
202 1839 396 1889 ipsorum3
425 1841 591 1890 fructus,
620 1839 660 1878 in
687 1840 902 1879 substantia
930 1843 953 1879 a
981 1839 1084 1879 notis
1113 1841 1246 1880 fluens.

157 1905 218 1941 39.
273 1895 319 1930 In
345 1893 421 1931 hac
447 1900 576 1931 autem
603 1892 938 1932 administratione
967 1894 1113 1944 duplex
1141 1902 1200 1932 est
1226 1900 1357 1945 actus,
1386 1893 1461 1933 Dei
1488 1895 1524 1933 &
1552 1893 1742 1933 hominis:
1770 1894 1861 1943 Dei,
1882 1906 1962 1944 quo
1980 1908 2049 1944 per

102 1947 302 1984 Pastorem
344 1945 504 1995 exponit
545 1947 709 1985 verbum
751 1958 885 1996 suum,
928 1958 1018 1986 eum
1054 1945 1223 1997 dirigens
1261 1949 1339 2007 qua
1364 1948 1488 1986 verbo
1520 1959 1592 1986 suo
1621 1946 1810 1986 tenaciter
1839 1948 2050 1998 adhaeret,

101 1999 215 2058 sibiq.
243 1998 418 2037 officium
446 1999 726 2038 demandatum
754 2000 973 2050 exequitur:
1002 1999 1193 2052 hominis,
1219 2000 1286 2051 qui
1310 2000 1406 2040 illud
1423 2000 1583 2051 exponit
1598 2000 1814 2040 secundum
1830 2000 1902 2040 sibi
1919 1978 2051 2039 datarri

103 2051 324 2101 scientiam,
352 2054 497 2103 zelum,
524 2058 758 2103 caeteraque
786 2054 904 2093 dona.
936 2054 1041 2103 Eph.
1071 2066 1107 2101 4.
1142 2065 1175 2102 7.

155 2119 217 2152 40.
274 2082 382 2144 Hinc
410 2107 473 2157 fit,
502 2113 542 2144 vt
571 2108 651 2156 quo
680 2106 812 2156 purior
839 2107 910 2146 erit
936 2105 1221 2146 administratio
1249 2107 1380 2158 verbi,
1409 2109 1444 2146 &
1475 2108 1820 2146 Sacramentorum
1836 2107 2052 2145 secundum

101 2159 282 2196 ordinem
310 2161 334 2196 a
360 2160 448 2197 Deo
476 2158 713 2209 institutum,
741 2161 777 2198 δι
805 2167 924 2211 prout
950 2162 974 2199 a
1001 2160 1178 2199 Domino
1206 2162 1387 2199 Pastores
1412 2160 1625 2211 accepere,
1655 2162 1701 2198 eo
1724 2159 1858 2210 purior
1873 2160 2051 2199 Ecclesia

110 2213 242 2249 futura
269 2212 328 2250 sit.
361 2226 392 2250 1.
426 2214 512 2251 Cor.
547 2226 606 2251 11.
639 2226 657 2250 2
692 2244 699 2251 .

160 2277 223 2312 41.
279 2266 372 2303 Hoc
399 2273 529 2304 autem
563 2225 690 2315 prob{
716 2265 836 2304 scitur
858 2265 1193 2317 contemplatione
1221 2265 1466 2305 instrumenti
1492 2265 1793 2305 fundamentalis
1820 2266 1932 2317 regni
1958 2267 2054 2316 Dei,

99 2330 240 2367 nempe
282 2318 504 2368 Scripturae
539 2320 703 2369 Sacrae,
740 2320 883 2359 locum.
923 2330 957 2370 5.
989 2332 1051 2370 39.
1081 2333 1151 2370 per
1178 2331 1297 2369 quam
1325 2319 1610 2359 administratio
1638 2320 1709 2358 ista
1736 2319 1938 2370 probatur.
1967 2321 2053 2359 Act.

107 2382 164 2418 ¹7·
199 2384 254 2412 11
282 2372 355 2410 Per
383 2378 552 2422 vtrumq.
582 2375 676 2411 vero
706 2372 883 2411 Ecclesia
906 2386 999 2412 vera
1028 2373 1079 2411 ab
1107 2372 1333 2412 adulterinis
1357 2372 1619 2424 dignoscitur.
1652 2374 1769 2411 Vnde
1786 2374 1950 2423 August.
1968 2380 2052 2424 cap.

105 2436 162 2460 12.
193 2425 237 2461 le
265 2426 373 2464 Past.
403 2427 508 2463 nullo
537 2427 647 2463 modo
673 2427 916 2475 cognoscztur
943 2439 1041 2476 quae
1068 2428 1121 2464 sit
1145 2439 1241 2465 vera
1268 2427 1443 2465 Ecclesia
1470 2427 1618 2468 Gllrzsli
1630 2427 1708 2464 ni'u
1723 2432 1797 2475 per
1812 2426 2053 2486 Scripturas.

151 2490 212 2523 42.
272 2479 426 2516 Praeter
455 2477 528 2516 ista
556 2479 607 2517 ad
635 2478 831 2528 officium,
860 2479 1073 2530 decorum,
1102 2479 1137 2516 &
1167 2480 1268 2518 bene
1298 2492 1382 2518 esse
1411 2482 1468 2529 (vt
1495 2481 1657 2528 vocant)
1689 2478 1889 2518 Ecclesiae
1901 2479 2054 2530 ,requi-

99 2529 194 2566 ritur
222 2530 497 2569 mandatorum
527 2531 753 2570 diuinorum
784 2532 1055 2582 obseruantia,
1086 2543 1188 2582 quae
1216 2532 1345 2582 posita
1372 2539 1431 2571 est
1457 2532 1497 2571 in
1525 2532 1692 2583 publicis
1717 2531 1857 2571 officiis
1879 2544 2054 2571 commu-

100 2581 230 2620 nionis
258 2583 458 2635 fidelium,
495 2583 533 2622 in
563 2584 768 2635 disciplina
797 2584 1075 2624 Ecclesiastica
1103 2586 1299 2624 conformi
1329 2587 1367 2625 S.
1397 2585 1637 2636 Scripturae,
1666 2586 1706 2624 in
1735 2585 1874 2624 officiis
1902 2585 2057 2636 pietatis

99 2647 192 2685 erga
221 2637 372 2681 Deum
403 2636 441 2674 in
472 2637 663 2676 exercitiis
696 2637 1002 2688 resipiscentiae,
1028 2639 1064 2676 δε
1091 2639 1287 2677 donorum
1319 2639 1543 2678 diuinorum
1571 2638 1670 2678 seria
1684 2639 1937 2678 meditatione
1951 2639 2056 2689 apud

101 2701 195 2737 nos,
233 2689 362 2739 deniq.
397 2689 435 2727 in
464 2690 605 2729 officiis
633 2691 832 2730 charitatis
859 2693 894 2730 δι
923 2690 1233 2730 mansuetudinis
1261 2705 1353 2743 erga
1379 2692 1602 2745 proximos·
1630 2698 1712 2731 tum
1728 2691 1886 2742 publica
1901 2692 2055 2731 ordina-

101 2739 208 2779 tione
237 2742 479 2794 procuratis,
513 2757 546 2782 1.
582 2745 634 2781 T
617 2757 683 2783 zm
714 2747 749 2783 8.
784 2758 815 2783 1.
847 2751 927 2784 tum
954 2744 1109 2795 priuato
1139 2744 1290 2796 cuiusq.
1320 2745 1463 2786 studio.
1900 2799 1930 2836 P

1790 2811 1854 2848 43.
1932 2805 2056 2837 raeter
