<?xml version="1.0" encoding="UTF-8"?>
<!DOCTYPE html PUBLIC "-//W3C//DTD XHTML 1.0 Transitional//EN"
    "http://www.w3.org/TR/xhtml1/DTD/xhtml1-transitional.dtd">
<html xmlns="http://www.w3.org/1999/xhtml" xml:lang="en" lang="en">
 <head>
  <title>
</title>
<meta http-equiv="Content-Type" content="text/html;charset=utf-8" />
  <meta name='ocr-system' content='tesseract 3.04.00' />
  <meta name='ocr-capabilities' content='ocr_page ocr_carea ocr_par ocr_line ocrx_word'/>
</head>
<body>
  <div class='ocr_page' id='page_1' title='image "./opusculatheologi00juni/opusculatheologi00juni_0123.png"; bbox 0 0 2334 3020; ppageno 0'>
   <div class='ocr_carea' id='block_1_1' title="bbox 818 88 2110 142">
    <p class='ocr_par' dir='ltr' id='par_1_1' title="bbox 818 88 2110 142">
     <span class='ocr_line' id='line_1_1' title="bbox 818 88 2110 142; baseline 0 -13"><span class='ocrx_word' id='word_1_1' title='bbox 818 103 885 129; x_wconf 82' lang='lat' dir='ltr'><strong>DE</strong></span> <span class='ocrx_word' id='word_1_2' title='bbox 924 102 1070 129; x_wconf 82' lang='lat' dir='ltr'>VERA</span> <span class='ocrx_word' id='word_1_3' title='bbox 1109 101 1466 130; x_wconf 82' lang='lat' dir='ltr'><strong>THEOLOGIA.</strong></span> <span class='ocrx_word' id='word_1_4' title='bbox 2047 88 2110 142; x_wconf 74' lang='lat'><strong>93&#39;</strong></span> 
     </span>
    </p>
   </div>
   <div class='ocr_carea' id='block_1_2' title="bbox 176 206 2124 2841">
    <p class='ocr_par' dir='ltr' id='par_1_2' title="bbox 178 206 2111 313">
     <span class='ocr_line' id='line_1_2' title="bbox 178 206 2111 269; baseline -0.001 -19"><span class='ocrx_word' id='word_1_5' title='bbox 178 218 314 250; x_wconf 89' lang='lat' dir='ltr'><strong>natura</strong></span> <span class='ocrx_word' id='word_1_6' title='bbox 340 213 391 251; x_wconf 91' lang='lat' dir='ltr'><strong>ab</strong></span> <span class='ocrx_word' id='word_1_7' title='bbox 419 210 758 262; x_wconf 90' lang='lat' dir='ltr'><strong>imperfectissimo</strong></span> <span class='ocrx_word' id='word_1_8' title='bbox 784 210 910 269; x_wconf 76' lang='lat' dir='ltr'><strong>gradu</strong></span> <span class='ocrx_word' id='word_1_9' title='bbox 939 208 1128 260; x_wconf 89' lang='lat' dir='ltr'><strong>incipiens</strong></span> <span class='ocrx_word' id='word_1_10' title='bbox 1157 210 1314 259; x_wconf 89' lang='lat' dir='ltr'><strong>paulum</strong></span> <span class='ocrx_word' id='word_1_11' title='bbox 1341 209 1545 268; x_wconf 86' lang='lat' dir='ltr'><strong>contendit</strong></span> <span class='ocrx_word' id='word_1_12' title='bbox 1573 209 1623 247; x_wconf 92' lang='lat' dir='ltr'><strong>ad</strong></span> <span class='ocrx_word' id='word_1_13' title='bbox 1652 206 1930 259; x_wconf 87' lang='lat' dir='ltr'><strong>perfectionem</strong></span> <span class='ocrx_word' id='word_1_14' title='bbox 1955 208 2034 257; x_wconf 86' lang='lat' dir='ltr'><strong>sui,</strong></span> <span class='ocrx_word' id='word_1_15' title='bbox 2059 209 2111 248; x_wconf 90' lang='lat' dir='ltr'><strong>ita</strong></span> 
     </span>
     <span class='ocr_line' id='line_1_3' title="bbox 179 260 2111 322; baseline -0.002 -19"><span class='ocrx_word' id='word_1_16' title='bbox 179 264 296 303; x_wconf 89' lang='lat' dir='ltr'><strong>etiam</strong></span> <span class='ocrx_word' id='word_1_17' title='bbox 338 265 411 303; x_wconf 87' lang='lat' dir='ltr'><strong>hae</strong></span> <span class='ocrx_word' id='word_1_18' title='bbox 452 263 624 303; x_wconf 85' lang='lat' dir='ltr'><strong>actiones</strong></span> <span class='ocrx_word' id='word_1_19' title='bbox 664 265 687 301; x_wconf 79' lang='lat' dir='ltr'><strong>a</strong></span> <span class='ocrx_word' id='word_1_20' title='bbox 714 262 940 302; x_wconf 89' lang='lat' dir='ltr'><strong>tenuissimo</strong></span> <span class='ocrx_word' id='word_1_21' title='bbox 977 263 1281 322; x_wconf 79' lang='lat' dir='ltr'><strong>imperfectoque</strong></span> <span class='ocrx_word' id='word_1_22' title='bbox 1311 261 1501 321; x_wconf 83' lang='lat' dir='ltr'><strong>principio</strong></span> <span class='ocrx_word' id='word_1_23' title='bbox 1530 275 1599 312; x_wconf 88' lang='lat' dir='ltr'><strong>per</strong></span> <span class='ocrx_word' id='word_1_24' title='bbox 1625 273 1715 300; x_wconf 89' lang='lat' dir='ltr'><strong>suos</strong></span> <span class='ocrx_word' id='word_1_25' title='bbox 1743 260 1885 311; x_wconf 91' lang='lat' dir='ltr'><strong>gradus</strong></span> <span class='ocrx_word' id='word_1_26' title='bbox 1912 268 2028 311; x_wconf 89' lang='lat' dir='ltr'><strong>atque</strong></span> <span class='ocrx_word' id='word_1_27' title='bbox 2057 262 2111 300; x_wconf 90' lang='lat' dir='ltr'><strong>in</strong></span> 
     </span>
    </p>

    <p class='ocr_par' dir='ltr' id='par_1_3' title="bbox 178 313 2108 366">
     <span class='ocr_line' id='line_1_4' title="bbox 178 313 2108 366; baseline -0.002 -10"><span class='ocrx_word' id='word_1_28' title='bbox 178 324 376 356; x_wconf 90' lang='lat' dir='ltr'><strong>crementa</strong></span> <span class='ocrx_word' id='word_1_29' title='bbox 416 317 455 355; x_wconf 91' lang='lat' dir='ltr'><strong>in</strong></span> <span class='ocrx_word' id='word_1_30' title='bbox 496 316 664 366; x_wconf 87' lang='lat' dir='ltr'><strong>aliquam</strong></span> <span class='ocrx_word' id='word_1_31' title='bbox 705 315 953 366; x_wconf 91' lang='lat' dir='ltr'><strong>perfectionis</strong></span> <span class='ocrx_word' id='word_1_32' title='bbox 995 328 1085 354; x_wconf 90' lang='lat' dir='ltr'><strong>suae</strong></span> <span class='ocrx_word' id='word_1_33' title='bbox 1114 315 1322 366; x_wconf 90' lang='lat' dir='ltr'><strong>imaginem</strong></span> <span class='ocrx_word' id='word_1_34' title='bbox 1351 314 1537 365; x_wconf 87' lang='lat' dir='ltr'><strong>paulatim</strong></span> <span class='ocrx_word' id='word_1_35' title='bbox 1564 314 1702 353; x_wconf 90' lang='lat' dir='ltr'><strong>virtute</strong></span> <span class='ocrx_word' id='word_1_36' title='bbox 1730 313 1805 352; x_wconf 89' lang='lat' dir='ltr'><strong>Dei</strong></span> <span class='ocrx_word' id='word_1_37' title='bbox 1833 314 2108 364; x_wconf 90' lang='lat' dir='ltr'><strong>perducuntur.</strong></span> 
     </span>
    </p>

    <p class='ocr_par' dir='ltr' id='par_1_4' title="bbox 177 367 2108 525">
     <span class='ocr_line' id='line_1_5' title="bbox 179 367 2108 421; baseline -0.001 -13"><span class='ocrx_word' id='word_1_38' title='bbox 179 371 430 421; x_wconf 85' lang='lat' dir='ltr'><strong>Quapropter</strong></span> <span class='ocrx_word' id='word_1_39' title='bbox 456 371 553 408; x_wconf 87' lang='lat' dir='ltr'><strong>haec</strong></span> <span class='ocrx_word' id='word_1_40' title='bbox 580 368 739 418; x_wconf 89' lang='lat' dir='ltr'><strong>quidem</strong></span> <span class='ocrx_word' id='word_1_41' title='bbox 765 368 988 418; x_wconf 86' lang='lat' dir='ltr'><strong>Theologia</strong></span> <span class='ocrx_word' id='word_1_42' title='bbox 1015 368 1053 407; x_wconf 91' lang='lat' dir='ltr'><strong>in</strong></span> <span class='ocrx_word' id='word_1_43' title='bbox 1075 368 1251 407; x_wconf 89' lang='lat' dir='ltr'><strong>subiecto</strong></span> <span class='ocrx_word' id='word_1_44' title='bbox 1266 370 1458 418; x_wconf 82' lang='lat' dir='ltr'><strong>appellata</strong></span> <span class='ocrx_word' id='word_1_45' title='bbox 1472 368 1686 406; x_wconf 79' lang='lat' dir='ltr'><strong>secundum</strong></span> <span class='ocrx_word' id='word_1_46' title='bbox 1701 367 1844 418; x_wconf 90' lang='lat' dir='ltr'><strong>gradus</strong></span> <span class='ocrx_word' id='word_1_47' title='bbox 1859 367 2108 417; x_wconf 89' lang='lat' dir='ltr'><strong>perfectionis</strong></span> 
     </span>
     <span class='ocr_line' id='line_1_6' title="bbox 178 419 2108 481; baseline -0.002 -20"><span class='ocrx_word' id='word_1_48' title='bbox 178 431 244 462; x_wconf 89' lang='lat' dir='ltr'><strong>aut</strong></span> <span class='ocrx_word' id='word_1_49' title='bbox 285 421 588 481; x_wconf 88' lang='lat' dir='ltr'><strong>imperfectionis</strong></span> <span class='ocrx_word' id='word_1_50' title='bbox 627 433 830 472; x_wconf 89' lang='lat' dir='ltr'><strong>nunquam</strong></span> <span class='ocrx_word' id='word_1_51' title='bbox 871 421 1022 460; x_wconf 83' lang='lat' dir='ltr'><strong>definiri</strong></span> <span class='ocrx_word' id='word_1_52' title='bbox 1061 429 1210 472; x_wconf 88' lang='lat' dir='ltr'><strong>potest:</strong></span> <span class='ocrx_word' id='word_1_53' title='bbox 1252 421 1343 471; x_wconf 85' lang='lat' dir='ltr'><strong>quia</strong></span> <span class='ocrx_word' id='word_1_54' title='bbox 1382 427 1462 459; x_wconf 88' lang='lat' dir='ltr'><strong>tam</strong></span> <span class='ocrx_word' id='word_1_55' title='bbox 1500 428 1558 459; x_wconf 88' lang='lat' dir='ltr'><strong>est</strong></span> <span class='ocrx_word' id='word_1_56' title='bbox 1594 419 1716 470; x_wconf 91' lang='lat' dir='ltr'><strong>varia,</strong></span> <span class='ocrx_word' id='word_1_57' title='bbox 1743 421 1860 469; x_wconf 76' lang='lat' dir='ltr'><strong>quam</strong></span> <span class='ocrx_word' id='word_1_58' title='bbox 1889 419 1992 458; x_wconf 88' lang='lat' dir='ltr'><strong>varia</strong></span> <span class='ocrx_word' id='word_1_59' title='bbox 2019 428 2108 460; x_wconf 89' lang='lat' dir='ltr'><strong>sunt</strong></span> 
     </span>
     <span class='ocr_line' id='line_1_7' title="bbox 177 472 2107 525; baseline -0.001 -11"><span class='ocrx_word' id='word_1_60' title='bbox 177 475 352 514; x_wconf 88' lang='lat' dir='ltr'><strong>subiecta</strong></span> <span class='ocrx_word' id='word_1_61' title='bbox 378 474 518 524; x_wconf 89' lang='lat' dir='ltr'><strong>quibus</strong></span> <span class='ocrx_word' id='word_1_62' title='bbox 546 474 645 513; x_wconf 90' lang='lat' dir='ltr'><strong>inest</strong></span> <span class='ocrx_word' id='word_1_63' title='bbox 676 487 744 525; x_wconf 92' lang='lat' dir='ltr'><strong>per</strong></span> <span class='ocrx_word' id='word_1_64' title='bbox 770 475 844 514; x_wconf 91' lang='lat' dir='ltr'><strong>Dei</strong></span> <span class='ocrx_word' id='word_1_65' title='bbox 864 474 1062 525; x_wconf 77' lang='lat' dir='ltr'><strong>Gratiam,</strong></span> <span class='ocrx_word' id='word_1_66' title='bbox 1084 475 1299 514; x_wconf 80' lang='lat' dir='ltr'><strong>secundum</strong></span> <span class='ocrx_word' id='word_1_67' title='bbox 1314 475 1456 524; x_wconf 90' lang='lat' dir='ltr'><strong>gradus</strong></span> <span class='ocrx_word' id='word_1_68' title='bbox 1470 473 1642 524; x_wconf 80' lang='lat' dir='ltr'><strong>singulos</strong></span> <span class='ocrx_word' id='word_1_69' title='bbox 1657 472 1986 522; x_wconf 78' lang='lat' dir='ltr'><strong>imperfectloms</strong></span> <span class='ocrx_word' id='word_1_70' title='bbox 1976 485 2107 523; x_wconf 76' lang='lat' dir='ltr'><strong>ipsms</strong></span> 
     </span>
    </p>

    <p class='ocr_par' dir='ltr' id='par_1_5' title="bbox 176 526 2107 736">
     <span class='ocr_line' id='line_1_8' title="bbox 177 526 2107 578; baseline -0.001 -12"><span class='ocrx_word' id='word_1_71' title='bbox 177 530 458 567; x_wconf 84' lang='lat' dir='ltr'><strong>Verumtamen</strong></span> <span class='ocrx_word' id='word_1_72' title='bbox 486 527 576 578; x_wconf 89' lang='lat' dir='ltr'><strong>quia</strong></span> <span class='ocrx_word' id='word_1_73' title='bbox 606 528 704 566; x_wconf 90' lang='lat' dir='ltr'><strong>haec</strong></span> <span class='ocrx_word' id='word_1_74' title='bbox 733 528 816 578; x_wconf 89' lang='lat' dir='ltr'><strong>ipsa</strong></span> <span class='ocrx_word' id='word_1_75' title='bbox 842 526 1079 578; x_wconf 84' lang='lat' dir='ltr'><strong>Theologia,</strong></span> <span class='ocrx_word' id='word_1_76' title='bbox 1108 534 1190 566; x_wconf 86' lang='lat' dir='ltr'><strong>vtvt</strong></span> <span class='ocrx_word' id='word_1_77' title='bbox 1217 527 1256 565; x_wconf 90' lang='lat' dir='ltr'><strong>in</strong></span> <span class='ocrx_word' id='word_1_78' title='bbox 1283 538 1533 577; x_wconf 88' lang='lat' dir='ltr'><strong>quocumque</strong></span> <span class='ocrx_word' id='word_1_79' title='bbox 1558 533 1633 576; x_wconf 86' lang='lat' dir='ltr'><strong>est,</strong></span> <span class='ocrx_word' id='word_1_80' title='bbox 1657 538 1738 564; x_wconf 92' lang='lat' dir='ltr'><strong>non</strong></span> <span class='ocrx_word' id='word_1_81' title='bbox 1756 532 1814 564; x_wconf 89' lang='lat' dir='ltr'><strong>est</strong></span> <span class='ocrx_word' id='word_1_82' title='bbox 1839 538 1960 576; x_wconf 82' lang='lat' dir='ltr'><strong>magis</strong></span> <span class='ocrx_word' id='word_1_83' title='bbox 1975 539 2014 564; x_wconf 89' lang='grc'><strong>111</strong></span> <span class='ocrx_word' id='word_1_84' title='bbox 2028 527 2107 565; x_wconf 90' lang='lat' dir='ltr'><strong>hoc</strong></span> 
     </span>
     <span class='ocr_line' id='line_1_9' title="bbox 177 577 2106 631; baseline -0.002 -11"><span class='ocrx_word' id='word_1_85' title='bbox 177 580 398 631; x_wconf 90' lang='lat' dir='ltr'><strong>Theologia</strong></span> <span class='ocrx_word' id='word_1_86' title='bbox 425 583 543 630; x_wconf 83' lang='lat' dir='ltr'><strong>quam</strong></span> <span class='ocrx_word' id='word_1_87' title='bbox 570 580 609 619; x_wconf 87' lang='lat' dir='ltr'><strong>in</strong></span> <span class='ocrx_word' id='word_1_88' title='bbox 637 580 723 631; x_wconf 89' lang='lat' dir='ltr'><strong>illo,</strong></span> <span class='ocrx_word' id='word_1_89' title='bbox 752 581 820 620; x_wconf 91' lang='lat' dir='ltr'><strong>sed</strong></span> <span class='ocrx_word' id='word_1_90' title='bbox 848 582 997 619; x_wconf 77' lang='lat' dir='ltr'><strong>tantum</strong></span> <span class='ocrx_word' id='word_1_91' title='bbox 1026 579 1150 619; x_wconf 89' lang='lat' dir='ltr'><strong>maior</strong></span> <span class='ocrx_word' id='word_1_92' title='bbox 1163 586 1229 618; x_wconf 91' lang='lat' dir='ltr'><strong>aut</strong></span> <span class='ocrx_word' id='word_1_93' title='bbox 1243 580 1371 619; x_wconf 92' lang='lat' dir='ltr'><strong>minor</strong></span> <span class='ocrx_word' id='word_1_94' title='bbox 1386 579 1652 618; x_wconf 86' lang='lat' dir='ltr'><strong>consideratur</strong></span> <span class='ocrx_word' id='word_1_95' title='bbox 1665 591 1738 628; x_wconf 92' lang='lat' dir='ltr'><strong>pro</strong></span> <span class='ocrx_word' id='word_1_96' title='bbox 1753 577 1903 616; x_wconf 88' lang='lat' dir='ltr'><strong>ratione</strong></span> <span class='ocrx_word' id='word_1_97' title='bbox 1919 579 1960 627; x_wconf 90' lang='lat' dir='ltr'><strong>(f.</strong></span> <span class='ocrx_word' id='word_1_98' title='bbox 1980 581 2106 626; x_wconf 90' lang='lat'>1416)</span> 
     </span>
     <span class='ocr_line' id='line_1_10' title="bbox 176 631 2106 693; baseline -0.001 -21"><span class='ocrx_word' id='word_1_99' title='bbox 176 633 416 693; x_wconf 79' lang='lat' dir='ltr'><strong>singulorum</strong></span> <span class='ocrx_word' id='word_1_100' title='bbox 444 640 599 683; x_wconf 89' lang='lat' dir='ltr'><strong>captus:</strong></span> <span class='ocrx_word' id='word_1_101' title='bbox 629 633 975 682; x_wconf 85' lang='lat' dir='ltr'><strong>Quemadmodum</strong></span> <span class='ocrx_word' id='word_1_102' title='bbox 1004 633 1187 683; x_wconf 86' lang='lat' dir='ltr'><strong>(exempli</strong></span> <span class='ocrx_word' id='word_1_103' title='bbox 1216 636 1346 682; x_wconf 83' lang='lat' dir='ltr'><strong>causa)</strong></span> <span class='ocrx_word' id='word_1_104' title='bbox 1373 634 1534 671; x_wconf 89' lang='lat' dir='ltr'><strong>breuem</strong></span> <span class='ocrx_word' id='word_1_105' title='bbox 1554 643 1742 681; x_wconf 89' lang='lat' dir='ltr'><strong>quercum</strong></span> <span class='ocrx_word' id='word_1_106' title='bbox 1770 643 1851 669; x_wconf 88' lang='lat' dir='ltr'><strong>non</strong></span> <span class='ocrx_word' id='word_1_107' title='bbox 1872 631 2021 681; x_wconf 88' lang='lat' dir='ltr'><strong>minus,</strong></span> <span class='ocrx_word' id='word_1_108' title='bbox 2036 631 2106 670; x_wconf 91' lang='lat' dir='ltr'><strong>sed</strong></span> 
     </span>
     <span class='ocr_line' id='line_1_11' title="bbox 177 683 2108 745; baseline -0.002 -20"><span class='ocrx_word' id='word_1_109' title='bbox 177 687 369 725; x_wconf 90' lang='lat' dir='ltr'><strong>minorem</strong></span> <span class='ocrx_word' id='word_1_110' title='bbox 403 699 487 725; x_wconf 91' lang='lat' dir='ltr'><strong>esse</strong></span> <span class='ocrx_word' id='word_1_111' title='bbox 510 698 697 745; x_wconf 85' lang='lat' dir='ltr'><strong>quercum</strong></span> <span class='ocrx_word' id='word_1_112' title='bbox 720 686 904 737; x_wconf 87' lang='lat' dir='ltr'><strong>dicimus</strong></span> <span class='ocrx_word' id='word_1_113' title='bbox 926 688 1044 736; x_wconf 75' lang='lat' dir='ltr'><strong>quam</strong></span> <span class='ocrx_word' id='word_1_114' title='bbox 1064 688 1184 725; x_wconf 88' lang='lat' dir='ltr'><strong>altera</strong></span> <span class='ocrx_word' id='word_1_115' title='bbox 1203 699 1368 736; x_wconf 88' lang='lat' dir='ltr'><strong>procera</strong></span> <span class='ocrx_word' id='word_1_116' title='bbox 1380 685 1447 724; x_wconf 88' lang='lat' dir='ltr'><strong>sit:</strong></span> <span class='ocrx_word' id='word_1_117' title='bbox 1472 687 1680 735; x_wconf 83' lang='lat' dir='ltr'><strong>Propterea</strong></span> <span class='ocrx_word' id='word_1_118' title='bbox 1694 683 1977 734; x_wconf 87' lang='lat' dir='ltr'><strong>Theologiam</strong></span> <span class='ocrx_word' id='word_1_119' title='bbox 1967 697 2006 722; x_wconf 91' lang='lat' dir='ltr'><strong>m</strong></span> <span class='ocrx_word' id='word_1_120' title='bbox 2020 685 2108 722; x_wconf 89' lang='lat' dir='ltr'><strong>sub-</strong></span> 
     </span>
    </p>

    <p class='ocr_par' dir='ltr' id='par_1_6' title="bbox 176 736 2112 894">
     <span class='ocr_line' id='line_1_12' title="bbox 176 736 2111 790; baseline -0.002 -12"><span class='ocrx_word' id='word_1_121' title='bbox 176 739 279 778; x_wconf 92' lang='lat' dir='ltr'><strong>iecto</strong></span> <span class='ocrx_word' id='word_1_122' title='bbox 308 739 523 778; x_wconf 88' lang='lat' dir='ltr'><strong>secundum</strong></span> <span class='ocrx_word' id='word_1_123' title='bbox 545 739 751 779; x_wconf 83' lang='lat' dir='ltr'><strong>essentiam</strong></span> <span class='ocrx_word' id='word_1_124' title='bbox 779 739 897 790; x_wconf 91' lang='lat' dir='ltr'><strong>ipsius</strong></span> <span class='ocrx_word' id='word_1_125' title='bbox 924 739 1014 778; x_wconf 89' lang='lat' dir='ltr'><strong>licet</strong></span> <span class='ocrx_word' id='word_1_126' title='bbox 1028 738 1165 789; x_wconf 87' lang='lat' dir='ltr'><strong>aliquo</strong></span> <span class='ocrx_word' id='word_1_127' title='bbox 1178 747 1295 789; x_wconf 91' lang='lat' dir='ltr'><strong>pacto</strong></span> <span class='ocrx_word' id='word_1_128' title='bbox 1311 738 1472 778; x_wconf 86' lang='lat' dir='ltr'><strong>definire</strong></span> <span class='ocrx_word' id='word_1_129' title='bbox 1487 738 1583 776; x_wconf 89' lang='lat' dir='ltr'><strong>citra</strong></span> <span class='ocrx_word' id='word_1_130' title='bbox 1597 736 1900 787; x_wconf 90' lang='lat' dir='ltr'><strong>imperfectionis</strong></span> <span class='ocrx_word' id='word_1_131' title='bbox 1915 736 2028 776; x_wconf 89' lang='lat' dir='ltr'><strong>huius</strong></span> <span class='ocrx_word' id='word_1_132' title='bbox 2043 737 2111 775; x_wconf 89' lang='lat' dir='ltr'><strong>dif-</strong></span> 
     </span>
     <span class='ocr_line' id='line_1_13' title="bbox 177 790 2112 842; baseline -0.002 -11"><span class='ocrx_word' id='word_1_133' title='bbox 177 792 333 831; x_wconf 89' lang='lat' dir='ltr'><strong>ferentis</strong></span> <span class='ocrx_word' id='word_1_134' title='bbox 363 792 711 842; x_wconf 85' lang='lat' dir='ltr'><strong>comparationem.</strong></span> <span class='ocrx_word' id='word_1_135' title='bbox 739 794 842 831; x_wconf 90' lang='lat' dir='ltr'><strong>Nam</strong></span> <span class='ocrx_word' id='word_1_136' title='bbox 869 792 982 831; x_wconf 88' lang='lat' dir='ltr'><strong>etiam</strong></span> <span class='ocrx_word' id='word_1_137' title='bbox 1013 792 1148 831; x_wconf 90' lang='lat' dir='ltr'><strong>docuit</strong></span> <span class='ocrx_word' id='word_1_138' title='bbox 1174 804 1247 830; x_wconf 92' lang='lat' dir='ltr'><strong>nos</strong></span> <span class='ocrx_word' id='word_1_139' title='bbox 1275 791 1450 830; x_wconf 90' lang='lat' dir='ltr'><strong>Christus</strong></span> <span class='ocrx_word' id='word_1_140' title='bbox 1477 791 1618 841; x_wconf 88' lang='lat' dir='ltr'><strong>fidem,</strong></span> <span class='ocrx_word' id='word_1_141' title='bbox 1646 801 1746 839; x_wconf 87' lang='lat' dir='ltr'><strong>quae</strong></span> <span class='ocrx_word' id='word_1_142' title='bbox 1775 801 1864 828; x_wconf 90' lang='lat' dir='ltr'><strong>cum</strong></span> <span class='ocrx_word' id='word_1_143' title='bbox 1891 790 2112 840; x_wconf 88' lang='lat' dir='ltr'><strong>Theologia</strong></span> 
     </span>
     <span class='ocr_line' id='line_1_14' title="bbox 176 842 2111 894; baseline -0.002 -10"><span class='ocrx_word' id='word_1_144' title='bbox 176 847 252 884; x_wconf 86' lang='lat' dir='ltr'><strong>hac</strong></span> <span class='ocrx_word' id='word_1_145' title='bbox 280 845 509 884; x_wconf 86' lang='lat' dir='ltr'><strong>relationem</strong></span> <span class='ocrx_word' id='word_1_146' title='bbox 535 846 655 884; x_wconf 91' lang='lat' dir='ltr'><strong>habet</strong></span> <span class='ocrx_word' id='word_1_147' title='bbox 683 844 959 894; x_wconf 88' lang='lat' dir='ltr'><strong>necessariam,</strong></span> <span class='ocrx_word' id='word_1_148' title='bbox 987 858 1068 884; x_wconf 93' lang='lat' dir='ltr'><strong>non</strong></span> <span class='ocrx_word' id='word_1_149' title='bbox 1097 846 1184 894; x_wconf 88' lang='lat' dir='ltr'><strong>plus</strong></span> <span class='ocrx_word' id='word_1_150' title='bbox 1211 851 1277 882; x_wconf 90' lang='lat' dir='ltr'><strong>aut</strong></span> <span class='ocrx_word' id='word_1_151' title='bbox 1306 844 1434 882; x_wconf 89' lang='lat' dir='ltr'><strong>minus</strong></span> <span class='ocrx_word' id='word_1_152' title='bbox 1462 844 1597 894; x_wconf 88' lang='lat' dir='ltr'><strong>fidem,</strong></span> <span class='ocrx_word' id='word_1_153' title='bbox 1619 843 1687 881; x_wconf 92' lang='lat' dir='ltr'><strong>sed</strong></span> <span class='ocrx_word' id='word_1_154' title='bbox 1708 842 1894 881; x_wconf 87' lang='lat' dir='ltr'><strong>maiorem</strong></span> <span class='ocrx_word' id='word_1_155' title='bbox 1909 849 1974 881; x_wconf 86' lang='lat' dir='ltr'><strong>aut</strong></span> <span class='ocrx_word' id='word_1_156' title='bbox 1989 842 2111 881; x_wconf 91' lang='lat' dir='ltr'><strong>mino-</strong></span> 
     </span>
    </p>

    <p class='ocr_par' dir='ltr' id='par_1_7' title="bbox 179 895 2112 949">
     <span class='ocr_line' id='line_1_15' title="bbox 179 895 2112 949; baseline -0.001 -13"><span class='ocrx_word' id='word_1_157' title='bbox 179 911 262 937; x_wconf 88' lang='lat' dir='ltr'><strong>rem</strong></span> <span class='ocrx_word' id='word_1_158' title='bbox 303 911 375 949; x_wconf 85' lang='lat' dir='ltr'><strong>pro</strong></span> <span class='ocrx_word' id='word_1_159' title='bbox 416 897 566 937; x_wconf 90' lang='lat' dir='ltr'><strong>ratione</strong></span> <span class='ocrx_word' id='word_1_160' title='bbox 601 898 865 937; x_wconf 90' lang='lat' dir='ltr'><strong>subiectorum</strong></span> <span class='ocrx_word' id='word_1_161' title='bbox 900 911 1004 946; x_wconf 90' lang='lat' dir='ltr'><strong>esse,</strong></span> <span class='ocrx_word' id='word_1_162' title='bbox 1042 910 1133 935; x_wconf 85' lang='lat' dir='ltr'><strong>curn</strong></span> <span class='ocrx_word' id='word_1_163' title='bbox 1161 896 1309 936; x_wconf 90' lang='lat' dir='ltr'><strong>diceret</strong></span> <span class='ocrx_word' id='word_1_164' title='bbox 1336 895 1559 946; x_wconf 81' lang='lat' dir='ltr'><strong>Apostolis,</strong></span> <span class='ocrx_word' id='word_1_165' title='bbox 1590 895 1622 934; x_wconf 92' lang='lat' dir='ltr'><strong>si</strong></span> <span class='ocrx_word' id='word_1_166' title='bbox 1648 895 1822 934; x_wconf 89' lang='lat' dir='ltr'><strong>habeatis</strong></span> <span class='ocrx_word' id='word_1_167' title='bbox 1846 895 1965 934; x_wconf 89' lang='lat' dir='ltr'><strong>fidem</strong></span> <span class='ocrx_word' id='word_1_168' title='bbox 1993 907 2112 945; x_wconf 89' lang='lat' dir='ltr'><strong>quan-</strong></span> 
     </span>
    </p>

    <p class='ocr_par' dir='ltr' id='par_1_8' title="bbox 180 948 2115 1002">
     <span class='ocr_line' id='line_1_16' title="bbox 180 948 2115 1002; baseline -0.002 -12"><span class='ocrx_word' id='word_1_169' title='bbox 180 953 304 990; x_wconf 92' lang='lat' dir='ltr'><strong>tulum</strong></span> <span class='ocrx_word' id='word_1_170' title='bbox 333 958 392 991; x_wconf 89' lang='lat' dir='ltr'><strong>est</strong></span> <span class='ocrx_word' id='word_1_171' title='bbox 418 962 583 1002; x_wconf 92' lang='lat' dir='ltr'><strong>granum</strong></span> <span class='ocrx_word' id='word_1_172' title='bbox 610 951 752 1001; x_wconf 77' lang='lat' dir='ltr'><strong>sinapi,</strong></span> <span class='ocrx_word' id='word_1_173' title='bbox 782 950 919 990; x_wconf 90' lang='lat' dir='ltr'><strong>dicetis</strong></span> <span class='ocrx_word' id='word_1_174' title='bbox 946 950 1038 989; x_wconf 93' lang='lat' dir='ltr'><strong>huic</strong></span> <span class='ocrx_word' id='word_1_175' title='bbox 1064 949 1207 999; x_wconf 83' lang='lat' dir='ltr'><strong>monti,</strong></span> <span class='ocrx_word' id='word_1_176' title='bbox 1235 949 1514 999; x_wconf 87' lang='lat' dir='ltr'><strong>transgreditor</strong></span> <span class='ocrx_word' id='word_1_177' title='bbox 1534 948 1626 986; x_wconf 90' lang='lat' dir='ltr'><strong>hinc</strong></span> <span class='ocrx_word' id='word_1_178' title='bbox 1654 948 1764 990; x_wconf 90' lang='lat' dir='ltr'><strong>illuc</strong></span> <span class='ocrx_word' id='word_1_179' title='bbox 1796 951 1831 986; x_wconf 72' lang='grc' dir='ltr'><strong>δε</strong></span> <span class='ocrx_word' id='word_1_180' title='bbox 1860 948 2115 999; x_wconf 88' lang='lat' dir='ltr'><strong>demigrabit,</strong></span> 
     </span>
    </p>

    <p class='ocr_par' dir='ltr' id='par_1_9' title="bbox 178 1001 2122 1530">
     <span class='ocr_line' id='line_1_17' title="bbox 181 1001 2115 1060; baseline -0.002 -17"><span class='ocrx_word' id='word_1_181' title='bbox 181 1006 253 1043; x_wconf 82' lang='lat' dir='ltr'><strong>&amp;c.</strong></span> <span class='ocrx_word' id='word_1_182' title='bbox 281 1005 428 1043; x_wconf 72' lang='lat' dir='ltr'><strong>Matth.</strong></span> <span class='ocrx_word' id='word_1_183' title='bbox 461 1015 520 1052; x_wconf 89' lang='lat'><strong>17.</strong></span> <span class='ocrx_word' id='word_1_184' title='bbox 550 1018 610 1042; x_wconf 91' lang='lat'><strong>20.</strong></span> <span class='ocrx_word' id='word_1_185' title='bbox 652 1006 769 1044; x_wconf 87' lang='lat' dir='ltr'><strong>Hanc</strong></span> <span class='ocrx_word' id='word_1_186' title='bbox 802 1004 932 1053; x_wconf 89' lang='lat' dir='ltr'><strong>itaque</strong></span> <span class='ocrx_word' id='word_1_187' title='bbox 970 1002 1160 1041; x_wconf 90' lang='lat' dir='ltr'><strong>rationem</strong></span> <span class='ocrx_word' id='word_1_188' title='bbox 1188 1003 1399 1052; x_wconf 85' lang='lat' dir='ltr'><strong>prudenter</strong></span> <span class='ocrx_word' id='word_1_189' title='bbox 1427 1003 1699 1060; x_wconf 84' lang='lat' dir='ltr'><strong>obseruantes,</strong></span> <span class='ocrx_word' id='word_1_190' title='bbox 1727 1001 1987 1050; x_wconf 86' lang='lat' dir='ltr'><strong>Theologiam</strong></span> <span class='ocrx_word' id='word_1_191' title='bbox 2013 1002 2115 1039; x_wconf 89' lang='lat' dir='ltr'><strong>hanc</strong></span> 
     </span>
     <span class='ocr_line' id='line_1_18' title="bbox 178 1053 2117 1107; baseline -0.003 -11"><span class='ocrx_word' id='word_1_192' title='bbox 178 1064 354 1096; x_wconf 90' lang='lat' dir='ltr'><strong>nostram</strong></span> <span class='ocrx_word' id='word_1_193' title='bbox 383 1060 498 1106; x_wconf 89' lang='lat' dir='ltr'><strong>(quae</strong></span> <span class='ocrx_word' id='word_1_194' title='bbox 526 1056 773 1107; x_wconf 87' lang='lat' dir='ltr'><strong>Theologia·</strong></span> <span class='ocrx_word' id='word_1_195' title='bbox 763 1069 803 1095; x_wconf 89' lang='grc'><strong>111</strong></span> <span class='ocrx_word' id='word_1_196' title='bbox 831 1056 1006 1094; x_wconf 91' lang='lat' dir='ltr'><strong>subiecto</strong></span> <span class='ocrx_word' id='word_1_197' title='bbox 1036 1055 1191 1104; x_wconf 90' lang='lat' dir='ltr'><strong>dicitur)</strong></span> <span class='ocrx_word' id='word_1_198' title='bbox 1220 1054 1424 1093; x_wconf 89' lang='lat' dir='ltr'><strong>definimus</strong></span> <span class='ocrx_word' id='word_1_199' title='bbox 1452 1053 1491 1092; x_wconf 93' lang='lat' dir='ltr'><strong>in</strong></span> <span class='ocrx_word' id='word_1_200' title='bbox 1516 1054 2117 1092; x_wconf 64' lang='lat' dir='ltr'><strong>huncmodum.leesxxx1v.</strong></span> 
     </span>
     <span class='ocr_line' id='line_1_19' title="bbox 187 1108 2122 1159; baseline -0.002 -11"><span class='ocrx_word' id='word_1_201' title='bbox 187 1112 226 1148; x_wconf 87' lang='grc' dir='ltr'><em>Τ</em></span> <span class='ocrx_word' id='word_1_202' title='bbox 220 1112 396 1159; x_wconf 75' lang='lat' dir='ltr'><strong>lceologza</strong></span> <span class='ocrx_word' id='word_1_203' title='bbox 423 1115 559 1148; x_wconf 67' lang='lat' dir='ltr'><strong>nostra</strong></span> <span class='ocrx_word' id='word_1_204' title='bbox 587 1111 788 1148; x_wconf 71' lang='lat' dir='ltr'><strong>secundum</strong></span> <span class='ocrx_word' id='word_1_205' title='bbox 817 1111 915 1159; x_wconf 78' lang='lat' dir='ltr'><strong>quid</strong></span> <span class='ocrx_word' id='word_1_206' title='bbox 936 1121 1015 1147; x_wconf 72' lang='lat' dir='ltr'><strong>szue</strong></span> <span class='ocrx_word' id='word_1_207' title='bbox 1045 1109 1256 1157; x_wconf 77' lang='lat' dir='ltr'><strong>Theologza</strong></span> <span class='ocrx_word' id='word_1_208' title='bbox 1284 1122 1323 1145; x_wconf 81' lang='lat' dir='ltr'><strong>m</strong></span> <span class='ocrx_word' id='word_1_209' title='bbox 1338 1109 1501 1146; x_wconf 81' lang='lat' dir='ltr'><strong>subiecto</strong></span> <span class='ocrx_word' id='word_1_210' title='bbox 1516 1108 1635 1155; x_wconf 72' lang='lat' dir='ltr'><strong>decta,</strong></span> <span class='ocrx_word' id='word_1_211' title='bbox 1651 1111 1708 1144; x_wconf 80' lang='lat' dir='ltr'><strong>est</strong></span> <span class='ocrx_word' id='word_1_212' title='bbox 1721 1108 1791 1144; x_wconf 74' lang='lat' dir='ltr'><strong>illa</strong></span> <span class='ocrx_word' id='word_1_213' title='bbox 1805 1108 1932 1144; x_wconf 80' lang='lat' dir='ltr'><strong>eadem</strong></span> <span class='ocrx_word' id='word_1_214' title='bbox 1948 1109 2122 1156; x_wconf 75' lang='lat' dir='ltr'><strong>sapzcnta</strong></span> 
     </span>
     <span class='ocr_line' id='line_1_20' title="bbox 179 1159 2123 1214; baseline -0.001 -14"><span class='ocrx_word' id='word_1_215' title='bbox 179 1177 311 1201; x_wconf 77' lang='lat' dir='ltr'><strong>rerum</strong></span> <span class='ocrx_word' id='word_1_216' title='bbox 338 1164 584 1214; x_wconf 66' lang='lat' dir='ltr'><strong>di&#39;umcwum,</strong></span> <span class='ocrx_word' id='word_1_217' title='bbox 611 1163 832 1213; x_wconf 80' lang='lat' dir='ltr'><strong>modificata</strong></span> <span class='ocrx_word' id='word_1_218' title='bbox 850 1168 932 1211; x_wconf 84' lang='lat' dir='ltr'><strong>pro</strong></span> <span class='ocrx_word' id='word_1_219' title='bbox 958 1163 1109 1199; x_wconf 78' lang='lat' dir='ltr'><strong>ratzone</strong></span> <span class='ocrx_word' id='word_1_220' title='bbox 1136 1173 1265 1199; x_wconf 82' lang='lat' dir='ltr'><strong>eorum</strong></span> <span class='ocrx_word' id='word_1_221' title='bbox 1295 1161 1488 1198; x_wconf 78' lang='lat' dir='ltr'><strong>hommum</strong></span> <span class='ocrx_word' id='word_1_222' title='bbox 1517 1161 1648 1208; x_wconf 62' lang='lat' dir='ltr'><strong>qulbus</strong></span> <span class='ocrx_word' id='word_1_223' title='bbox 1663 1161 1778 1207; x_wconf 82' lang='lat' dir='ltr'><strong>mest,</strong></span> <span class='ocrx_word' id='word_1_224' title='bbox 1803 1159 1853 1196; x_wconf 52' lang='grc' dir='ltr'><strong>ἐφ’</strong></span> <span class='ocrx_word' id='word_1_225' title='bbox 1867 1172 1913 1196; x_wconf 79' lang='lat' dir='ltr'><strong>cx</strong></span> <span class='ocrx_word' id='word_1_226' title='bbox 1926 1173 2002 1209; x_wconf 80' lang='lat' dir='ltr'><strong>qua</strong></span> <span class='ocrx_word' id='word_1_227' title='bbox 2028 1162 2068 1197; x_wconf 84' lang='lat' dir='ltr'><em>T</em></span> <span class='ocrx_word' id='word_1_228' title='bbox 2063 1161 2123 1198; x_wconf 65' lang='lat' dir='ltr'><strong>lae</strong></span> 
     </span>
     <span class='ocr_line' id='line_1_21' title="bbox 181 1211 2122 1267; baseline -0.002 -13"><span class='ocrx_word' id='word_1_229' title='bbox 181 1218 287 1265; x_wconf 79' lang='lat' dir='ltr'><strong>ologi</strong></span> <span class='ocrx_word' id='word_1_230' title='bbox 323 1218 584 1267; x_wconf 76' lang='lat' dir='ltr'><strong>appellantur.</strong></span> <span class='ocrx_word' id='word_1_231' title='bbox 627 1216 688 1253; x_wconf 88' lang='lat' dir='ltr'><strong>Ex</strong></span> <span class='ocrx_word' id='word_1_232' title='bbox 726 1215 801 1252; x_wconf 85' lang='lat' dir='ltr'><strong>hac</strong></span> <span class='ocrx_word' id='word_1_233' title='bbox 834 1213 1061 1253; x_wconf 89' lang='lat' dir='ltr'><strong>definitione</strong></span> <span class='ocrx_word' id='word_1_234' title='bbox 1098 1213 1210 1252; x_wconf 80' lang='lat' dir='ltr'><strong>facile</strong></span> <span class='ocrx_word' id='word_1_235' title='bbox 1239 1212 1428 1263; x_wconf 88' lang='lat' dir='ltr'><strong>cognosci</strong></span> <span class='ocrx_word' id='word_1_236' title='bbox 1457 1218 1610 1262; x_wconf 87' lang='lat' dir='ltr'><strong>potest,</strong></span> <span class='ocrx_word' id='word_1_237' title='bbox 1638 1211 1732 1261; x_wconf 89' lang='lat' dir='ltr'><strong>quid</strong></span> <span class='ocrx_word' id='word_1_238' title='bbox 1759 1211 1850 1249; x_wconf 89' lang='lat' dir='ltr'><strong>huie</strong></span> <span class='ocrx_word' id='word_1_239' title='bbox 1877 1212 2122 1262; x_wconf 85' lang='lat' dir='ltr'><strong>Theologiae</strong></span> 
     </span>
     <span class='ocr_line' id='line_1_22' title="bbox 181 1264 2123 1316; baseline -0.002 -9"><span class='ocrx_word' id='word_1_240' title='bbox 181 1281 273 1307; x_wconf 90' lang='lat' dir='ltr'><strong>cum</strong></span> <span class='ocrx_word' id='word_1_241' title='bbox 312 1268 377 1306; x_wconf 91' lang='lat' dir='ltr'><strong>illa</strong></span> <span class='ocrx_word' id='word_1_242' title='bbox 411 1275 545 1307; x_wconf 91' lang='lat' dir='ltr'><strong>nostra</strong></span> <span class='ocrx_word' id='word_1_243' title='bbox 579 1269 757 1307; x_wconf 78' lang='lat' dir='ltr'><strong>absolute</strong></span> <span class='ocrx_word' id='word_1_244' title='bbox 789 1266 894 1305; x_wconf 91' lang='lat' dir='ltr'><strong>dicta</strong></span> <span class='ocrx_word' id='word_1_245' title='bbox 922 1278 1135 1305; x_wconf 87' lang='lat' dir='ltr'><strong>commune</strong></span> <span class='ocrx_word' id='word_1_246' title='bbox 1164 1265 1232 1314; x_wconf 82' lang='lat' dir='ltr'><strong>sit,</strong></span> <span class='ocrx_word' id='word_1_247' title='bbox 1263 1268 1298 1305; x_wconf 85' lang='lat'>&amp;</span> <span class='ocrx_word' id='word_1_248' title='bbox 1325 1265 1419 1316; x_wconf 90' lang='lat' dir='ltr'><strong>quid</strong></span> <span class='ocrx_word' id='word_1_249' title='bbox 1447 1266 1497 1304; x_wconf 90' lang='lat' dir='ltr'><strong>ab</strong></span> <span class='ocrx_word' id='word_1_250' title='bbox 1525 1278 1571 1303; x_wconf 86' lang='lat' dir='ltr'><strong>ea</strong></span> <span class='ocrx_word' id='word_1_251' title='bbox 1597 1264 1803 1314; x_wconf 88' lang='lat' dir='ltr'><strong>discrepet.</strong></span> <span class='ocrx_word' id='word_1_252' title='bbox 1833 1264 1989 1303; x_wconf 90' lang='lat' dir='ltr'><strong>Etenim</strong></span> <span class='ocrx_word' id='word_1_253' title='bbox 2017 1278 2123 1304; x_wconf 91' lang='lat' dir='ltr'><strong>com-</strong></span> 
     </span>
     <span class='ocr_line' id='line_1_23' title="bbox 181 1317 2120 1380; baseline -0.002 -20"><span class='ocrx_word' id='word_1_254' title='bbox 181 1321 314 1360; x_wconf 90' lang='lat' dir='ltr'><strong>munia</strong></span> <span class='ocrx_word' id='word_1_255' title='bbox 341 1328 540 1380; x_wconf 82' lang='lat' dir='ltr'><strong>ponuntur</strong></span> <span class='ocrx_word' id='word_1_256' title='bbox 567 1321 665 1371; x_wconf 93' lang='lat' dir='ltr'><strong>duo,</strong></span> <span class='ocrx_word' id='word_1_257' title='bbox 695 1331 818 1370; x_wconf 89' lang='lat' dir='ltr'><strong>genus</strong></span> <span class='ocrx_word' id='word_1_258' title='bbox 845 1321 881 1357; x_wconf 87' lang='lat'>&amp;</span> <span class='ocrx_word' id='word_1_259' title='bbox 911 1319 1158 1370; x_wconf 89' lang='lat' dir='ltr'><strong>communis,</strong></span> <span class='ocrx_word' id='word_1_260' title='bbox 1186 1325 1228 1358; x_wconf 90' lang='lat' dir='ltr'><strong>vt</strong></span> <span class='ocrx_word' id='word_1_261' title='bbox 1250 1325 1415 1370; x_wconf 89' lang='lat' dir='ltr'><strong>vocant,</strong></span> <span class='ocrx_word' id='word_1_262' title='bbox 1437 1317 1663 1357; x_wconf 84' lang='lat' dir='ltr'><strong>differentia.</strong></span> <span class='ocrx_word' id='word_1_263' title='bbox 1693 1318 1830 1356; x_wconf 89' lang='lat' dir='ltr'><strong>Genus</strong></span> <span class='ocrx_word' id='word_1_264' title='bbox 1844 1324 1902 1356; x_wconf 92' lang='lat' dir='ltr'><strong>est</strong></span> <span class='ocrx_word' id='word_1_265' title='bbox 1915 1317 2120 1368; x_wconf 76' lang='lat' dir='ltr'><strong>sapientia,</strong></span> 
     </span>
     <span class='ocr_line' id='line_1_24' title="bbox 181 1370 2119 1424; baseline -0.002 -11"><span class='ocrx_word' id='word_1_266' title='bbox 181 1375 231 1413; x_wconf 92' lang='lat' dir='ltr'><strong>de</strong></span> <span class='ocrx_word' id='word_1_267' title='bbox 267 1385 346 1424; x_wconf 91' lang='lat' dir='ltr'><strong>quo</strong></span> <span class='ocrx_word' id='word_1_268' title='bbox 374 1373 414 1412; x_wconf 92' lang='lat' dir='ltr'><strong>in</strong></span> <span class='ocrx_word' id='word_1_269' title='bbox 442 1373 569 1424; x_wconf 86' lang='lat' dir='ltr'><strong>capite</strong></span> <span class='ocrx_word' id='word_1_270' title='bbox 596 1373 771 1413; x_wconf 90' lang='lat' dir='ltr'><strong>secundo</strong></span> <span class='ocrx_word' id='word_1_271' title='bbox 799 1372 877 1411; x_wconf 86' lang='lat' dir='ltr'><strong>iarn</strong></span> <span class='ocrx_word' id='word_1_272' title='bbox 905 1375 994 1411; x_wconf 79' lang='lat' dir='ltr'><strong>ante</strong></span> <span class='ocrx_word' id='word_1_273' title='bbox 1023 1371 1202 1411; x_wconf 85' lang='lat' dir='ltr'><strong>diximus.</strong></span> <span class='ocrx_word' id='word_1_274' title='bbox 1243 1371 1473 1411; x_wconf 89' lang='lat' dir='ltr'><strong>Communis</strong></span> <span class='ocrx_word' id='word_1_275' title='bbox 1501 1370 1719 1410; x_wconf 86' lang='lat' dir='ltr'><strong>differentia</strong></span> <span class='ocrx_word' id='word_1_276' title='bbox 1746 1377 1824 1420; x_wconf 75' lang='lat' dir='ltr'><strong>est,</strong></span> <span class='ocrx_word' id='word_1_277' title='bbox 1853 1371 1961 1420; x_wconf 90' lang='lat' dir='ltr'><strong>quod</strong></span> <span class='ocrx_word' id='word_1_278' title='bbox 1989 1383 2119 1410; x_wconf 86' lang='lat' dir='ltr'><strong>rerum</strong></span> 
     </span>
     <span class='ocr_line' id='line_1_25' title="bbox 181 1423 2119 1487; baseline -0.001 -22"><span class='ocrx_word' id='word_1_279' title='bbox 181 1427 400 1466; x_wconf 88' lang='lat' dir='ltr'><strong>diuinarum</strong></span> <span class='ocrx_word' id='word_1_280' title='bbox 442 1433 500 1465; x_wconf 87' lang='lat' dir='ltr'><strong>est</strong></span> <span class='ocrx_word' id='word_1_281' title='bbox 539 1425 745 1487; x_wconf 82' lang='lat' dir='ltr'><strong>sapientia.</strong></span> <span class='ocrx_word' id='word_1_282' title='bbox 787 1426 836 1464; x_wconf 92' lang='lat' dir='ltr'><strong>de</strong></span> <span class='ocrx_word' id='word_1_283' title='bbox 863 1437 1028 1475; x_wconf 88' lang='lat' dir='ltr'><strong>quarum</strong></span> <span class='ocrx_word' id='word_1_284' title='bbox 1057 1435 1186 1463; x_wconf 91' lang='lat' dir='ltr'><strong>rerum</strong></span> <span class='ocrx_word' id='word_1_285' title='bbox 1213 1432 1371 1475; x_wconf 90' lang='lat' dir='ltr'><strong>natura,</strong></span> <span class='ocrx_word' id='word_1_286' title='bbox 1399 1423 1698 1474; x_wconf 89' lang='lat' dir='ltr'><strong>constitutione,</strong></span> <span class='ocrx_word' id='word_1_287' title='bbox 1727 1423 1862 1462; x_wconf 86' lang='lat' dir='ltr'><strong>formis</strong></span> <span class='ocrx_word' id='word_1_288' title='bbox 1893 1426 1928 1462; x_wconf 56' lang='grc' dir='ltr'>ἃ</span> <span class='ocrx_word' id='word_1_289' title='bbox 1957 1423 2119 1476; x_wconf 92' lang='lat' dir='ltr'><strong>ordine,</strong></span> 
     </span>
     <span class='ocr_line' id='line_1_26' title="bbox 181 1477 1884 1538; baseline -0.004 -19"><span class='ocrx_word' id='word_1_290' title='bbox 181 1487 368 1530; x_wconf 89' lang='lat' dir='ltr'><strong>quantum</strong></span> <span class='ocrx_word' id='word_1_291' title='bbox 395 1480 446 1518; x_wconf 90' lang='lat' dir='ltr'><strong>ad</strong></span> <span class='ocrx_word' id='word_1_292' title='bbox 473 1480 551 1518; x_wconf 90' lang='lat' dir='ltr'><strong>hoc</strong></span> <span class='ocrx_word' id='word_1_293' title='bbox 577 1479 796 1518; x_wconf 83' lang='lat' dir='ltr'><strong>institutum</strong></span> <span class='ocrx_word' id='word_1_294' title='bbox 822 1478 974 1518; x_wconf 91' lang='lat' dir='ltr'><strong>videtur</strong></span> <span class='ocrx_word' id='word_1_295' title='bbox 999 1478 1214 1538; x_wconf 81' lang='lat' dir='ltr'><strong>pertinere,</strong></span> <span class='ocrx_word' id='word_1_296' title='bbox 1243 1478 1377 1528; x_wconf 89' lang='lat' dir='ltr'><strong>paucis</strong></span> <span class='ocrx_word' id='word_1_297' title='bbox 1406 1477 1679 1517; x_wconf 81' lang='lat' dir='ltr'><strong>destrinximus</strong></span> <span class='ocrx_word' id='word_1_298' title='bbox 1706 1489 1791 1527; x_wconf 90' lang='lat' dir='ltr'><strong>cap.</strong></span> <span class='ocrx_word' id='word_1_299' title='bbox 1827 1490 1884 1526; x_wconf 87' lang='lat'><strong>13.</strong></span> 
     </span>
    </p>

    <p class='ocr_par' dir='ltr' id='par_1_10' title="bbox 178 1529 2124 2804">
     <span class='ocr_line' id='line_1_27' title="bbox 233 1529 2120 1582; baseline -0.002 -10"><span class='ocrx_word' id='word_1_300' title='bbox 233 1536 317 1572; x_wconf 88' lang='lat' dir='ltr'><strong>Iam</strong></span> <span class='ocrx_word' id='word_1_301' title='bbox 357 1532 486 1582; x_wconf 90' lang='lat' dir='ltr'><strong>itaque</strong></span> <span class='ocrx_word' id='word_1_302' title='bbox 527 1533 579 1571; x_wconf 91' lang='lat' dir='ltr'><strong>ad</strong></span> <span class='ocrx_word' id='word_1_303' title='bbox 613 1531 872 1571; x_wconf 87' lang='lat' dir='ltr'><strong>differentiam</strong></span> <span class='ocrx_word' id='word_1_304' title='bbox 913 1531 1111 1582; x_wconf 89' lang='lat' dir='ltr'><strong>propriam</strong></span> <span class='ocrx_word' id='word_1_305' title='bbox 1141 1530 1258 1571; x_wconf 89' lang='lat' dir='ltr'><strong>nobis</strong></span> <span class='ocrx_word' id='word_1_306' title='bbox 1287 1538 1344 1570; x_wconf 89' lang='lat' dir='ltr'><strong>est</strong></span> <span class='ocrx_word' id='word_1_307' title='bbox 1372 1530 1621 1570; x_wconf 87' lang='lat' dir='ltr'><strong>veniendum.</strong></span> <span class='ocrx_word' id='word_1_308' title='bbox 1662 1531 1781 1568; x_wconf 89' lang='lat' dir='ltr'><strong>Hanc</strong></span> <span class='ocrx_word' id='word_1_309' title='bbox 1808 1529 1964 1568; x_wconf 91' lang='lat' dir='ltr'><strong>duobus</strong></span> <span class='ocrx_word' id='word_1_310' title='bbox 1992 1529 2120 1569; x_wconf 90' lang='lat' dir='ltr'><strong>modis</strong></span> 
     </span>
     <span class='ocr_line' id='line_1_28' title="bbox 181 1582 2120 1636; baseline -0.002 -12"><span class='ocrx_word' id='word_1_311' title='bbox 181 1585 398 1626; x_wconf 89' lang='lat' dir='ltr'><strong>euidentiae</strong></span> <span class='ocrx_word' id='word_1_312' title='bbox 426 1596 560 1624; x_wconf 86' lang='lat' dir='ltr'><strong>caussa</strong></span> <span class='ocrx_word' id='word_1_313' title='bbox 587 1584 865 1636; x_wconf 85' lang='lat' dir='ltr'><strong>proponimus:</strong></span> <span class='ocrx_word' id='word_1_314' title='bbox 895 1585 1112 1623; x_wconf 89' lang='lat' dir='ltr'><strong>secundum</strong></span> <span class='ocrx_word' id='word_1_315' title='bbox 1139 1591 1317 1623; x_wconf 79' lang='lat' dir='ltr'><strong>naturam</strong></span> <span class='ocrx_word' id='word_1_316' title='bbox 1340 1584 1422 1623; x_wconf 91' lang='lat' dir='ltr'><strong>siue</strong></span> <span class='ocrx_word' id='word_1_317' title='bbox 1446 1583 1670 1634; x_wconf 88' lang='lat' dir='ltr'><strong>essentiam,</strong></span> <span class='ocrx_word' id='word_1_318' title='bbox 1687 1585 1722 1622; x_wconf 69' lang='lat' dir='ltr'><strong>Sc</strong></span> <span class='ocrx_word' id='word_1_319' title='bbox 1738 1583 1953 1622; x_wconf 87' lang='lat' dir='ltr'><strong>secundum</strong></span> <span class='ocrx_word' id='word_1_320' title='bbox 1967 1582 2120 1633; x_wconf 89' lang='lat' dir='ltr'><strong>signum</strong></span> 
     </span>
     <span class='ocr_line' id='line_1_29' title="bbox 178 1635 2121 1690; baseline -0.002 -13"><span class='ocrx_word' id='word_1_321' title='bbox 178 1639 312 1690; x_wconf 87' lang='lat' dir='ltr'><strong>ipsius.</strong></span> <span class='ocrx_word' id='word_1_322' title='bbox 353 1638 419 1677; x_wconf 93' lang='lat' dir='ltr'><strong>Ad</strong></span> <span class='ocrx_word' id='word_1_323' title='bbox 460 1638 718 1677; x_wconf 90' lang='lat' dir='ltr'><strong>differentiam</strong></span> <span class='ocrx_word' id='word_1_324' title='bbox 760 1638 873 1677; x_wconf 89' lang='lat' dir='ltr'><strong>huius</strong></span> <span class='ocrx_word' id='word_1_325' title='bbox 915 1637 1158 1688; x_wconf 88' lang='lat' dir='ltr'><strong>Theologiae</strong></span> <span class='ocrx_word' id='word_1_326' title='bbox 1199 1638 1416 1677; x_wconf 89' lang='lat' dir='ltr'><strong>secundum</strong></span> <span class='ocrx_word' id='word_1_327' title='bbox 1458 1636 1663 1676; x_wconf 86' lang='lat' dir='ltr'><strong>essentiam</strong></span> <span class='ocrx_word' id='word_1_328' title='bbox 1705 1635 1847 1686; x_wconf 91' lang='lat' dir='ltr'><strong>ipsius,</strong></span> <span class='ocrx_word' id='word_1_329' title='bbox 1874 1636 1972 1674; x_wconf 89' lang='lat' dir='ltr'><strong>haec</strong></span> <span class='ocrx_word' id='word_1_330' title='bbox 1999 1636 2121 1675; x_wconf 91' lang='lat' dir='ltr'><strong>verba</strong></span> 
     </span>
     <span class='ocr_line' id='line_1_30' title="bbox 179 1690 2123 1751; baseline -0.002 -20"><span class='ocrx_word' id='word_1_331' title='bbox 179 1691 393 1751; x_wconf 87' lang='lat' dir='ltr'><strong>pertinent,</strong></span> <span class='ocrx_word' id='word_1_332' title='bbox 435 1691 545 1741; x_wconf 77' lang='lat' dir='ltr'><strong>qudd</strong></span> <span class='ocrx_word' id='word_1_333' title='bbox 583 1693 718 1741; x_wconf 80' lang='lat' dir='ltr'><strong>modzs</strong></span> <span class='ocrx_word' id='word_1_334' title='bbox 718 1698 805 1730; x_wconf 80' lang='lat' dir='ltr'><strong>cata</strong></span> <span class='ocrx_word' id='word_1_335' title='bbox 846 1690 987 1730; x_wconf 90' lang='lat' dir='ltr'><strong>dicitur</strong></span> <span class='ocrx_word' id='word_1_336' title='bbox 1027 1704 1132 1737; x_wconf 90' lang='lat' dir='ltr'><strong>esse.</strong></span> <span class='ocrx_word' id='word_1_337' title='bbox 1163 1697 1244 1742; x_wconf 84' lang='lat' dir='ltr'><strong>pro</strong></span> <span class='ocrx_word' id='word_1_338' title='bbox 1283 1693 1435 1729; x_wconf 72' lang='lat' dir='ltr'><strong>rattmze</strong></span> <span class='ocrx_word' id='word_1_339' title='bbox 1469 1704 1600 1729; x_wconf 79' lang='lat' dir='ltr'><strong>eorum</strong></span> <span class='ocrx_word' id='word_1_340' title='bbox 1628 1691 1819 1728; x_wconf 74' lang='lat' dir='ltr'><strong>hommum</strong></span> <span class='ocrx_word' id='word_1_341' title='bbox 1849 1690 1985 1738; x_wconf 66' lang='lat' dir='ltr'><strong>qulbus</strong></span> <span class='ocrx_word' id='word_1_342' title='bbox 2013 1691 2123 1728; x_wconf 31' lang='lat' dir='ltr'><strong>zhzest</strong></span> 
     </span>
     <span class='ocr_line' id='line_1_31' title="bbox 179 1728 2121 1795; baseline -0.002 -11"><span class='ocrx_word' id='word_1_343' title='bbox 179 1744 446 1784; x_wconf 84' lang='lat' dir='ltr'><strong>Differentiam</strong></span> <span class='ocrx_word' id='word_1_344' title='bbox 474 1748 568 1784; x_wconf 83' lang='lat' dir='ltr'><strong>vero</strong></span> <span class='ocrx_word' id='word_1_345' title='bbox 596 1759 620 1783; x_wconf 90' lang='lat' dir='ltr'><strong>a</strong></span> <span class='ocrx_word' id='word_1_346' title='bbox 649 1744 762 1795; x_wconf 87' lang='lat' dir='ltr'><strong>signo</strong></span> <span class='ocrx_word' id='word_1_347' title='bbox 789 1743 1061 1784; x_wconf 90' lang='lat' dir='ltr'><strong>denotauimus</strong></span> <span class='ocrx_word' id='word_1_348' title='bbox 1096 1728 1170 1783; x_wconf 82' lang='lat' dir='ltr'><strong>illis</strong></span> <span class='ocrx_word' id='word_1_349' title='bbox 1197 1743 1345 1791; x_wconf 89' lang='lat' dir='ltr'><strong>verbis,</strong></span> <span class='ocrx_word' id='word_1_350' title='bbox 1376 1757 1423 1782; x_wconf 77' lang='lat' dir='ltr'><strong>ex</strong></span> <span class='ocrx_word' id='word_1_351' title='bbox 1450 1757 1527 1794; x_wconf 80' lang='lat' dir='ltr'><strong>qua</strong></span> <span class='ocrx_word' id='word_1_352' title='bbox 1561 1744 1750 1791; x_wconf 69' lang='lat' dir='ltr'><strong>The-alogi</strong></span> <span class='ocrx_word' id='word_1_353' title='bbox 1769 1744 2028 1794; x_wconf 78' lang='lat' dir='ltr'><strong>appellantur.</strong></span> <span class='ocrx_word' id='word_1_354' title='bbox 2056 1743 2121 1781; x_wconf 92' lang='lat' dir='ltr'><strong>Ad</strong></span> 
     </span>
     <span class='ocr_line' id='line_1_32' title="bbox 181 1795 2119 1855; baseline -0.003 -17"><span class='ocrx_word' id='word_1_355' title='bbox 181 1797 438 1838; x_wconf 83' lang='lat' dir='ltr'><strong>differentiam</strong></span> <span class='ocrx_word' id='word_1_356' title='bbox 480 1798 724 1837; x_wconf 89' lang='lat' dir='ltr'><strong>essentialem</strong></span> <span class='ocrx_word' id='word_1_357' title='bbox 760 1799 817 1847; x_wconf 84' lang='lat' dir='ltr'><strong>(vt</strong></span> <span class='ocrx_word' id='word_1_358' title='bbox 852 1797 905 1836; x_wconf 91' lang='lat' dir='ltr'><strong>ita</strong></span> <span class='ocrx_word' id='word_1_359' title='bbox 938 1797 1129 1846; x_wconf 85' lang='lat' dir='ltr'><strong>dicamus)</strong></span> <span class='ocrx_word' id='word_1_360' title='bbox 1157 1804 1316 1836; x_wconf 88' lang='lat' dir='ltr'><strong>nostrae</strong></span> <span class='ocrx_word' id='word_1_361' title='bbox 1343 1795 1457 1835; x_wconf 87' lang='lat' dir='ltr'><strong>huius</strong></span> <span class='ocrx_word' id='word_1_362' title='bbox 1485 1795 1729 1846; x_wconf 86' lang='lat' dir='ltr'><strong>Theologiae</strong></span> <span class='ocrx_word' id='word_1_363' title='bbox 1755 1795 1881 1855; x_wconf 88' lang='lat' dir='ltr'><strong>probe</strong></span> <span class='ocrx_word' id='word_1_364' title='bbox 1909 1796 2119 1834; x_wconf 90' lang='lat' dir='ltr'><strong>obseruan—</strong></span> 
     </span>
     <span class='ocr_line' id='line_1_33' title="bbox 181 1848 2120 1902; baseline -0.002 -12"><span class='ocrx_word' id='word_1_365' title='bbox 181 1852 294 1902; x_wconf 91' lang='lat' dir='ltr'><strong>dam,</strong></span> <span class='ocrx_word' id='word_1_366' title='bbox 323 1851 586 1890; x_wconf 91' lang='lat' dir='ltr'><strong>necessarium</strong></span> <span class='ocrx_word' id='word_1_367' title='bbox 613 1857 671 1889; x_wconf 91' lang='lat' dir='ltr'><strong>est</strong></span> <span class='ocrx_word' id='word_1_368' title='bbox 696 1852 795 1889; x_wconf 92' lang='lat' dir='ltr'><strong>haec</strong></span> <span class='ocrx_word' id='word_1_369' title='bbox 822 1850 902 1889; x_wconf 90' lang='lat' dir='ltr'><strong>duo</strong></span> <span class='ocrx_word' id='word_1_370' title='bbox 930 1862 1183 1889; x_wconf 91' lang='lat' dir='ltr'><strong>concurrere.</strong></span> <span class='ocrx_word' id='word_1_371' title='bbox 1214 1849 1451 1901; x_wconf 87' lang='lat' dir='ltr'><strong>subiectum,</strong></span> <span class='ocrx_word' id='word_1_372' title='bbox 1476 1849 1746 1898; x_wconf 80' lang='lat' dir='ltr'><strong>rationemque</strong></span> <span class='ocrx_word' id='word_1_373' title='bbox 1769 1848 1906 1898; x_wconf 88' lang='lat' dir='ltr'><strong>ipsius,</strong></span> <span class='ocrx_word' id='word_1_374' title='bbox 1921 1850 1956 1887; x_wconf 89' lang='lat'>&amp;</span> <span class='ocrx_word' id='word_1_375' title='bbox 1972 1849 2120 1887; x_wconf 90' lang='lat' dir='ltr'><strong>donum</strong></span> 
     </span>
     <span class='ocr_line' id='line_1_34' title="bbox 181 1900 2122 1955; baseline -0.002 -13"><span class='ocrx_word' id='word_1_376' title='bbox 181 1903 391 1955; x_wconf 88' lang='lat' dir='ltr'><strong>sapientiae</strong></span> <span class='ocrx_word' id='word_1_377' title='bbox 432 1903 471 1942; x_wconf 91' lang='lat' dir='ltr'><strong>in</strong></span> <span class='ocrx_word' id='word_1_378' title='bbox 512 1903 689 1943; x_wconf 90' lang='lat' dir='ltr'><strong>subiecto</strong></span> <span class='ocrx_word' id='word_1_379' title='bbox 727 1905 904 1943; x_wconf 90' lang='lat' dir='ltr'><strong>haerens.</strong></span> <span class='ocrx_word' id='word_1_380' title='bbox 944 1905 1047 1942; x_wconf 87' lang='lat' dir='ltr'><strong>Nam</strong></span> <span class='ocrx_word' id='word_1_381' title='bbox 1085 1916 1174 1942; x_wconf 89' lang='lat' dir='ltr'><strong>cum</strong></span> <span class='ocrx_word' id='word_1_382' title='bbox 1211 1903 1377 1943; x_wconf 89' lang='lat' dir='ltr'><strong>subiecti</strong></span> <span class='ocrx_word' id='word_1_383' title='bbox 1404 1902 1518 1942; x_wconf 91' lang='lat' dir='ltr'><strong>huius</strong></span> <span class='ocrx_word' id='word_1_384' title='bbox 1546 1909 1684 1941; x_wconf 88' lang='lat' dir='ltr'><strong>natura</strong></span> <span class='ocrx_word' id='word_1_385' title='bbox 1710 1914 1866 1951; x_wconf 89' lang='lat' dir='ltr'><strong>semper</strong></span> <span class='ocrx_word' id='word_1_386' title='bbox 1892 1900 2122 1951; x_wconf 88' lang='lat' dir='ltr'><strong>imperfecta</strong></span> 
     </span>
     <span class='ocr_line' id='line_1_35' title="bbox 180 1953 2120 2008; baseline -0.002 -12"><span class='ocrx_word' id='word_1_387' title='bbox 180 1957 248 2008; x_wconf 89' lang='lat' dir='ltr'><strong>sit,</strong></span> <span class='ocrx_word' id='word_1_388' title='bbox 288 1956 384 1995; x_wconf 91' lang='lat' dir='ltr'><strong>nihil</strong></span> <span class='ocrx_word' id='word_1_389' title='bbox 421 1959 558 1996; x_wconf 78' lang='lat' dir='ltr'><strong>reuera</strong></span> <span class='ocrx_word' id='word_1_390' title='bbox 597 1958 815 2007; x_wconf 87' lang='lat' dir='ltr'><strong>perfectum</strong></span> <span class='ocrx_word' id='word_1_391' title='bbox 854 1963 984 2007; x_wconf 91' lang='lat' dir='ltr'><strong>potest</strong></span> <span class='ocrx_word' id='word_1_392' title='bbox 1023 1969 1093 2007; x_wconf 93' lang='lat' dir='ltr'><strong>per</strong></span> <span class='ocrx_word' id='word_1_393' title='bbox 1133 1969 1174 1995; x_wconf 89' lang='lat' dir='ltr'><strong>se</strong></span> <span class='ocrx_word' id='word_1_394' title='bbox 1216 1969 1378 2006; x_wconf 70' lang='lat' dir='ltr'><strong>capere3</strong></span> <span class='ocrx_word' id='word_1_395' title='bbox 1407 1962 1495 2006; x_wconf 90' lang='lat' dir='ltr'><strong>aut,</strong></span> <span class='ocrx_word' id='word_1_396' title='bbox 1525 1955 1557 1994; x_wconf 91' lang='lat' dir='ltr'><strong>si</strong></span> <span class='ocrx_word' id='word_1_397' title='bbox 1583 1955 1678 2005; x_wconf 92' lang='lat' dir='ltr'><strong>quid</strong></span> <span class='ocrx_word' id='word_1_398' title='bbox 1705 1955 1922 2004; x_wconf 88' lang='lat' dir='ltr'><strong>perfectum</strong></span> <span class='ocrx_word' id='word_1_399' title='bbox 1949 1967 2017 2004; x_wconf 92' lang='lat' dir='ltr'><strong>per</strong></span> <span class='ocrx_word' id='word_1_400' title='bbox 2044 1953 2120 1992; x_wconf 93' lang='lat' dir='ltr'><strong>Dei</strong></span> 
     </span>
     <span class='ocr_line' id='line_1_36' title="bbox 180 2006 2120 2061; baseline -0.003 -12"><span class='ocrx_word' id='word_1_401' title='bbox 180 2009 344 2061; x_wconf 87' lang='lat' dir='ltr'><strong>gratiam</strong></span> <span class='ocrx_word' id='word_1_402' title='bbox 372 2012 430 2059; x_wconf 91' lang='lat' dir='ltr'><strong>(vt</strong></span> <span class='ocrx_word' id='word_1_403' title='bbox 457 2009 565 2059; x_wconf 91' lang='lat' dir='ltr'><strong>facit)</strong></span> <span class='ocrx_word' id='word_1_404' title='bbox 594 2009 719 2061; x_wconf 85' lang='lat' dir='ltr'><strong>capit,</strong></span> <span class='ocrx_word' id='word_1_405' title='bbox 747 2009 788 2048; x_wconf 93' lang='lat' dir='ltr'><strong>id</strong></span> <span class='ocrx_word' id='word_1_406' title='bbox 813 2016 946 2048; x_wconf 91' lang='lat' dir='ltr'><strong>tamen</strong></span> <span class='ocrx_word' id='word_1_407' title='bbox 973 2011 1144 2060; x_wconf 82' lang='lat' dir='ltr'><strong>perfecte</strong></span> <span class='ocrx_word' id='word_1_408' title='bbox 1174 2022 1314 2060; x_wconf 87' lang='lat' dir='ltr'><strong>capere</strong></span> <span class='ocrx_word' id='word_1_409' title='bbox 1342 2022 1423 2048; x_wconf 88' lang='lat' dir='ltr'><strong>non</strong></span> <span class='ocrx_word' id='word_1_410' title='bbox 1452 2015 1595 2060; x_wconf 91' lang='lat' dir='ltr'><strong>potest.</strong></span> <span class='ocrx_word' id='word_1_411' title='bbox 1643 2009 1774 2057; x_wconf 88' lang='lat' dir='ltr'><strong>Atque</strong></span> <span class='ocrx_word' id='word_1_412' title='bbox 1801 2007 1900 2046; x_wconf 90' lang='lat' dir='ltr'><strong>haec</strong></span> <span class='ocrx_word' id='word_1_413' title='bbox 1928 2007 1993 2045; x_wconf 88' lang='lat' dir='ltr'><strong>illa</strong></span> <span class='ocrx_word' id='word_1_414' title='bbox 2021 2006 2120 2045; x_wconf 89' lang='lat' dir='ltr'><strong>ratio</strong></span> 
     </span>
     <span class='ocr_line' id='line_1_37' title="bbox 179 2060 2119 2123; baseline -0.002 -20"><span class='ocrx_word' id='word_1_415' title='bbox 179 2070 258 2123; x_wconf 79' lang='lat' dir='ltr'><strong>est,</strong></span> <span class='ocrx_word' id='word_1_416' title='bbox 292 2074 410 2113; x_wconf 90' lang='lat' dir='ltr'><strong>quam</strong></span> <span class='ocrx_word' id='word_1_417' title='bbox 436 2062 477 2101; x_wconf 89' lang='lat' dir='ltr'><strong>in</strong></span> <span class='ocrx_word' id='word_1_418' title='bbox 503 2062 679 2103; x_wconf 88' lang='lat' dir='ltr'><strong>subiecto</strong></span> <span class='ocrx_word' id='word_1_419' title='bbox 708 2076 862 2113; x_wconf 90' lang='lat' dir='ltr'><strong>semper</strong></span> <span class='ocrx_word' id='word_1_420' title='bbox 889 2062 1148 2102; x_wconf 90' lang='lat' dir='ltr'><strong>animaduerti</strong></span> <span class='ocrx_word' id='word_1_421' title='bbox 1175 2064 1377 2112; x_wconf 88' lang='lat' dir='ltr'><strong>volumus,</strong></span> <span class='ocrx_word' id='word_1_422' title='bbox 1405 2068 1447 2100; x_wconf 90' lang='lat' dir='ltr'><strong>vt</strong></span> <span class='ocrx_word' id='word_1_423' title='bbox 1478 2062 1528 2101; x_wconf 94' lang='lat' dir='ltr'><strong>de</strong></span> <span class='ocrx_word' id='word_1_424' title='bbox 1556 2061 1662 2100; x_wconf 94' lang='lat' dir='ltr'><strong>dono</strong></span> <span class='ocrx_word' id='word_1_425' title='bbox 1693 2062 1755 2099; x_wconf 88' lang='lat' dir='ltr'><strong>vel</strong></span> <span class='ocrx_word' id='word_1_426' title='bbox 1765 2065 1893 2120; x_wconf 78' lang='lat' dir='ltr'><strong>gratia</strong></span> <span class='ocrx_word' id='word_1_427' title='bbox 1907 2060 2119 2099; x_wconf 90' lang='lat' dir='ltr'><strong>accedente</strong></span> 
     </span>
     <span class='ocr_line' id='line_1_38' title="bbox 181 2112 2124 2167; baseline -0.002 -12"><span class='ocrx_word' id='word_1_428' title='bbox 181 2116 255 2167; x_wconf 92' lang='lat' dir='ltr'><strong>ipsi</strong></span> <span class='ocrx_word' id='word_1_429' title='bbox 289 2116 501 2155; x_wconf 78' lang='lat' dir='ltr'><strong>commode</strong></span> <span class='ocrx_word' id='word_1_430' title='bbox 529 2116 758 2156; x_wconf 89' lang='lat' dir='ltr'><strong>iudicemus.</strong></span> <span class='ocrx_word' id='word_1_431' title='bbox 799 2118 871 2155; x_wconf 91' lang='lat' dir='ltr'><strong>Est</strong></span> <span class='ocrx_word' id='word_1_432' title='bbox 902 2115 1007 2155; x_wconf 90' lang='lat' dir='ltr'><strong>enirn</strong></span> <span class='ocrx_word' id='word_1_433' title='bbox 1036 2115 1256 2154; x_wconf 89' lang='lat' dir='ltr'><strong>subiectum</strong></span> <span class='ocrx_word' id='word_1_434' title='bbox 1285 2115 1429 2166; x_wconf 89' lang='lat' dir='ltr'><strong>duplex</strong></span> <span class='ocrx_word' id='word_1_435' title='bbox 1456 2115 1672 2154; x_wconf 89' lang='lat' dir='ltr'><strong>secundum</strong></span> <span class='ocrx_word' id='word_1_436' title='bbox 1703 2113 1895 2152; x_wconf 88' lang='lat' dir='ltr'><strong>rationem</strong></span> <span class='ocrx_word' id='word_1_437' title='bbox 1922 2112 2124 2152; x_wconf 91' lang='lat' dir='ltr'><strong>conditio-</strong></span> 
     </span>
     <span class='ocr_line' id='line_1_39' title="bbox 180 2165 2124 2221; baseline -0.002 -13"><span class='ocrx_word' id='word_1_438' title='bbox 180 2175 348 2220; x_wconf 80' lang='lat' dir='ltr'><strong>nemque</strong></span> <span class='ocrx_word' id='word_1_439' title='bbox 389 2169 529 2220; x_wconf 91' lang='lat' dir='ltr'><strong>ipsius:</strong></span> <span class='ocrx_word' id='word_1_440' title='bbox 567 2181 707 2220; x_wconf 91' lang='lat' dir='ltr'><strong>vnum,</strong></span> <span class='ocrx_word' id='word_1_441' title='bbox 744 2169 785 2208; x_wconf 92' lang='lat' dir='ltr'><strong>in</strong></span> <span class='ocrx_word' id='word_1_442' title='bbox 813 2175 971 2221; x_wconf 68' lang='lat' dir='ltr'><strong>natura,</strong></span> <span class='ocrx_word' id='word_1_443' title='bbox 999 2171 1034 2208; x_wconf 69' lang='grc' dir='ltr'><strong>δε</strong></span> <span class='ocrx_word' id='word_1_444' title='bbox 1062 2168 1102 2207; x_wconf 92' lang='lat' dir='ltr'><strong>in</strong></span> <span class='ocrx_word' id='word_1_445' title='bbox 1129 2168 1252 2219; x_wconf 90' lang='lat' dir='ltr'><strong>gratia</strong></span> <span class='ocrx_word' id='word_1_446' title='bbox 1280 2170 1459 2207; x_wconf 88' lang='lat' dir='ltr'><strong>alterum</strong></span> <span class='ocrx_word' id='word_1_447' title='bbox 1502 2167 1729 2207; x_wconf 89' lang='lat' dir='ltr'><strong>Subiectum</strong></span> <span class='ocrx_word' id='word_1_448' title='bbox 1757 2173 1888 2205; x_wconf 89' lang='lat' dir='ltr'><strong>autem</strong></span> <span class='ocrx_word' id='word_1_449' title='bbox 1917 2165 1957 2204; x_wconf 93' lang='lat' dir='ltr'><strong>in</strong></span> <span class='ocrx_word' id='word_1_450' title='bbox 1986 2172 2124 2205; x_wconf 89' lang='lat' dir='ltr'><strong>natura</strong></span> 
     </span>
     <span class='ocr_line' id='line_1_40' title="bbox 182 2219 2120 2282; baseline -0.003 -20"><span class='ocrx_word' id='word_1_451' title='bbox 182 2235 251 2262; x_wconf 90' lang='lat' dir='ltr'><strong>sua</strong></span> <span class='ocrx_word' id='word_1_452' title='bbox 288 2234 415 2272; x_wconf 90' lang='lat' dir='ltr'><strong>neque</strong></span> <span class='ocrx_word' id='word_1_453' title='bbox 457 2229 566 2272; x_wconf 90' lang='lat' dir='ltr'><strong>actu,</strong></span> <span class='ocrx_word' id='word_1_454' title='bbox 601 2233 728 2272; x_wconf 89' lang='lat' dir='ltr'><strong>neque</strong></span> <span class='ocrx_word' id='word_1_455' title='bbox 767 2222 964 2282; x_wconf 85' lang='lat' dir='ltr'><strong>potentia,</strong></span> <span class='ocrx_word' id='word_1_456' title='bbox 1004 2233 1131 2272; x_wconf 89' lang='lat' dir='ltr'><strong>neque</strong></span> <span class='ocrx_word' id='word_1_457' title='bbox 1172 2221 1427 2272; x_wconf 91' lang='lat' dir='ltr'><strong>dispositione</strong></span> <span class='ocrx_word' id='word_1_458' title='bbox 1455 2222 1533 2260; x_wconf 91' lang='lat' dir='ltr'><strong>vlla</strong></span> <span class='ocrx_word' id='word_1_459' title='bbox 1560 2220 1612 2259; x_wconf 91' lang='lat' dir='ltr'><strong>ad</strong></span> <span class='ocrx_word' id='word_1_460' title='bbox 1637 2219 1854 2270; x_wconf 91' lang='lat' dir='ltr'><strong>potentiam</strong></span> <span class='ocrx_word' id='word_1_461' title='bbox 1881 2226 2011 2269; x_wconf 88' lang='lat' dir='ltr'><strong>potest</strong></span> <span class='ocrx_word' id='word_1_462' title='bbox 2038 2232 2120 2257; x_wconf 91' lang='lat' dir='ltr'><strong>rem</strong></span> 
     </span>
     <span class='ocr_line' id='line_1_41' title="bbox 181 2271 2122 2335; baseline -0.002 -21"><span class='ocrx_word' id='word_1_463' title='bbox 181 2277 396 2326; x_wconf 90' lang='lat' dir='ltr'><strong>perfectam</strong></span> <span class='ocrx_word' id='word_1_464' title='bbox 432 2289 592 2327; x_wconf 89' lang='lat' dir='ltr'><strong>capere,</strong></span> <span class='ocrx_word' id='word_1_465' title='bbox 629 2283 696 2314; x_wconf 89' lang='lat' dir='ltr'><strong>aut</strong></span> <span class='ocrx_word' id='word_1_466' title='bbox 728 2275 844 2314; x_wconf 91' lang='lat' dir='ltr'><strong>etiam</strong></span> <span class='ocrx_word' id='word_1_467' title='bbox 872 2277 1057 2335; x_wconf 87' lang='lat' dir='ltr'><strong>perfecte.</strong></span> <span class='ocrx_word' id='word_1_468' title='bbox 1085 2275 1199 2314; x_wconf 90' lang='lat' dir='ltr'><strong>Idem</strong></span> <span class='ocrx_word' id='word_1_469' title='bbox 1226 2278 1319 2314; x_wconf 82' lang='lat' dir='ltr'><strong>vero</strong></span> <span class='ocrx_word' id='word_1_470' title='bbox 1347 2274 1567 2314; x_wconf 90' lang='lat' dir='ltr'><strong>subiectum</strong></span> <span class='ocrx_word' id='word_1_471' title='bbox 1593 2273 1634 2312; x_wconf 92' lang='lat' dir='ltr'><strong>in</strong></span> <span class='ocrx_word' id='word_1_472' title='bbox 1661 2272 1784 2324; x_wconf 88' lang='lat' dir='ltr'><strong>gratia</strong></span> <span class='ocrx_word' id='word_1_473' title='bbox 1811 2271 2122 2323; x_wconf 83' lang='lat' dir='ltr'><strong>consideratum,</strong></span> 
     </span>
     <span class='ocr_line' id='line_1_42' title="bbox 182 2327 2121 2385; baseline -0.002 -18"><span class='ocrx_word' id='word_1_474' title='bbox 182 2328 263 2367; x_wconf 90' lang='lat' dir='ltr'><strong>siue</strong></span> <span class='ocrx_word' id='word_1_475' title='bbox 291 2332 349 2378; x_wconf 93' lang='lat' dir='ltr'><strong>(vt</strong></span> <span class='ocrx_word' id='word_1_476' title='bbox 375 2330 603 2378; x_wconf 89' lang='lat' dir='ltr'><strong>loquuntur)</strong></span> <span class='ocrx_word' id='word_1_477' title='bbox 629 2328 669 2367; x_wconf 92' lang='lat' dir='ltr'><strong>in</strong></span> <span class='ocrx_word' id='word_1_478' title='bbox 696 2335 797 2367; x_wconf 85' lang='lat' dir='ltr'><strong>statu</strong></span> <span class='ocrx_word' id='word_1_479' title='bbox 823 2328 990 2379; x_wconf 89' lang='lat' dir='ltr'><strong>gratiae,</strong></span> <span class='ocrx_word' id='word_1_480' title='bbox 1019 2328 1114 2366; x_wconf 89' lang='lat' dir='ltr'><strong>dum</strong></span> <span class='ocrx_word' id='word_1_481' title='bbox 1140 2327 1205 2366; x_wconf 66' lang='lat' dir='ltr'><strong>hic</strong></span> <span class='ocrx_word' id='word_1_482' title='bbox 1232 2334 1310 2378; x_wconf 88' lang='lat' dir='ltr'><strong>est,</strong></span> <span class='ocrx_word' id='word_1_483' title='bbox 1338 2328 1488 2366; x_wconf 92' lang='lat' dir='ltr'><strong>donum</strong></span> <span class='ocrx_word' id='word_1_484' title='bbox 1511 2327 1671 2378; x_wconf 89' lang='lat' dir='ltr'><strong>quidem</strong></span> <span class='ocrx_word' id='word_1_485' title='bbox 1687 2327 1906 2385; x_wconf 83' lang='lat' dir='ltr'><strong>perfectum</strong></span> <span class='ocrx_word' id='word_1_486' title='bbox 1922 2327 2121 2364; x_wconf 89' lang='lat' dir='ltr'><strong>&amp;bonam</strong></span> 
     </span>
     <span class='ocr_line' id='line_1_43' title="bbox 182 2377 2122 2440; baseline -0.002 -20"><span class='ocrx_word' id='word_1_487' title='bbox 182 2381 436 2421; x_wconf 88' lang='lat' dir='ltr'><strong>donationem</strong></span> <span class='ocrx_word' id='word_1_488' title='bbox 464 2384 488 2420; x_wconf 79' lang='lat' dir='ltr'><strong>a</strong></span> <span class='ocrx_word' id='word_1_489' title='bbox 515 2383 603 2421; x_wconf 93' lang='lat' dir='ltr'><strong>Deo</strong></span> <span class='ocrx_word' id='word_1_490' title='bbox 629 2381 853 2421; x_wconf 88' lang='lat' dir='ltr'><strong>venientem</strong></span> <span class='ocrx_word' id='word_1_491' title='bbox 880 2383 936 2430; x_wconf 89' lang='lat' dir='ltr'><strong>(vt</strong></span> <span class='ocrx_word' id='word_1_492' title='bbox 962 2382 1131 2421; x_wconf 89' lang='lat' dir='ltr'><strong>Iacobus</strong></span> <span class='ocrx_word' id='word_1_493' title='bbox 1158 2380 1331 2431; x_wconf 89' lang='lat' dir='ltr'><strong>loquitur</strong></span> <span class='ocrx_word' id='word_1_494' title='bbox 1358 2388 1443 2440; x_wconf 82' lang='lat' dir='ltr'><strong>cap.</strong></span> <span class='ocrx_word' id='word_1_495' title='bbox 1471 2395 1504 2419; x_wconf 92' lang='lat'><strong>1.</strong></span> <span class='ocrx_word' id='word_1_496' title='bbox 1531 2395 1567 2420; x_wconf 87' lang='lat' dir='ltr'><strong>v.</strong></span> <span class='ocrx_word' id='word_1_497' title='bbox 1600 2382 1676 2429; x_wconf 92' lang='lat'><strong>17)</strong></span> <span class='ocrx_word' id='word_1_498' title='bbox 1703 2378 1883 2430; x_wconf 89' lang='lat' dir='ltr'><strong>percipit.</strong></span> <span class='ocrx_word' id='word_1_499' title='bbox 1925 2379 2002 2417; x_wconf 90' lang='lat' dir='ltr'><strong>Sed</strong></span> <span class='ocrx_word' id='word_1_500' title='bbox 2030 2377 2122 2437; x_wconf 83' lang='lat' dir='ltr'><strong>quia</strong></span> 
     </span>
     <span class='ocr_line' id='line_1_44' title="bbox 181 2430 2122 2485; baseline -0.003 -11"><span class='ocrx_word' id='word_1_501' title='bbox 181 2447 336 2484; x_wconf 90' lang='lat' dir='ltr'><strong>semper</strong></span> <span class='ocrx_word' id='word_1_502' title='bbox 364 2435 406 2472; x_wconf 86' lang='lat' dir='ltr'><strong>in</strong></span> <span class='ocrx_word' id='word_1_503' title='bbox 435 2434 564 2485; x_wconf 88' lang='lat' dir='ltr'><strong>aliqua</strong></span> <span class='ocrx_word' id='word_1_504' title='bbox 590 2441 751 2474; x_wconf 87' lang='lat' dir='ltr'><strong>naturae</strong></span> <span class='ocrx_word' id='word_1_505' title='bbox 779 2434 1075 2485; x_wconf 79' lang='lat' dir='ltr'><strong>imperfectione</strong></span> <span class='ocrx_word' id='word_1_506' title='bbox 1102 2435 1255 2485; x_wconf 88' lang='lat' dir='ltr'><strong>haeret,</strong></span> <span class='ocrx_word' id='word_1_507' title='bbox 1283 2437 1319 2473; x_wconf 65' lang='grc' dir='ltr'><strong>δι</strong></span> <span class='ocrx_word' id='word_1_508' title='bbox 1347 2434 1472 2484; x_wconf 87' lang='lat' dir='ltr'><strong>agitur</strong></span> <span class='ocrx_word' id='word_1_509' title='bbox 1501 2434 1651 2472; x_wconf 89' lang='lat' dir='ltr'><strong>tanturn</strong></span> <span class='ocrx_word' id='word_1_510' title='bbox 1681 2431 1932 2471; x_wconf 88' lang='lat' dir='ltr'><strong>inchoatione</strong></span> <span class='ocrx_word' id='word_1_511' title='bbox 1956 2430 2122 2482; x_wconf 84' lang='lat' dir='ltr'><strong>gratiae,</strong></span> 
     </span>
     <span class='ocr_line' id='line_1_45' title="bbox 182 2485 2122 2548; baseline -0.002 -22"><span class='ocrx_word' id='word_1_512' title='bbox 182 2488 332 2526; x_wconf 90' lang='lat' dir='ltr'><strong>donum</strong></span> <span class='ocrx_word' id='word_1_513' title='bbox 375 2487 469 2526; x_wconf 89' lang='lat' dir='ltr'><strong>illud</strong></span> <span class='ocrx_word' id='word_1_514' title='bbox 511 2489 728 2548; x_wconf 82' lang='lat' dir='ltr'><strong>perfectum</strong></span> <span class='ocrx_word' id='word_1_515' title='bbox 768 2488 996 2538; x_wconf 89' lang='lat' dir='ltr'><strong>bonamque</strong></span> <span class='ocrx_word' id='word_1_516' title='bbox 1031 2487 1287 2527; x_wconf 90' lang='lat' dir='ltr'><strong>donationem</strong></span> <span class='ocrx_word' id='word_1_517' title='bbox 1323 2489 1346 2526; x_wconf 76' lang='lat' dir='ltr'><strong>a</strong></span> <span class='ocrx_word' id='word_1_518' title='bbox 1380 2488 1468 2526; x_wconf 94' lang='lat' dir='ltr'><strong>Deo</strong></span> <span class='ocrx_word' id='word_1_519' title='bbox 1498 2485 1813 2537; x_wconf 89' lang='lat' dir='ltr'><strong>proficiscentem</strong></span> <span class='ocrx_word' id='word_1_520' title='bbox 1842 2486 2014 2535; x_wconf 82' lang='lat' dir='ltr'><strong>perfecte</strong></span> <span class='ocrx_word' id='word_1_521' title='bbox 2041 2497 2122 2522; x_wconf 91' lang='lat' dir='ltr'><strong>non</strong></span> 
     </span>
     <span class='ocr_line' id='line_1_46' title="bbox 183 2538 2122 2600; baseline -0.002 -22"><span class='ocrx_word' id='word_1_522' title='bbox 183 2547 312 2590; x_wconf 90' lang='lat' dir='ltr'><strong>potest</strong></span> <span class='ocrx_word' id='word_1_523' title='bbox 350 2553 508 2590; x_wconf 90' lang='lat' dir='ltr'><strong>capere:</strong></span> <span class='ocrx_word' id='word_1_524' title='bbox 551 2541 728 2590; x_wconf 90' lang='lat' dir='ltr'><strong>quamuis</strong></span> <span class='ocrx_word' id='word_1_525' title='bbox 770 2555 794 2579; x_wconf 93' lang='lat' dir='ltr'><strong>a</strong></span> <span class='ocrx_word' id='word_1_526' title='bbox 828 2540 1015 2591; x_wconf 86' lang='lat' dir='ltr'><strong>singulari</strong></span> <span class='ocrx_word' id='word_1_527' title='bbox 1050 2540 1174 2600; x_wconf 89' lang='lat' dir='ltr'><strong>gratia</strong></span> <span class='ocrx_word' id='word_1_528' title='bbox 1203 2540 1398 2579; x_wconf 86' lang='lat' dir='ltr'><strong>interdurn</strong></span> <span class='ocrx_word' id='word_1_529' title='bbox 1427 2540 1655 2590; x_wconf 88' lang='lat' dir='ltr'><strong>contigerit,</strong></span> <span class='ocrx_word' id='word_1_530' title='bbox 1686 2545 1727 2577; x_wconf 94' lang='lat' dir='ltr'><strong>vt</strong></span> <span class='ocrx_word' id='word_1_531' title='bbox 1753 2538 1794 2576; x_wconf 93' lang='lat' dir='ltr'><strong>id</strong></span> <span class='ocrx_word' id='word_1_532' title='bbox 1822 2539 1972 2576; x_wconf 90' lang='lat' dir='ltr'><strong>donum</strong></span> <span class='ocrx_word' id='word_1_533' title='bbox 1998 2538 2122 2576; x_wconf 92' lang='lat' dir='ltr'><strong>homo</strong></span> 
     </span>
     <span class='ocr_line' id='line_1_47' title="bbox 183 2590 2124 2653; baseline -0.002 -22"><span class='ocrx_word' id='word_1_534' title='bbox 183 2593 258 2632; x_wconf 91' lang='lat' dir='ltr'><strong>Dei</strong></span> <span class='ocrx_word' id='word_1_535' title='bbox 283 2594 500 2643; x_wconf 91' lang='lat' dir='ltr'><strong>perfectum</strong></span> <span class='ocrx_word' id='word_1_536' title='bbox 529 2601 700 2653; x_wconf 83' lang='lat' dir='ltr'><strong>caperet.</strong></span> <span class='ocrx_word' id='word_1_537' title='bbox 741 2595 802 2632; x_wconf 86' lang='lat' dir='ltr'><strong>Ex</strong></span> <span class='ocrx_word' id='word_1_538' title='bbox 827 2594 904 2632; x_wconf 90' lang='lat' dir='ltr'><strong>hac</strong></span> <span class='ocrx_word' id='word_1_539' title='bbox 932 2594 1063 2643; x_wconf 87' lang='lat' dir='ltr'><strong>itaque</strong></span> <span class='ocrx_word' id='word_1_540' title='bbox 1090 2592 1254 2632; x_wconf 84' lang='lat' dir='ltr'><strong>sub1ect1</strong></span> <span class='ocrx_word' id='word_1_541' title='bbox 1269 2601 1420 2632; x_wconf 78' lang='lat' dir='ltr'><strong>ratione</strong></span> <span class='ocrx_word' id='word_1_542' title='bbox 1434 2592 1616 2644; x_wconf 79' lang='lat' dir='ltr'><strong>procedit</strong></span> <span class='ocrx_word' id='word_1_543' title='bbox 1629 2593 1695 2631; x_wconf 84' lang='lat' dir='ltr'><strong>1lla</strong></span> <span class='ocrx_word' id='word_1_544' title='bbox 1709 2590 1952 2641; x_wconf 88' lang='lat' dir='ltr'><strong>Theologiae</strong></span> <span class='ocrx_word' id='word_1_545' title='bbox 1965 2598 2124 2629; x_wconf 87' lang='lat' dir='ltr'><strong>nostrae</strong></span> 
     </span>
     <span class='ocr_line' id='line_1_48' title="bbox 185 2645 2124 2697; baseline -0.002 -13"><span class='ocrx_word' id='word_1_546' title='bbox 185 2645 449 2685; x_wconf 89' lang='lat' dir='ltr'><strong>modificatio:</strong></span> <span class='ocrx_word' id='word_1_547' title='bbox 478 2645 570 2695; x_wconf 89' lang='lat' dir='ltr'><strong>quia</strong></span> <span class='ocrx_word' id='word_1_548' title='bbox 597 2647 667 2686; x_wconf 90' lang='lat' dir='ltr'><strong>etsi</strong></span> <span class='ocrx_word' id='word_1_549' title='bbox 693 2647 913 2697; x_wconf 89' lang='lat' dir='ltr'><strong>Theologia</strong></span> <span class='ocrx_word' id='word_1_550' title='bbox 939 2647 979 2685; x_wconf 93' lang='lat' dir='ltr'><strong>in</strong></span> <span class='ocrx_word' id='word_1_551' title='bbox 1007 2660 1049 2685; x_wconf 93' lang='lat' dir='ltr'><strong>se</strong></span> <span class='ocrx_word' id='word_1_552' title='bbox 1076 2648 1248 2696; x_wconf 92' lang='lat' dir='ltr'><strong>perfecta</strong></span> <span class='ocrx_word' id='word_1_553' title='bbox 1278 2654 1352 2697; x_wconf 89' lang='lat' dir='ltr'><strong>est,</strong></span> <span class='ocrx_word' id='word_1_554' title='bbox 1380 2646 1419 2685; x_wconf 87' lang='lat' dir='ltr'><strong>in</strong></span> <span class='ocrx_word' id='word_1_555' title='bbox 1447 2645 1623 2685; x_wconf 90' lang='lat' dir='ltr'><strong>subiecto</strong></span> <span class='ocrx_word' id='word_1_556' title='bbox 1652 2652 1782 2684; x_wconf 90' lang='lat' dir='ltr'><strong>tamen</strong></span> <span class='ocrx_word' id='word_1_557' title='bbox 1812 2647 2026 2693; x_wconf 88' lang='lat' dir='ltr'><strong>(vtcunque</strong></span> <span class='ocrx_word' id='word_1_558' title='bbox 2041 2656 2124 2693; x_wconf 85' lang='lat' dir='ltr'><strong>per-</strong></span> 
     </span>
     <span class='ocr_line' id='line_1_49' title="bbox 184 2695 2122 2750; baseline -0.002 -13"><span class='ocrx_word' id='word_1_559' title='bbox 184 2701 287 2738; x_wconf 87' lang='lat' dir='ltr'><strong>fecta</strong></span> <span class='ocrx_word' id='word_1_560' title='bbox 314 2698 377 2748; x_wconf 93' lang='lat' dir='ltr'><strong>sit)</strong></span> <span class='ocrx_word' id='word_1_561' title='bbox 405 2699 581 2737; x_wconf 89' lang='lat' dir='ltr'><strong>mutilata</strong></span> <span class='ocrx_word' id='word_1_562' title='bbox 607 2706 665 2738; x_wconf 91' lang='lat' dir='ltr'><strong>est</strong></span> <span class='ocrx_word' id='word_1_563' title='bbox 694 2701 993 2750; x_wconf 88' lang='lat' dir='ltr'><strong>quodammodo</strong></span> <span class='ocrx_word' id='word_1_564' title='bbox 1022 2699 1318 2750; x_wconf 89' lang='lat' dir='ltr'><strong>imperfectione</strong></span> <span class='ocrx_word' id='word_1_565' title='bbox 1346 2698 1523 2739; x_wconf 84' lang='lat' dir='ltr'><strong>subiecti.</strong></span> <span class='ocrx_word' id='word_1_566' title='bbox 1550 2701 1611 2737; x_wconf 91' lang='lat' dir='ltr'><strong>Ac</strong></span> <span class='ocrx_word' id='word_1_567' title='bbox 1637 2697 1803 2749; x_wconf 91' lang='lat' dir='ltr'><strong>proinde</strong></span> <span class='ocrx_word' id='word_1_568' title='bbox 1831 2695 2093 2747; x_wconf 88' lang='lat' dir='ltr'><strong>Theologiae</strong></span> <span class='ocrx_word' id='word_1_569' title='bbox 2083 2709 2122 2734; x_wconf 90' lang='grc'><strong>111</strong></span> 
     </span>
     <span class='ocr_line' id='line_1_50' title="bbox 185 2749 2121 2804; baseline -0.002 -14"><span class='ocrx_word' id='word_1_570' title='bbox 185 2764 227 2791; x_wconf 90' lang='lat' dir='ltr'><strong>se</strong></span> <span class='ocrx_word' id='word_1_571' title='bbox 253 2753 379 2791; x_wconf 85' lang='lat' dir='ltr'><strong>forma</strong></span> <span class='ocrx_word' id='word_1_572' title='bbox 405 2753 576 2802; x_wconf 87' lang='lat' dir='ltr'><strong>perfecta</strong></span> <span class='ocrx_word' id='word_1_573' title='bbox 603 2759 681 2804; x_wconf 70' lang='lat' dir='ltr'><strong>est,</strong></span> <span class='ocrx_word' id='word_1_574' title='bbox 708 2752 952 2804; x_wconf 89' lang='lat' dir='ltr'><strong>Theologiae</strong></span> <span class='ocrx_word' id='word_1_575' title='bbox 980 2755 1073 2793; x_wconf 80' lang='lat' dir='ltr'><strong>vero</strong></span> <span class='ocrx_word' id='word_1_576' title='bbox 1099 2753 1139 2791; x_wconf 89' lang='lat' dir='ltr'><strong>in</strong></span> <span class='ocrx_word' id='word_1_577' title='bbox 1169 2752 1345 2792; x_wconf 89' lang='lat' dir='ltr'><strong>subiecto</strong></span> <span class='ocrx_word' id='word_1_578' title='bbox 1373 2754 1500 2792; x_wconf 85' lang='lat' dir='ltr'><strong>forma</strong></span> <span class='ocrx_word' id='word_1_579' title='bbox 1527 2752 1770 2803; x_wconf 91' lang='lat' dir='ltr'><strong>imperfecta,</strong></span> <span class='ocrx_word' id='word_1_580' title='bbox 1786 2749 1877 2800; x_wconf 90' lang='lat' dir='ltr'><strong>quia</strong></span> <span class='ocrx_word' id='word_1_581' title='bbox 1891 2751 1989 2789; x_wconf 91' lang='lat' dir='ltr'><strong>haec</strong></span> <span class='ocrx_word' id='word_1_582' title='bbox 2000 2761 2121 2800; x_wconf 89' lang='lat' dir='ltr'><strong>purae</strong></span> 
     </span>
    </p>

    <p class='ocr_par' dir='ltr' id='par_1_11' title="bbox 1996 2801 2120 2841">
     <span class='ocr_line' id='line_1_51' title="bbox 1996 2801 2120 2841; baseline -0.008 0"><span class='ocrx_word' id='word_1_583' title='bbox 1996 2809 2054 2841; x_wconf 87' lang='lat' dir='ltr'><strong>est</strong></span> <span class='ocrx_word' id='word_1_584' title='bbox 2081 2801 2120 2840; x_wconf 90' lang='lat' dir='ltr'><strong>in</strong></span> 
     </span>
    </p>
   </div>
  </div>
 </body>
</html>
