2334 3020
680 108 749 137 DE
792 107 1073 136 POLITIAE
1111 108 1277 135 MOSIS
1318 102 1506 134 OBSER.
1985 101 2055 144 301

124 221 230 261 modi
260 234 324 259 eas
352 231 434 258 esse
464 217 669 256 docuimus
697 229 796 267 quae
824 215 1026 254 veritatem
1055 229 1163 255 suam
1187 219 1221 254 ἃ
1244 216 1575 264 complementum
1594 213 1629 250 in
1647 213 1802 252 Christo
1819 214 2056 257 habuerunt,

123 276 153 314 is
188 274 428 313 mortiferum
465 273 520 319 (vt
549 271 600 308 ita
627 271 817 319 dicamus)
845 271 1031 320 poculum
1061 269 1326 320 propinando,
1355 267 1472 304 vitam
1504 266 1696 305 mentibus
1725 267 1953 304 Christianis
1980 266 2057 303 adi-

125 329 213 377 mit,
242 334 429 377 quantum
458 323 615 374 quidem
644 323 683 361 in
711 323 795 373 ipso
821 331 897 373 est,
927 323 998 361 nisi
1025 324 1132 361 Deus
1161 329 1270 372 pater
1297 319 1586 358 miserationum
1616 333 1700 357 eam
1731 319 1897 369 gratiose
1927 320 2057 357 datam

124 379 399 431 gratiosissime
427 384 687 416 conseruaret.

177 434 256 472 Hie
297 435 390 471 vero
434 430 573 468 dixerit
597 429 809 480 quispiam:
853 429 995 479 Atqui,
1024 429 1055 466 si
1084 430 1187 478 leges
1215 428 1302 466 illae
1329 433 1505 465 mortuae
1529 432 1595 464 aut
1623 425 1844 463 mortiferae
1874 432 1983 473 sunt,
2013 438 2060 462 ex

123 500 202 537 quo
232 486 408 525 Christus
437 482 611 521 exhibuit
639 484 971 532 complementum
1001 482 1164 532 gratiae3
1194 493 1242 519 ne
1270 480 1342 530 ipsi
1370 479 1528 529 quidem
1546 478 1727 528 Apostoli
1742 480 1790 516 ab
1809 480 1884 516 hoc
1901 478 2061 516 crimine

125 539 300 578 excusari
342 544 521 587 possunt:
564 536 630 585 qui
667 538 771 586 leges
798 535 1078 573 ceremoniales
1106 535 1206 572 illius
1233 533 1385 584 generis
1409 540 1491 571 tum
1521 534 1829 570 obseiuauerunt
1858 531 1949 581 ipsi,
1978 539 2060 569 tum

123 595 173 631 ab
203 592 286 630 aliis
317 589 518 629 obseruari
547 591 773 637 voluerunt,
803 601 898 638 quas
925 595 1054 626 tamen
1085 588 1300 626 mortiferas
1328 588 1406 625 hoc
1430 588 1518 624 loco
1534 587 1785 635 appellamus.
1818 585 1945 623 Huius
1960 584 2063 622 enim

123 647 177 685 rei
206 647 399 683 habentur
429 644 607 690 exempla
636 644 828 680 Actorum
862 652 921 691 15.
951 643 1039 679 cum
1069 641 1253 680 abstineri
1283 640 1398 678 etiam
1428 642 1450 676 a
1479 638 1676 677 suffocatis
1700 637 2067 687 rebus&sanguine

124 700 276 737 iubent:
307 699 497 735 Actorum
533 697 590 734 16.
621 697 709 734 cum
738 697 877 733 Paulus
907 695 1159 732 Timotheum
1188 692 1434 732 circumcidit
1464 699 1601 731 contra
1623 693 1738 741 quam
1755 692 1872 729 docet
1887 692 2065 729 Galatas:

125 755 302 800 Itemque
339 752 530 788 Actorum
564 763 624 787 21.
662 750 751 787 cum
781 750 921 786 Paulus
950 749 998 786 de
1027 748 1215 786 sententia
1244 747 1379 785 Iacobi
1408 746 1603 795 totiusque
1634 744 1832 783 seniorum
1861 755 2068 782 consessus

126 803 349 844 obseruauit
386 803 716 853 purificationem,
758 808 875 851 atque
916 801 954 839 in
995 803 1183 850 templum
1221 800 1414 850 ingressus
1450 807 1505 837 est
1535 797 1773 837 denuncians
1801 797 2062 847 expletionem

126 858 276 897 dierum
315 855 651 906 sanctificationis,
694 867 814 905 Vsque
840 856 934 892 dum
963 855 1096 892 oblata
1123 855 1225 892 foret
1251 866 1323 903 pro
1352 864 1592 901 vnoquoque
1622 863 1755 889 eorum
1785 851 1947 889 oblatio.
1992 849 2065 887 His

123 912 244 949 tribus
274 909 459 959 exemplis
488 909 638 947 videtur
658 908 779 947 euerti
807 908 915 958 quod
944 910 1033 945 ante
1057 907 1244 957 diximus,
1269 908 1356 944 Non
1375 919 1488 956 posse
1506 906 1653 954 integra
1669 904 2066 954 libertate,veritate,

128 966 163 1002 ἃ
192 964 267 1002 vita
297 963 450 1013 piorum
479 962 721 1000 ceremonias
748 961 831 1000 illas
861 960 1072 1000 obseruari.
1436 987 1440 991 -

180 1018 257 1055 Sed
286 1025 416 1054 tamen
441 1015 471 1054 si
499 1016 584 1065 quis
613 1028 695 1053 rem
723 1014 890 1065 penitius
920 1013 1213 1063 introspexerit,
1243 1013 1381 1051 eadem
1410 1021 1616 1060 Vtrumque
1640 1011 1978 1049 animaduersurus
1993 1016 2070 1060 est,

127 1078 210 1108 tum
248 1082 384 1108 verum
417 1082 500 1107 esse
537 1069 645 1118 quod
673 1071 763 1106 ante
792 1068 980 1113 diximus,
1010 1074 1093 1105 tum
1121 1068 1337 1116 Apostolos
1366 1065 1503 1103 fecisse
1534 1064 1707 1102 osticium
1737 1064 1775 1101 in
1805 1064 1858 1101 eis
1885 1063 2071 1112 exemplis

129 1136 229 1173 quae
256 1124 442 1161 aduersus
472 1122 691 1160 doctrinam
721 1121 826 1159 illam
854 1122 1115 1171 proferuntur.
1146 1121 1246 1157 Nam
1276 1120 1314 1157 in
1344 1119 1402 1157 his
1427 1118 1614 1167 exemplis
1645 1120 1680 1155 &
1704 1117 1972 1154 consimilibus
1987 1118 2067 1153 duo

129 1177 376 1215 obseruanda
403 1182 509 1213 sunt:
541 1175 708 1225 primum
739 1186 875 1213 eorum
903 1173 1122 1223 distinctio,
1150 1173 1240 1222 quia
1268 1185 1347 1210 non
1377 1180 1465 1210 sunt
1494 1172 1604 1209 vnius
1633 1173 1667 1209 δε
1696 1171 1866 1208 eiusdem
1896 1170 2068 1220 generis:

129 1231 303 1269 secundo
333 1236 463 1267 autem
491 1228 549 1267 ius
578 1228 819 1278 singulorum
848 1228 1062 1266 secundum
1093 1240 1247 1277 genera.
1276 1227 1369 1263 Duo
1398 1225 1501 1263 enim
1532 1226 1710 1274 exempla
1738 1224 1776 1261 in
1804 1225 1881 1261 hoc
1909 1235 2074 1260 numero

129 1286 185 1333 (vt
227 1283 279 1321 ita
321 1283 513 1331 dicamus)
557 1288 712 1320 mortua
753 1289 859 1331 sunt,
897 1292 1016 1318 vnum
1054 1279 1315 1317 mortiterum:
1344 1285 1583 1328 quapropter
1611 1290 1657 1315 ea
1684 1276 1785 1314 inter
1813 1289 1853 1314 se
1882 1275 2072 1314 confundi

133 1337 291 1375 minime
317 1335 523 1384 conuenit,
553 1337 643 1373 cum
672 1334 755 1372 iure
783 1334 858 1373 sint
886 1333 1160 1371 diuersissima.
1183 1334 1342 1370 Mortua
1371 1339 1459 1370 sunt
1487 1333 1583 1369 haec
1615 1331 1712 1368 duo:
1742 1330 1934 1380 primum,
1963 1329 2072 1378 quod

130 1398 187 1428 est
217 1391 266 1428 de
297 1388 484 1439 sanguine
513 1389 548 1426 δε
577 1389 768 1426 suffocato
797 1388 997 1437 cauendo,
1026 1388 1061 1425 &
1090 1385 1268 1436 tertium,
1297 1386 1404 1435 quod
1433 1392 1489 1423 est
1517 1385 1566 1422 de
1596 1383 1863 1434 purificatione
1892 1383 2020 1429 Pauli,
2038 1385 2072 1420 ἃ

130 1443 330 1482 oblatione
360 1441 503 1481 votiua.
533 1440 781 1480 Mortiferum
810 1447 866 1479 est
895 1441 1133 1489 secundum,
1161 1446 1256 1489 puta
1284 1437 1594 1477 circumcisionis
1619 1436 1792 1487 patribus
1818 1438 1930 1474 datae
1946 1437 2075 1474 obser-

129 1496 250 1535 uatio.
279 1498 449 1534 Rursum
478 1507 578 1544 quae
608 1502 764 1532 mortua
792 1506 875 1532 esse
904 1493 1090 1544 diximus,
1121 1506 1167 1531 ea
1190 1493 1288 1531 inter
1314 1506 1354 1530 se
1370 1492 1519 1530 ratione
1537 1491 1731 1529 differunt.
1760 1492 1862 1528 Nam
1879 1488 2076 1540 sanguinis

133 1552 166 1589 δι
203 1549 382 1588 suffocati
418 1548 664 1587 interdictum
695 1549 910 1586 naturalem
938 1546 1074 1585 habuit
1102 1545 1449 1597 significationem,
1479 1545 1571 1583 ritus
1599 1543 1877 1594 purificationis
1906 1545 1940 1581 ἃ*
1969 1544 2075 1580 obla-

132 1603 246 1642 tionis
287 1601 518 1653 significauit
552 1600 836 1652 professionem
874 1600 1027 1650 piorum
1054 1599 1337 1650 voluntariam,
1367 1611 1493 1649 neque
1522 1599 1572 1636 ad
1599 1598 1795 1636 Christum
1825 1597 2073 1646 figurandum

130 1656 313 1707 pertinuit
340 1657 420 1693 vllo
448 1656 591 1705 modo,
621 1662 686 1693 aut
717 1656 796 1692 vllo
826 1654 907 1692 iure
932 1653 1055 1703 aptari
1082 1660 1224 1703 potest.
1254 1654 1506 1703 Quapropter
1529 1651 1647 1701 siquis
1672 1652 1749 1689 hoc
1766 1658 1942 1700 tempore
1960 1651 2076 1687 Vellet

131 1714 154 1748 a
195 1711 386 1748 suffocato
429 1709 464 1746 δι
500 1708 686 1759 sanguine
724 1707 917 1746 abstinere
956 1710 1073 1756 (quae
1102 1707 1327 1745 ceremonia
1355 1714 1412 1744 est
1442 1706 1615 1743 mortalis
1644 1704 1724 1743 siue
1754 1703 1966 1751 mutabilis)
1995 1715 2076 1740 non

133 1763 408 1814 impediretur,
443 1763 566 1800 modo
605 1775 654 1800 ne
682 1761 718 1800 id
749 1763 815 1799 fiat
843 1773 960 1799 causa
988 1759 1265 1799 conscientiae.
1294 1761 1396 1798 Nam
1426 1760 1516 1797 cum
1545 1758 1795 1796 interdictum
1824 1757 1918 1795 illud
1947 1755 2077 1794 officia

132 1815 382 1855 humanitatis
410 1815 508 1853 inter
535 1828 672 1854 omnes
701 1815 943 1853 exercendae
971 1813 1262 1864 significauerit,
1293 1815 1328 1851 ἅτ
1356 1811 1695 1852 commendauerit
1724 1810 1894 1849 studium
1925 1810 1974 1848 de
1994 1809 2074 1847 vita

134 1870 337 1908 hominum
364 1870 656 1920 conseruanda,
685 1869 794 1918 quod
824 1867 999 1906 officium
1026 1870 1050 1906 a
1078 1875 1215 1905 natura
1242 1876 1318 1917 est3
1349 1870 1384 1905 ἃ
1413 1866 1566 1917 signum
1591 1866 1712 1903 libere
1737 1867 1846 1904 &res
1863 1863 2077 1914 significata

133 1923 352 1962 necessario
382 1923 637 1972 obseruatur,
665 1922 696 1960 si
722 1922 844 1960 modo
875 1923 926 1959 ab
954 1921 1066 1971 signo
1097 1920 1198 1959 absit
1225 1920 1464 1971 superstitio:
1494 1932 1553 1957 res
1582 1918 1711 1957 media
1739 1925 1796 1956 est
1823 1919 1938 1968 plane
1961 1924 2078 1966 atque

133 1976 369 2015 indifferens.
411 1982 651 2026 quapropter
692 1977 798 2014 recte
840 1974 1022 2025 Apostoli
1064 1974 1345 2012 consuluerunt
1387 1973 1587 2011 Ecclesiae
1616 1971 1711 2019 Dei,
1740 1978 1781 2008 vt
1809 1971 1859 2021 pij
1892 1983 2029 2008 omnes
2056 1972 2078 2006 a

134 2030 317 2068 violanda
351 2028 481 2079 priore
510 2029 604 2079 legis
631 2029 764 2067 tabula
794 2029 920 2078 (quod
947 2028 1169 2066 idololatria
1197 2029 1259 2065 uel
1287 2028 1503 2077 pollutione
1532 2026 1857 2064 simulachrorum
1887 2024 2078 2073 synecdo-

134 2083 243 2122 chice
270 2083 430 2121 nomine
459 2082 707 2121 scortationis
735 2088 986 2132 praeceptum
1015 2083 1087 2130 est)
1117 2083 1152 2119 δι
1180 2083 1203 2118 a
1233 2080 1415 2119 violanda
1442 2082 1602 2117 fratrum
1633 2078 1872 2116 conscientia
1900 2078 1938 2116 in
1965 2079 2079 2115 rebus

135 2137 359 2187 adiaphoris
387 2135 646 2185 abstinerent,
677 2136 786 2184 quod
813 2135 974 2173 nomine
1003 2134 1443 2184 suffocati&sanguinis
1460 2132 1530 2171 suit
1547 2133 1799 2171 declaratum.
1828 2135 1917 2169 Act.
1941 2142 1997 2180 15.
2017 2143 2076 2178 29.

135 2190 270 2228 Ritum
305 2192 398 2228 vero
437 2189 546 2227 illum
576 2189 732 2228 votiuae
761 2187 1036 2238 professionis,
1065 2189 1173 2226 cuius
1203 2189 1423 2237 exemplum
1453 2194 1510 2224 est
1538 2189 1628 2224 Act.
1660 2199 1720 2223 21.
1751 2186 1810 2222 26.
1842 2197 1920 2222 non
1952 2185 2079 2222 solum

137 2243 382 2293 mutabilem,
411 2243 480 2280 sed
511 2242 627 2280 etiarn
658 2249 854 2281 mortuum
884 2245 1154 2291 mutatumque
1183 2241 1364 2279 dicimus:
1389 2245 1479 2290 quia
1501 2240 1593 2278 ritus
1615 2238 1687 2276 fuit
1702 2238 1941 2276 voluntariae
1956 2236 2079 2274 cuius-

136 2297 227 2333 dam
263 2295 531 2346 ceremoniae,
567 2307 644 2346 qua
681 2295 863 2333 homines
891 2296 992 2333 Vltro
1022 2307 1062 2333 se
1091 2295 1130 2332 in
1159 2293 1418 2332 sanctimonia
1446 2294 1702 2342 exelcebant,
1731 2297 1896 2339 eamque
1926 2292 2080 2341 profite-

136 2350 280 2388 bantur
307 2351 356 2388 de
385 2363 426 2388 se
455 2349 549 2400 ipsi,
577 2361 657 2387 non
686 2355 816 2387 autern
845 2349 894 2386 de
924 2348 1079 2387 Christo
1110 2347 1325 2398 quidquam
1355 2348 1585 2398 figurabant.
1614 2347 1717 2383 Nam
1747 2345 1813 2395 qui
1842 2345 1956 2382 ritum
1972 2344 2080 2381 illum

133 2403 414 2444 Naziraeorum
443 2402 617 2440 votiuum
648 2404 911 2440 Numerorum
947 2415 978 2440 1.
1011 2415 1043 2438 2.
1074 2415 1120 2439 ac
1148 2401 1410 2439 voluntarium
1433 2413 1524 2438 cum
1549 2399 1622 2437 ritu
1645 2398 1712 2437 illo
1728 2397 1948 2436 necessario
1964 2404 2082 2446 atque

133 2456 324 2506 imperato
355 2456 620 2505 confundunt,
651 2455 871 2494 cuiusmodi
898 2455 969 2493 fuit
999 2454 1241 2493 Schimsonis
1270 2455 1382 2502 ritus,
1412 2453 1434 2502 ij
1464 2452 1608 2491 iudicio
1639 2464 1727 2490 meo
1756 2453 1994 2490 conturbant
2022 2462 2083 2487 res

134 2512 252 2558 quam
284 2508 585 2548 remotissimas:
615 2509 703 2547 cum
733 2510 830 2558 vo(f.
866 2507 1084 2558 1532)tiuus
1113 2508 1363 2546 Naziraeatus
1392 2509 1415 2545 a
1442 2506 1515 2557 piis
1542 2506 1795 2544 adhiberetur
1822 2506 1872 2543 ad
1900 2504 2084 2542 exercita—

138 2571 315 2601 mentum
340 2563 703 2613 professionemque
733 2562 791 2600 sui
819 2561 1015 2612 ipsorum,
1044 2573 1121 2610 qua
1151 2562 1303 2611 expleta
1329 2561 1468 2611 gratias
1490 2561 1656 2610 agebant
1673 2559 1872 2597 oblatione
1886 2557 2084 2604 Dominog

133 2617 350 2665 Imperatus
379 2618 472 2654 vero
501 2616 552 2654 ad
581 2615 948 2666 praefigurationem
978 2614 1122 2653 Christi
1148 2614 1371 2664 pertineret.

188 2669 472 2708 Grauissimum
502 2671 596 2707 vero
625 2670 847 2718 exemplum
877 2668 971 2706 illud
1002 2674 1082 2717 est,
1111 2668 1220 2717 quod
1248 2668 1297 2706 de
1325 2667 1537 2705 Timotheo
1568 2665 1800 2704 circumciso
1828 2678 1898 2715 per
1922 2665 2083 2702 Paulum

133 2723 362 2761 adducitur:
405 2724 492 2761 cum
534 2722 616 2772 ipse
659 2723 801 2760 Paulus
843 2723 961 2770 quam
1005 2720 1173 2759 maxima
1213 2733 1314 2759 voce
1351 2719 1616 2769 contenderit,
1654 2718 1694 2757 Si
1730 2716 2085 2766 circumcidamini,

134 2775 333 2814 Christum
362 2776 459 2814 nihil
489 2775 604 2813 vobis
636 2777 899 2825 profuturum.
931 2775 1060 2813 Galat.
1076 2787 1111 2825 5.
1131 2788 1165 2812 2.
1193 2774 1392 2812 Mortifera
1422 2780 1479 2811 est
1508 2773 1622 2824 igitur
1637 2770 1944 2810 circumcisionis
1957 2772 2087 2809 obser-

1956 2830 2086 2873 uat1o,
