2334 3020
841 92 1107 120 EinaNrcr
1149 92 1290 118 vans
1333 90 1384 118 11.
2003 89 2078 127 479

145 200 377 253 principium
405 201 506 240 vitae
533 211 638 240 suae.
667 199 875 239 Christiani
904 209 1036 238 sumus
1050 205 1171 249 typo:
1200 197 1269 236 sed
1283 197 1484 236 veritatem
1508 196 1632 247 ipsam
1645 194 1727 247 typi
1742 195 1915 246 plerique
1930 205 2080 246 oppug-

145 266 303 307 namus,
343 255 379 293 &
406 254 613 294 euertimus
642 253 681 292 in
710 255 839 293 nobus
866 252 1075 292 vitiositate
1103 259 1257 302 nostra,
1285 250 1514 301 viarumque
1540 256 1761 289 nostrarum
1789 249 2083 299 deprauatione.

146 308 381 360 Principium
408 315 606 357 tenemus,
634 307 670 345 &
699 306 888 358 fugimus:
926 313 1062 356 typum
1092 304 1290 355 videmus,
1319 305 1355 342 &
1384 304 1574 343 delemus.
1602 304 1697 342 Hoc
1725 302 1874 341 scilicet
1901 301 2083 341 Christia-

146 373 286 400 norum
329 368 400 400 est.
440 360 479 399 Si
520 372 614 411 ergo
655 359 864 399 Christiani
906 370 1058 411 sumus,
1093 359 1129 396 &
1159 357 1480 397 communionem
1504 356 1610 395 illam
1637 356 1827 395 habemus
1855 367 1946 394 cum
1974 356 2078 400 Deo,

147 414 263 454 etiam
298 421 416 464 atque
451 413 567 452 etiam
606 413 814 452 Christiani
847 412 965 452 simus
1002 424 1092 451 cum
1131 411 1313 450 fratribus
1351 410 1494 449 nostris
1536 422 1696 449 necesse
1724 415 1802 459 est,
1831 410 2084 457 colamus-‚que

146 479 236 506 cum
265 467 318 506 eis
347 467 668 506 communionem
696 469 787 506 vere
814 465 1092 517 Christianam,
1120 477 1220 515 quae
1248 463 1363 504 nobis
1391 465 1468 502 hoc
1495 464 1587 502 loco
1614 463 1805 514 imperata
1832 469 1902 502 est.

199 520 319 569 Quod
345 520 377 559 si
404 531 534 558 rerum
561 520 721 559 istarum
752 518 1074 559 communionem
1102 518 1204 557 inter
1230 530 1303 556 nos
1331 516 1492 556 instituit
1520 517 1646 567 Deus3
1675 516 1761 566 quis
1790 515 1889 554 adeo
1922 515 2083 554 demens

146 581 225 623 est,
253 580 294 612 vt
321 586 402 612 non
430 573 618 612 continuo
647 573 776 612 videat
805 572 915 612 modi
943 583 1102 622 quoque
1129 571 1181 610 ad
1208 572 1278 610 has
1306 583 1366 609 res
1395 569 1623 621 pertinentis
1652 569 1972 608 communionem
2001 580 2084 606 esse

145 625 358 676 oportere?
401 628 522 665 Hunc
550 631 682 665 autem
709 626 872 666 modum
900 625 1060 677 exponit
1087 626 1233 663 Psaltes
1267 634 1358 662 cum
1388 625 1437 663 de
1465 625 1625 662 fratrum
1652 621 1892 661 habitatione
1919 623 1997 662 vnc‘t
2025 622 2087 659 vel

136 681 298 730 pariter
331 679 566 718 instituenda
606 679 792 730 loquitur.
840 680 942 717 Nam
984 678 1051 728 qui
1100 689 1221 716 vnum
1262 683 1351 716 sunt
1390 676 1430 715 in
1459 676 1637 727 Christo,
1665 675 1732 725 qui
1759 688 1839 714 vno
1868 675 1950 713 iure
1978 675 2087 724 apud

146 734 321 782 Patrem,
362 732 430 782 qui
466 732 658 784 principio
695 733 850 783 viuunt,
888 731 954 781 qui
991 732 1042 770 ad
1079 731 1247 770 eundem
1285 737 1422 781 typum
1449 729 1680 768 imitandum
1709 730 1745 767 δε
1772 729 1941 767 eundem
1970 729 2087 766 finem

146 786 471 835 prehendendum
507 787 637 825 vocati
670 793 780 837 sunt,
816 798 896 824 non
934 785 1096 824 seorsim
1125 783 1286 834 quidem
1314 782 1475 834 singuli,
1518 783 1588 821 sed
1614 784 1691 821 vna
1718 781 1919 820 coniuncti
1950 781 2089 820 virtute

144 839 243 889 Dei,
281 839 321 877 hi
359 841 539 889 profecto
573 853 654 879 non
704 845 869 890 possunt
919 851 1001 877 non
1043 837 1185 876 sentire
1224 836 1493 875 necessitatem
1531 834 1884 886 coagmentationis
1913 846 2023 883 suae,
2051 835 2088 872 δε

145 893 261 930 rebus
300 892 484 932 omnibus
524 893 623 932 inter
663 906 704 932 se
731 891 1046 942 communicare,
1087 898 1129 930 vt
1155 889 1442 940 optatissimum
1468 889 1576 928 illum
1604 890 1722 927 finem
1738 888 1788 926 ad
1814 899 1931 937 quem
1958 887 2087 926 vocati

144 952 253 994 sunt,
292 957 363 995 per
402 946 567 996 gratiam
603 952 866 996 assequantur.
897 946 1030 982 Vnum
1058 951 1117 983 est
1144 954 1287 993 corpus
1315 942 1457 993 (inquit
1485 943 1705 993 Apostolus
1734 942 1878 992 Ephes.
1906 954 1942 988 4.
1970 944 2022 989 4.)
2051 942 2087 978 &

143 1009 241 1037 vnus
268 998 441 1049 spiritus:
471 1000 570 1038 sicut
598 1001 634 1038 δε
661 999 792 1039 vocati
820 998 910 1038 estis
939 997 978 1036 in
1006 1010 1124 1036 vnam
1152 1009 1262 1047 spem
1289 995 1509 1035 vocationis
1537 1002 1706 1046 vestrae,
1743 1005 1842 1033 vnus
1872 993 2088 1042 Dominus,

145 1064 221 1090 vna
249 1053 362 1103 fides,
391 1064 511 1091 vnum
539 1052 750 1103 baptisma,
781 1064 879 1091 vnus
905 1052 1013 1090 Deus
1041 1051 1076 1089 δε
1104 1057 1214 1101 pater
1241 1049 1436 1100 omnium,
1466 1047 1534 1100 qui
1566 1056 1623 1088 est
1651 1059 1769 1098 super
1797 1060 1934 1086 omnes
1961 1048 1997 1085 &
2020 1059 2089 1097 per

143 1117 299 1156 omnes,
327 1108 363 1144 &
388 1105 427 1144 in
455 1105 639 1146 omnibus
667 1106 806 1146 vobis:
836 1105 910 1143 His
938 1104 1108 1154 denique
1135 1102 1319 1142 omnibus
1334 1114 1454 1142 vnum
1471 1113 1686 1142 commune
1703 1100 1946 1140 domicilium
1962 1101 2089 1138 &vna

144 1159 279 1209 statio,
308 1159 486 1198 Ecclesia
512 1159 608 1211 Dei;
636 1159 675 1198 in
701 1172 780 1209 qua
803 1171 875 1198 nos
903 1157 1047 1196 versari
1074 1169 1235 1196 necesse
1263 1163 1342 1207 est,
1370 1157 1407 1193 δε
1434 1155 1664 1194 conuersari
1693 1161 1810 1205 prout
1839 1154 1952 1193 decet
1975 1165 2089 1192 voca-

142 1211 290 1251 tionem
328 1219 523 1262 nostram,
555 1213 723 1263 primum
762 1213 850 1251 Deo
887 1210 1121 1261 seruientes,
1151 1209 1293 1248 deinde
1321 1212 1417 1248 vero
1446 1209 1543 1248 alios
1572 1208 1656 1246 aliis
1687 1207 1903 1246 secundum
1933 1208 2088 1245 Deum:

145 1265 180 1302 ἃ
222 1264 288 1304 vbi
330 1265 514 1316 singulari
553 1279 600 1304 ac
635 1265 835 1305 communi
871 1277 1017 1315 opera,
1050 1269 1228 1314 separata
1264 1265 1299 1301 δι
1337 1261 1572 1312 coniuncta,
1602 1261 1652 1300 ad
1682 1272 1804 1300 vnum
1835 1261 1944 1299 illum
1972 1262 2089 1298 finem

144 1330 335 1369 supernae
375 1319 610 1369 vocationis,
651 1326 836 1369 tanquam
880 1317 993 1357 vnius
1033 1316 1184 1356 domini
1225 1327 1381 1367 seruos,
1424 1316 1460 1353 &
1503 1314 1746 1354 domesticos
1788 1314 1901 1353 vnius
1928 1314 2090 1362 domus,

144 1378 301 1422 oportet
326 1373 581 1411 contendere.

196 1423 328 1474 Quid?
370 1426 481 1476 quod
520 1438 602 1464 non
643 1426 769 1465 solum
809 1424 951 1475 vnitas,
996 1423 1066 1463 sed
1108 1422 1224 1461 etiam
1248 1422 1288 1460 in
1317 1423 1391 1460 hac
1419 1421 1568 1460 vnitate
1596 1428 1733 1460 nostra
1760 1421 2034 1458 membrorum
2052 1419 2087 1457 δε

142 1478 341 1517 actionum
370 1479 546 1518 omnium
574 1479 777 1529 proportio
805 1478 943 1517 eadem
968 1489 1067 1516 voce
1095 1473 1328 1526 imperatur?
1359 1477 1419 1513 Ex
1447 1486 1525 1525 qua
1554 1474 1595 1513 id
1622 1473 1796 1523 sequitur
1825 1473 1940 1524 boni,
1983 1473 2090 1522 qudd

143 1543 271 1581 neque
291 1534 314 1569 a
341 1545 382 1571 se
401 1532 487 1583 ipso
527 1532 734 1582 quisquam
763 1533 937 1571 diuersus
966 1530 1015 1569 sit
1042 1529 1082 1568 in
1109 1529 1172 1568 via
1200 1528 1381 1579 Domini,
1410 1539 1538 1578 neque
1566 1529 1590 1565 a
1618 1527 1695 1566 suis
1724 1527 1932 1573 fratribus,
1961 1538 2092 1576 neque

142 1586 165 1622 a
204 1585 402 1636 Domino3
443 1586 514 1624 sed
553 1592 778 1625 constanter
819 1587 855 1624 &
895 1591 1000 1623 totus
1043 1582 1219 1622 Domino
1260 1593 1333 1621 suo
1375 1581 1636 1632 fratribUSque
1679 1580 1757 1619 suis
1795 1581 2026 1625 adhaereat,
2055 1582 2091 1618 &

141 1644 324 1688 sequatur
363 1638 581 1677 Dominum
621 1650 711 1678 cum
753 1640 914 1678 fratrum
955 1649 1105 1676 corona
1131 1635 1435 1686 religiosissime.
1464 1635 1542 1674 Sed
1570 1635 1621 1673 de
1649 1635 1724 1672 hac
1753 1646 1794 1672 re
1821 1634 1860 1672 in
1889 1635 2090 1673 Psalmum

141 1691 437 1731 antecedentem
464 1692 542 1731 iam
570 1692 660 1731 satis
687 1692 873 1739 diximus,
902 1693 1008 1730 Deus
1029 1690 1106 1741 ille,
1134 1689 1203 1739 qui
1229 1690 1297 1728 dat
1323 1690 1422 1728 velle
1450 1690 1486 1727 &
1516 1689 1706 1738 perficere
1734 1699 1807 1738 pro
1833 1688 1941 1727 bona
1954 1687 2089 1726 volun-

142 1752 221 1783 tate
262 1756 350 1796 sua,
386 1746 554 1796 gratiose
582 1746 793 1784 admoueat
820 1751 1022 1796 paternam
1052 1754 1212 1782 manum
1229 1773 1240 1793 ,
1269 1749 1310 1782 vt
1338 1755 1408 1792 per
1435 1754 1523 1781 eam
1566 1747 1652 1780 toto
1699 1752 1888 1793 corpore,
1934 1739 2094 1790 animo,

143 1799 178 1858 §z
205 1805 349 1857 'mente
385 1799 690 1851 sanctificemur,
731 1801 767 1838 &
792 1799 883 1838 huic
911 1797 1044 1837 officio
1072 1796 1348 1836 incumbamus
1380 1794 1670 1834 communionis
1698 1802 1854 1833 nostrae
1881 1794 1921 1833 in
1950 1793 2091 1833 timore

142 1862 277 1902 ipsius.

194 1906 409 1955 Postquam
446 1908 540 1944 vero
568 1917 763 1956 quaenam
791 1906 889 1944 haec
912 1903 1142 1944 communio
1170 1903 1218 1942 sit
1245 1901 1491 1953 audiuimus,
1521 1908 1676 1952 tempus
1704 1906 1762 1940 est
1790 1906 1831 1939 vt
1859 1912 1907 1938 ex
1936 1899 2092 1938 Dauide

142 1970 428 2008 cognoscamus
455 1958 551 2009 quid
578 1959 628 1999 de
656 1972 702 1999 ea
728 1958 945 2010 praedicari
972 1957 1107 2009 possit.
1136 1957 1256 1995 Hanc
1284 1955 1400 2006 igitur
1428 1955 1753 1994 communionem
1782 1953 1939 1992 duobus
1964 1953 2089 1992 nomi-

141 2011 256 2050 nibus
290 2013 435 2051 Psaltes
469 2013 762 2052 concelebrauit
797 2013 957 2052 dicens:
995 2013 1151 2050 Bonum
1185 2011 1236 2048 ἐφ’
1275 2022 1475 2048 amoenum
1506 2021 1605 2059 esse,
1634 2009 1738 2047 hanc
1768 2006 2090 2045 communionem

142 2065 231 2103 coli.
272 2066 429 2116 Duplex
468 2065 591 2116 gratia
631 2066 670 2104 in
712 2065 992 2106 communione
1026 2070 1253 2103 sanctorum
1281 2062 1517 2113 proponitur
1544 2060 1731 2100 bonitatis
1760 2062 1797 2100 δι
1823 2059 2090 2110 amoenitatis,

141 2119 202 2157 vel
243 2117 494 2157 iucunditatis
534 2131 721 2159 summae.
763 2121 876 2158 Haec
912 2124 1043 2157 autem
1070 2118 1150 2156 duo
1177 2129 1259 2155 non
1287 2117 1434 2155 temere
1460 2117 1484 2152 a
1519 2115 1717 2165 Propheta
1757 2115 1914 2152 fuerunt
1940 2114 2094 2164 posita,

139 2172 208 2210 sed
248 2171 548 2212 accommodate
575 2173 627 2212 ad
654 2180 833 2212 naturam
861 2175 897 2212 δε
925 2178 1084 2222 captum
1103 2169 1284 2209 hominis.
1332 2169 1481 2208 Omnes
1507 2181 1649 2218 nempe
1665 2170 1688 2205 a
1717 2174 1856 2206 natura
1883 2167 1981 2205 haec
2008 2167 2089 2205 duo

141 2231 348 2276 expetunt,
385 2225 495 2276 quod
529 2227 679 2265 bonum
715 2233 794 2277 est,
829 2229 865 2266 &
901 2225 1011 2275 quod
1045 2223 1271 2262 iucundum.
1306 2222 1370 2261 Sic
1394 2223 1544 2261 bonum
1571 2221 1791 2272 expetimus
1821 2227 1862 2259 vt
1889 2221 2091 2270 voluptate

141 2277 396 2316 coniunctum
437 2278 600 2318 velimus
637 2292 745 2319 esse:
781 2279 897 2319 etiam
923 2282 948 2317 a
976 2277 1267 2316 medicamento
1296 2275 1474 2326 quamuis
1508 2273 1787 2325 saluberrimo,
1830 2272 1861 2312 si
1890 2280 2088 2312 austerum

142 2337 216 2381 est,
258 2332 527 2371 abhorremus.
568 2333 646 2371 Sed
683 2334 833 2372 bonum
870 2335 906 2372 δε
933 2331 1149 2370 iucundum
1173 2331 1292 2380 vulgo
1321 2330 1411 2367 cum
1441 2327 1603 2379 dicitur,
1633 2326 1910 2378 quamplurimi
1938 2339 2089 2365 errores

141 2384 338 2423 mentibus
378 2385 555 2424 humanis
593 2387 718 2426 solent
745 2388 949 2437 obrepere.
977 2385 1080 2423 Nam
1104 2383 1203 2432 b0(f.
1236 2383 1423 2433 749)num
1452 2388 1522 2420 aut
1551 2392 1764 2420 commune
1791 2387 1850 2420 est
1877 2386 1944 2418 aut
1969 2380 2090 2431 parti-

141 2439 290 2488 culare,
326 2441 526 2488 praeterea
563 2446 628 2478 aut
662 2439 783 2479 animi
816 2446 883 2478 aut
919 2437 1116 2488 eorporis,
1156 2443 1239 2475 tum
1266 2442 1333 2474 aut
1362 2435 1513 2474 morale
1542 2434 1582 2473 in
1610 2434 1767 2473 actione
1795 2433 1992 2485 positum,
2021 2439 2087 2472 aut

141 2492 316 2530 naturale
358 2492 484 2531 solum
524 2491 564 2530 in
604 2504 718 2531 sensu
751 2495 788 2532 &
814 2490 1171 2542 contemplatione,
1201 2490 1403 2539 postremo
1429 2495 1499 2526 aut
1527 2494 1710 2527 aeternae
1737 2486 1840 2526 illius
1869 2486 1991 2537 vitae,
2020 2492 2087 2524 aut

141 2544 254 2583 huius
280 2544 497 2594 periturae:
527 2557 696 2596 quorum
722 2546 829 2597 prius
857 2544 1150 2596 supernaturale
1177 2550 1296 2593 atque
1324 2542 1501 2581 diuinum
1535 2548 1611 2592 est,
1639 2540 1679 2579 in
1693 2540 1853 2591 spiritu3
1882 2540 1961 2579 hoc
1976 2546 2085 2578 natu-

141 2599 222 2636 rale
247 2599 283 2636 δε
309 2598 545 2650 humanum,
573 2599 612 2638 in
640 2612 757 2638 carne
784 2602 820 2638 δε
847 2609 962 2639 sensu
989 2596 1172 2648 positum.
1202 2595 1311 2645 Quid
1338 2595 1401 2633 hic
1423 2594 1602 2633 homines
1618 2590 1937 2642 taciantiudicij?
1966 2593 2083 2632 Certe

140 2650 206 2700 qui
233 2650 393 2690 minime
420 2651 596 2691 omnium
624 2655 786 2692 vtuntur
807 2652 978 2703 ratione,
1007 2652 1159 2689 bonum
1173 2649 1405 2699 particulare
1430 2648 1646 2699 communi,
1673 2648 1883 2698 corporale
1904 2646 2082 2697 spiritali,

140 2705 316 2743 naturale
350 2707 386 2743 δι
421 2707 598 2744 sensuale
625 2708 682 2755 (vt
718 2706 770 2745 ita
801 2706 947 2753 dicam)
984 2702 1145 2752 morali,
1172 2714 1356 2753 praesens
1382 2702 1514 2740 futuro
1543 2707 1815 2751 anteponunt:
1845 2699 1937 2750 quia
1964 2699 2081 2750 pluri-

141 2768 248 2795 mum
284 2757 432 2809 sensui,
466 2765 507 2797 vt
546 2759 733 2809 pecudes,
763 2759 903 2799 rationi
933 2767 1163 2808 perparum,
1190 2755 1411 2794 auctoritati
1437 2754 1512 2793 Dei
1539 2755 1580 2793 in
1609 2755 1733 2794 verbo
1762 2756 1958 2793 reuelatae
1986 2752 2081 2791 nihil

139 2809 301 2849 omnino
327 2811 514 2851 tribuunt.
541 2812 621 2861 Qui
648 2815 741 2851 vero
768 2814 920 2851 calamo
948 2809 1107 2850 rationis
1135 2809 1254 2848 solius
1282 2808 1367 2848 freti
1395 2808 1469 2847 sibi
1499 2807 1681 2847 videntur
1713 2819 1871 2867 sapere,
1902 2806 1926 2856 ij
1943 2806 1982 2844 in
1999 2805 2077 2897 sluis

1725 2859 2012 2900 ratiocinationi
2042 2871 2086 2897 us
