2334 3020
839 104 1104 133 EIRENICI
1147 104 1287 131 PARS
1331 101 1355 130 1.
1992 97 2066 136 425

131 220 170 258 111
200 231 279 269 quo
308 218 387 267 agit
415 218 516 255 male
543 213 744 254 habuerit?
772 220 837 252 aut
864 225 965 262 quae
992 214 1094 251 salus
1124 210 1362 262 expectanda
1395 209 1573 247 membro
1597 208 1627 246 si
1643 205 1885 246 contabescit
1901 202 2069 255 corpus?

132 274 280 311 Contra
308 274 422 316 vero,
453 270 560 319 quod
589 268 773 319 gaudium
802 265 984 317 singulari
1014 267 1194 304 membro
1224 265 1361 302 deesse
1375 269 1523 312 potest,
1541 262 1570 300 si
1587 263 1715 300 valere
1730 272 1873 310 corpus
1888 259 2065 297 animad-

134 322 319 364 uerterit?
361 324 467 373 quod
506 322 537 360 si
576 321 701 372 ipsum
740 320 922 371 singulari
959 320 1132 369 quodam
1171 318 1292 356 modo
1321 315 1508 354 afficiatur
1538 317 1658 364 male,
1686 314 1794 364 quod
1823 314 1968 350 malum
1998 311 2070 362 ipsi

133 378 304 429 grauiter
332 378 564 415 damnosum
594 387 677 413 esse
706 380 856 424 potest,
885 373 915 410 si
944 383 1155 411 commune
1185 372 1336 409 bonum
1365 369 1541 418 corporis
1569 368 1641 419 ipsi
1664 369 1833 406 futurum
1858 372 1914 404 est
1938 366 2070 414 bono,

136 433 170 469 81
209 431 308 469 vires
346 441 577 468 communes
614 439 701 466 suas
739 428 788 465 ad
818 426 1020 476 singularis
1049 424 1215 463 membri
1242 422 1565 462 commoditatem
1597 418 1854 460 collaturum?
1894 420 1938 456 In
1966 419 2072 456 hunc

136 485 298 523 modum
335 484 554 532 Prophetae
593 480 715 519 sancti
743 482 778 519 &
807 479 934 529 prisca
963 478 1141 517 Ecclesia
1169 477 1243 515 Dei
1270 479 1294 514 a
1323 475 1572 526 singularium
1603 475 1870 512 membrorum
1899 473 2008 510 bono
2038 473 2071 509 ἃ

134 537 230 576 boni
258 535 516 584 conscientia,
551 535 765 572 docuerunt
793 546 866 571 nos
896 545 1033 570 01111105
1063 532 1112 569 ad
1141 530 1237 568 boni
1265 529 1486 568 communis
1514 527 1825 577 explorationem
1854 526 1889 562 &
1918 536 2072 563 sensum

137 590 418 639 assurgendum
461 601 561 637 esse,
600 594 639 625 vt
675 600 807 625 veram
842 586 1027 624 laetitiam
1056 595 1329 632 assequamur3
1357 581 1676 631 quandoquidem
1705 592 1779 618 nec
1807 579 1989 617 diuturna
2018 584 2075 615 est

137 643 285 682 laetitia
313 642 479 680 membri
508 648 694 691 pereunte
724 652 910 689 corpore,
938 652 1012 677 nec
1040 644 1146 676 certa
1174 635 1365 686 pernicies
1394 635 1496 685 eius,
1527 635 1556 673 si
1584 645 1663 684 quo
1692 634 1796 671 malo
1812 631 2076 679 infestabitur,

137 698 291 735 valente
322 708 510 745 corpore,
540 695 574 731 ἃ
599 694 648 731 ad
666 692 1005 731 confirmationem
1020 689 1234 729 laborantis
1250 688 1414 728 membri
1430 695 1670 726 accurrente.
1699 688 1815 724 Nunc
1831 698 1924 736 ergo
1941 695 2076 723 secun-

140 751 234 788 dum
275 750 353 786 hoc
395 759 596 786 causarum
640 758 762 797 genus
807 745 1024 791 videamus,
1064 744 1206 793 quibus
1239 748 1464 781 recreantur
1492 740 1565 791 pij,
1603 740 1705 779 &in
1736 739 1918 778 omnibus
1947 749 2074 776 rerum

137 802 432 841 difficultatibus
461 800 771 839 consolationem
799 805 946 836 certam
976 798 1261 847 adipiscuntur,
1288 796 1478 845 gaudent,
1508 801 1625 843 atque
1653 792 1879 843 gloriantur.

190 854 329 894 Positis
367 857 456 892 ante
494 854 653 904 priuatis
685 854 720 890 &
749 852 1008 902 singularibus
1037 850 1162 889 causis
1191 848 1400 888 Christiani
1430 847 1529 886 illius
1557 846 1685 897 gaudij
1702 876 1712 895 ,
1741 857 1972 884 communes
2001 843 2077 881 iam

138 909 261 947 tribus
302 907 362 945 his
403 908 578 946 versibus
621 908 852 955 afferuntur,
895 916 1059 954 quarum
1096 904 1194 941 haec
1231 914 1383 940 summa
1412 908 1487 940 est:
1530 901 1620 938 Pios
1648 899 1801 950 priuato
1831 901 1866 937 &
1895 896 2079 948 singulari

139 962 299 1012 quidem
342 968 519 1011 respectu
562 972 679 1010 quem
721 959 759 997 in
801 957 1066 1008 superioribus
1108 955 1379 1006 exposuimus,
1417 960 1590 993 sanctam
1620 952 1804 991 laetitiam
1835 951 1973 989 animis
2001 949 2079 988 suis

139 1015 359 1065 percipere3
404 1014 473 1052 sed
509 1016 627 1064 longe
666 1012 804 1050 maiori
838 1011 979 1050 laetitia
1006 1010 1108 1048 affici
1138 1022 1186 1047 ex
1216 1007 1437 1047 communis
1465 1006 1560 1045 boni
1589 1006 1942 1056 contemplatione,
1972 1003 2080 1053 quod

140 1071 289 1107 bonum
331 1067 369 1105 in
412 1067 589 1105 Ecclesia
631 1072 817 1114 cernunt,
856 1066 891 1102 &
927 1066 977 1103 ab
1011 1062 1190 1102 Ecclesia
1218 1063 1268 1100 ad
1298 1074 1338 1099 se
1366 1060 1534 1099 sentiunt
1561 1059 1748 1098 deriuari:
1777 1066 1859 1097 tum
1889 1057 1978 1108 quia
2006 1058 2080 1094 hac

141 1120 415 1172 recognitione
443 1122 637 1158 bonorum
667 1120 705 1157 in
735 1117 912 1156 Ecclesia
940 1122 1230 1168 recognoscunt
1257 1114 1493 1163 Ecclesiam,
1521 1120 1604 1151 tum
1628 1116 1720 1152 vero
1742 1111 1834 1161 quia
1855 1110 2081 1160 suamipso-

142 1187 226 1213 rum
257 1174 527 1212 conditionem
557 1174 595 1211 in
626 1172 802 1210 Ecclesia
829 1172 912 1221 ipsa
940 1170 1131 1220 sentiunt,
1160 1170 1195 1206 &
1224 1167 1297 1206 sibi
1325 1168 1374 1205 de
1391 1180 1437 1205 ea
1451 1167 1704 1217 gratulantur.
1733 1167 1935 1203 Bonorum
1952 1171 2082 1202 autem

142 1240 242 1278 quae
272 1228 321 1265 ad
351 1227 551 1265 Ecclesiae
589 1225 876 1276 cognitionem,
905 1226 940 1263 &
967 1225 1016 1262 ad
1047 1223 1315 1261 membrorum
1343 1221 1425 1259 eius
1453 1219 1764 1258 aedificationem
1792 1217 1957 1267 faciunt,
1984 1216 2082 1255 ratio

141 1282 285 1331 duplex
327 1282 404 1318 hoc
446 1282 537 1318 loco
566 1280 735 1330 ponitur.
773 1279 875 1316 Nam
911 1277 1080 1328 primum
1116 1273 1403 1314 absolutissima
1432 1273 1632 1311 Ecclesiae
1659 1272 1697 1310 in
1726 1285 1766 1310 se
1794 1269 2083 1321 coagmentatio

141 1335 318 1385 ponitur,
346 1334 424 1372 hoc
455 1345 586 1384 versu,
623 1332 764 1371 deinde
791 1334 885 1370 vero
915 1330 1046 1369 officia
1075 1328 1207 1367 omnia
1235 1327 1284 1365 ad
1312 1326 1693 1378 coagmentationem
1720 1324 1826 1363 illam
1854 1322 2084 1375 pertinentia

142 1394 261 1436 atque
290 1386 553 1425 indesinenter
580 1386 618 1423 in
649 1399 695 1424 ea
723 1384 975 1435 profluentia,
1004 1384 1160 1421 duobus
1189 1381 1454 1430 sequentibus.
1482 1381 1614 1429 Atque
1641 1380 1714 1417 hae
1730 1379 1830 1417 duae
1845 1390 1906 1416 res
1922 1377 2084 1416 omnino

142 1447 232 1479 sunt
264 1452 362 1490 opus
392 1441 441 1478 ad
470 1440 625 1490 piorum
656 1437 1014 1476 confirmationem:
1045 1435 1380 1486 quemadmodum
1403 1433 1442 1471 in
1459 1434 1640 1483 symbolo
1657 1432 1954 1482 Apostolorum,
1978 1437 2084 1480 post-

144 1506 261 1544 quam
299 1492 463 1543 professi
497 1504 630 1531 sumus
668 1505 740 1530 nos
778 1491 938 1530 credere
966 1497 1142 1529 sanctam
1177 1487 1397 1526 Ecclesiam
1427 1486 1683 1533 catholicam,
1712 1485 1814 1523 1111οὸ
1841 1484 2087 1534 subiicimus,

144 1547 465 1586 communionem
498 1552 744 1596 sanctorum,
774 1544 882 1583 cuius
911 1541 1201 1582 communionis
1230 1541 1373 1579 modus
1400 1540 1439 1578 in
1454 1541 1534 1578 hoc
1548 1551 1819 1589 versu‚opera
1833 1537 2088 1588 sequentibus

144 1602 300 1639 duobus
330 1606 591 1650 exponuntur.

198 1655 326 1703 Atque
353 1655 451 1691 haec
479 1653 640 1702 quidem
669 1650 881 1701 descriptio
910 1649 1112 1688 Ecclesiae
1141 1649 1201 1686 vel
1229 1648 1370 1686 domus
1399 1648 1571 1685 Iehouae
1601 1647 1658 1695 (vt
1686 1652 1776 1683 ante
1796 1644 1866 1683 fuit
1881 1645 2090 1695 appellata)

143 1715 227 1745 tum
255 1707 413 1756 quidem
442 1712 525 1744 erat
553 1705 791 1753 necessaria,
821 1706 910 1742 cum
939 1705 1050 1742 locus
1078 1702 1450 1751 Hierosolymorum
1474 1701 1525 1738 ad
1543 1700 1769 1750 symbolum
1785 1705 1941 1736 sanctae
1957 1698 2090 1736 Eccle-

145 1761 224 1799 siae
263 1773 400 1798 recens
438 1759 670 1798 constitutus
700 1765 820 1807 esset,
850 1764 968 1807 prout
996 1755 1191 1807 principio
1223 1754 1469 1793 ostendimus
1498 1753 1613 1791 fuisse
1641 1755 1774 1791 locum
1802 1763 1927 1802 nuper
1955 1753 1978 1789 a
2005 1752 2093 1789 Deo

147 1814 416 1864 designatum,
454 1815 489 1851 &
529 1813 748 1863 gratulante
785 1813 935 1861 populo
974 1809 1240 1848 celebritatem
1269 1807 1482 1846 maximam
1511 1807 1630 1845 fuisse
1660 1806 1868 1854 indictam,
1897 1812 1938 1843 vt
1967 1805 2094 1842 cultus

146 1867 220 1906 Dei
256 1869 374 1905 semel
405 1879 451 1905 eo
481 1866 517 1903 in
549 1868 638 1904 loco
667 1864 863 1904 institutus
893 1866 979 1902 Deo
1008 1870 1169 1901 auctore
1198 1867 1458 1912 permaneret.
1499 1860 1576 1899 Sed
1605 1859 1636 1898 si
1662 1866 1745 1897 tum
1777 1857 1997 1897 necessaria
2024 1857 2095 1895 fuit

146 1921 245 1958 haec
273 1919 598 1970 circumscriptio,
629 1921 733 1957 certe
762 1919 888 1956 multo
918 1917 1040 1967 magis
1068 1914 1284 1954 necessaria
1312 1914 1465 1953 videtur
1494 1926 1578 1952 esse
1593 1913 1652 1952 his
1668 1911 1818 1950 miseris
1832 1911 2096 1962 temporibus,

147 1973 289 2023 quibus
319 1986 457 2012 omnes
485 1971 663 2011 certatim
692 1972 766 2010 sibi
794 1971 1013 2009 Ecclesiam
1041 1975 1247 2019 arrogant:
1276 1981 1350 2006 nec
1378 1967 1697 2018 praefidentiores
1725 1966 1792 2004 vlli
1821 1966 2006 2004 doctores
2029 1970 2096 2002 aut

148 2028 267 2065 duces
295 2027 346 2065 ad
375 2026 724 2064 demonstrandam
753 2024 972 2063 Ecclesiam
1000 2023 1170 2062 existunt
1197 2023 1340 2072 ferme,
1370 2023 1488 2071 quam
1517 2020 1540 2070 ij
1570 2020 1644 2070 ipsi
1672 2018 1739 2069 qui
1767 2031 1841 2057 nec
1856 2020 2097 2068 Deum,nec

148 2080 386 2128 Ecclesiam,
415 2092 490 2118 nec
519 2078 764 2130 proximum,
794 2091 868 2116 nec
897 2078 1044 2127 seipsos
1072 2082 1240 2124 norunt,
1270 2081 1336 2113 aut
1365 2074 1481 2113 etiam
1508 2074 1539 2113 si
1566 2079 1712 2112 norunt
1741 2073 1854 2123 (proh
1872 2072 2004 2120 dolor)
2019 2083 2099 2109 non

147 2140 313 2184 possunt
340 2133 413 2183 ipsi
440 2136 464 2171 a
493 2146 534 2170 se
562 2133 783 2182 discedere,
812 2133 848 2170 δε
876 2130 950 2169 51111
978 2129 1285 2180 renunciare,vt
1299 2127 1922 2179 Deo,Ecclesiae,proximoque
1937 2124 2100 2172 cedant,

151 2188 186 2225 &
231 2188 438 2225 consulant
477 2186 590 2224 saluti
619 2197 723 2223 suae.
765 2184 868 2233 Quia
903 2184 1039 2235 igitur,
1074 2182 1105 2221 si
1133 2182 1199 2233 qui
1227 2183 1326 2220 haec
1354 2180 1492 2220 lecturi
1520 2187 1626 2230 sunt,
1651 2178 1778 2218 statim
1808 2178 2011 2217 obiicient:
2050 2179 2103 2216 At

154 2252 349 2290 quaenam
386 2241 485 2277 haec
521 2239 700 2278 Ecclesia
734 2245 814 2289 est,
850 2250 968 2288 quam
997 2236 1161 2287 Spiritus
1189 2235 1264 2273 Dei
1289 2236 1364 2274 hac
1394 2233 1684 2285 magnificentia
1710 2233 1924 2271 verborum
1953 2230 2103 2282 praedi-

151 2292 278 2332 cauit?
306 2295 385 2331 hoc
413 2292 468 2331 illi
496 2294 519 2330 3
547 2292 662 2330 1101115
690 2303 922 2341 responsum
951 2291 1142 2329 habeant:
1169 2288 1339 2338 primum
1367 2287 1649 2338 sapientissime
1678 2288 1700 2323 a
1730 2285 1874 2336 Spiritu
1902 2286 1978 2324 Dei
1999 2297 2104 2335 mag-

151 2346 269 2384 nifica
310 2347 410 2385 haec
451 2347 571 2384 verba
612 2346 663 2383 ad
692 2344 1082 2383 commendationem
1122 2341 1323 2380 Ecclesiae
1365 2341 1564 2391 adhiberi,
1606 2340 1696 2390 quia
1736 2340 1847 2389 parui
1881 2340 1943 2378 vel
1976 2337 2106 2389 potius

154 2399 325 2451 minimi,
367 2400 474 2438 addo
518 2398 633 2438 etiam
662 2398 804 2437 nullius
833 2397 944 2448 pretij
970 2400 993 2436 a
1020 2396 1215 2447 plerisque
1243 2394 1427 2434 omnibus
1457 2400 1638 2433 censetur
1666 2405 1768 2431 esse:
1798 2392 1865 2443 qui
1892 2392 1987 2430 nihil
2016 2390 2105 2437 sibi,

153 2452 282 2504 carni,
324 2455 359 2492 &
390 2452 519 2491 sensui
547 2464 618 2490 suo
647 2464 728 2490 non
757 2458 962 2502 arrogant,
992 2458 1033 2488 vt
1061 2449 1216 2500 quiduis
1246 2449 1296 2486 de
1325 2448 1502 2486 Ecclesia
1532 2448 1623 2497 de(f.
1656 2448 1910 2497 703)r0gent:
1952 2444 2108 2483 Deinde

153 2508 247 2544 vero
286 2519 359 2545 nos
396 2513 554 2556 paratos
583 2518 688 2552 esse,
720 2505 751 2543 si
778 2504 850 2542 viri
877 2503 973 2543 boni
1002 2516 1086 2542 esse
1113 2503 1269 2549 volent,
1299 2513 1388 2539 cum
1416 2500 1507 2552 ipsis
1534 2501 1637 2539 bene
1663 2513 1799 2550 agere,
1827 2500 1863 2537 &
1892 2497 2109 2537 Ecclesiam

154 2572 274 2609 quam
307 2559 381 2598 sibi
401 2558 556 2598 ostendi
583 2560 722 2597 volunt
750 2571 798 2596 ex
825 2558 985 2596 veritate
1015 2559 1050 2595 &
1078 2556 1118 2594 in
1146 2555 1392 2604 simplicitate
1420 2557 1700 2593 demonstrare.
1728 2555 1788 2591 Ex
1811 2552 1995 2591 veritate:
2019 2564 2110 2589 nam

155 2614 321 2651 verbum
365 2613 443 2651 Dei
486 2622 696 2662 sequemur
738 2612 900 2661 ducem,
943 2613 978 2649 &
1013 2612 1079 2659 (ne
1113 2610 1300 2647 abeamus
1334 2608 1505 2658 longisls)
1539 2620 1588 2646 ex
1619 2607 1678 2645 his
1706 2606 1798 2657 ipsis
1826 2607 2046 2656 Prophetae
2076 2605 2111 2642 &

155 2666 305 2716 priscae
343 2665 545 2704 Ecclesiae
585 2664 715 2703 verbis
754 2676 1024 2714 exponemus:
1062 2675 1153 2700 nam
1184 2662 1348 2700 verbum
1377 2661 1453 2700 Dei
1482 2668 1539 2699 est
1566 2660 1727 2711 veritas,
1755 2662 1790 2698 &
1819 2660 1983 2698 verbum
2011 2657 2114 2696 vitae

156 2727 353 2757 aeternae.
394 2721 439 2757 In
482 2717 731 2768 simplicitate
775 2726 927 2762 autem,
966 2715 1058 2766 quia
1096 2714 1276 2765 sepositis
1305 2714 1490 2753 omnibus
1517 2713 1676 2765 argutiis
1703 2717 1738 2751 ἃ
1766 2713 1896 2751 νο11115
1925 2713 2117 2750 humanae

157 2771 392 2822 sapientiae,
431 2770 667 2809 enuntiaturi
704 2783 838 2810 sumus
871 2772 922 2809 de
952 2772 1030 2808 hoc
1061 2775 1295 2819 argumento
1326 2779 1585 2817 quaecunque
1613 2780 1685 2805 nos
1714 2766 1778 2804 hic
1807 2768 1926 2804 (locet
1955 2764 2117 2811 veritas,

1107 2834 1154 2871 54
1913 2827 1951 2856 vt
1981 2831 2118 2855 omncs
