2334 3020
1977 90 2051 132 335

113 210 227 248 aliter
254 208 468 259 existimas,
483 215 634 259 prome.
667 206 741 244 Cui
767 205 964 254 Euodius,
999 203 1107 252 Quid
1131 203 1200 240 tibi
1225 215 1320 241 vera
1350 202 1489 239 dicenti
1519 199 1804 251 contradicam,
1828 213 1903 237 non
1919 200 2053 238 habeo.

118 263 319 301 Concludit
355 264 482 311 itaque
519 261 762 309 Augustinus
802 259 946 307 dicens,
978 257 1072 294 Csmz
1101 269 1194 305 ergo
1221 256 1316 293 llaec
1343 256 1396 293 sit
1420 269 1497 294 vna
1524 256 1602 303 lav,
1631 267 1677 291 em
1703 267 1782 303 qua
1808 255 1899 291 illae
1929 266 2057 291 omnes

112 317 340 367 temporales
380 316 437 352 ad
471 315 639 352 homines
667 313 854 360 regendos
880 312 1106 360 variantur,
1134 323 1224 347 num
1253 310 1335 346 idei)
1361 309 1448 359 {psa
1476 309 1636 347 variari
1660 309 1737 346 vlle
1765 308 1875 344 modo
1893 305 2055 357 potest:³

114 371 313 419 Intellzjgo,
357 370 415 406 ait
451 368 650 415 lineatus,
685 367 836 403 omnino
863 378 938 402 nott
958 371 1088 415 posse.
1116 364 1220 411 Neq.
1249 376 1288 400 n.
1315 363 1395 401 vlla
1423 363 1500 411 vis,
1527 362 1627 400 vllus
1655 373 1788 410 casus,
1816 361 1895 399 vlla
1925 373 2055 397 rerum

113 424 216 460 labes
244 434 410 471 vnqmzm
439 421 630 470 effecerit,
658 424 699 458 vt
727 420 867 456 iustum
895 431 971 455 non
998 418 1051 454 sit
1075 418 1203 454 omnia
1230 428 1311 453 esse
1340 416 1643 453 ordinatissima.

167 476 370 513 Hactenus
398 472 605 524 Augustini
632 472 771 521 verba,
800 483 899 521 quae
927 477 1034 508 certo
1064 469 1231 508 consilio
1260 468 1298 506 in
1328 469 1459 506 locum
1488 467 1602 505 istum
1632 466 1851 516 intulimus,
1881 466 1992 515 quod
2020 467 2056 503 δε

113 527 344 566 sententiam
374 528 532 565 Patrum
560 526 873 566 orthodoxorum
888 523 1090 561 continent
1105 521 1411 571 euidentissime,
1436 523 1471 560 δε
1487 521 1668 559 omnibus
1683 520 1895 571 ὀρθότατον
1910 520 2049 555 κανόνα

113 583 302 630 praebent
329 580 379 619 de
407 587 490 618 tota
518 581 592 618 hac
619 590 738 617 causa
765 579 871 616 recte
899 578 934 614 &
961 575 1112 614 ratione
1141 581 1247 613 certa
1273 574 1483 613 iudicandi.
1519 575 1730 612 Senserunt
1758 572 1812 610 illi
1842 574 1899 621 (vt
1928 571 2057 609 verbis

111 633 258 684 Lyrani
285 641 372 671 vtar
399 633 439 670 in
468 646 554 682 cap.
584 646 620 682 3.
651 631 763 681 epist.
793 630 843 668 ad
870 631 1006 678 Rom.)
1036 628 1200 666 moralia
1228 640 1406 677 manere,
1436 627 1527 677 quia
1556 634 1646 665 sunt
1674 627 1724 664 de
1752 627 1838 676 lege
1872 632 2057 673 naturae,

111 699 212 737 quae
241 693 298 725 est
325 685 600 724 immutabilis:
629 683 825 723 iudicialia
853 685 946 722 vero
977 683 1135 720 exclusa
1163 693 1268 731 esse,
1296 681 1529 730 inquantum
1546 681 1745 718 habebant
1761 679 1838 716 vim
1855 677 2059 727 obligandi

110 740 149 777 in
190 741 293 790 lege,
335 739 405 778 etsi
446 745 610 789 possunt
637 738 687 776 de
715 749 822 775 nouo
853 735 998 774 institui
1027 735 1066 772 in
1094 735 1180 784 lege
1209 745 1334 783 noua,
1363 741 1554 783 quantum
1582 734 1632 771 ad
1660 733 1725 770 illa
1753 744 1853 781 quae
1880 730 2060 781 regimini

109 793 421 831 Christianorum
449 791 629 830 videntur
657 790 932 829 accommoda.
961 791 1023 826 Ac
1049 790 1258 838 propterea
1285 787 1460 825 contenti
1482 788 1596 825 rebus
1612 784 1904 837 praesentibus,
1929 791 2060 822 vetera

109 846 226 897 Legis
253 845 426 884 instituta
453 858 535 883 non
564 851 761 895 vrserunt,
788 843 824 880 &
852 841 1028 881 contenti
1056 841 1265 879 vocatione
1294 853 1384 883 sua..
1414 839 1452 877 in
1479 840 1647 878 alienam
1670 838 1830 876 minime
1846 837 2057 876 irruerunt:

110 913 159 938 ne
186 908 253 937 aut
281 899 500 947 Iudaizare,
528 904 594 936 aut
622 904 823 947 tamquam
852 897 957 934 sutor
985 897 1085 934 ultra
1113 894 1314 944 crepidam
1345 894 1471 943 (quod
1499 893 1622 942 aiunt)
1650 892 1728 931 suis
1756 891 1910 930 iudiciis
1925 902 2060 929 excur-

110 966 194 991 rere
221 954 368 991 temere
395 958 634 1002 putarentur.

161 1005 245 1044 Etsi
284 1013 415 1043 autem
455 1004 688 1044 sanctissimi
728 1002 783 1042 illi
810 1004 964 1048 Patres,
994 1001 1066 1040 viri
1094 999 1386 1051 sapientissimi,
1414 1007 1624 1050 praecepta
1652 998 1718 1036 illa
1745 997 1940 1036 iudicialia
1968 1010 2058 1046 neq.

109 1060 288 1098 absolute
317 1071 401 1097 esse
429 1058 589 1108 publico
617 1056 854 1105 necessaria,
884 1069 974 1105 neq.
1006 1056 1056 1093 ad
1085 1068 1126 1094 se
1155 1053 1480 1103 sanctionemque
1509 1064 1620 1091 suam
1651 1051 1847 1102 pertinere
1875 1050 2061 1089 sermoni-

109 1113 202 1162 bus,
243 1111 413 1162 scriptis,
454 1112 714 1162 exemploque
755 1122 827 1148 suo
869 1110 999 1159 palam
1042 1109 1381 1147 demonstrarunt:
1412 1115 1541 1144 tamen
1571 1106 1801 1144 exstiterunt
1830 1104 1888 1142 his
1917 1103 2060 1142 vltimis

110 1165 354 1215 temporibus
380 1165 561 1204 homines
588 1166 673 1203 zelo
700 1162 875 1214 pietatis,
903 1161 1095 1209 veritatis,
1124 1163 1160 1200 δε
1188 1160 1355 1199 iustitiae
1383 1160 1479 1209 acti,
1505 1158 1573 1209 qui
1588 1172 1725 1197 eorum
1742 1170 1853 1196 vsum
1869 1157 1909 1195 in
1925 1159 2061 1207 repub.

110 1218 331 1257 Christiana
369 1218 624 1269 redintegrari
666 1217 953 1256 contenderunt
980 1223 1184 1266 oportere,
1213 1216 1249 1253 &
1278 1227 1351 1252 nos
1378 1213 1611 1252 auctoritate
1640 1212 1773 1251 diuina
1802 1212 1854 1249 ad
1882 1212 2063 1249 obserua-

110 1272 260 1311 tionem
302 1284 439 1310 eorum
483 1270 660 1322 obligari.
691 1271 845 1319 Quibus
874 1282 923 1307 ex
951 1270 1118 1308 aduerso
1146 1268 1370 1306 obnitentes
1398 1266 1482 1317 alij,
1510 1279 1671 1305 ornnem
1698 1264 1922 1316 promiscue
1949 1276 2061 1302 vsum

110 1327 146 1364 δι
176 1325 495 1364 obseruationem
523 1337 660 1363 eorum
689 1323 906 1362 tollendam
932 1329 1072 1372 putant
1099 1321 1238 1360 eadem
1264 1320 1474 1371 religione,
1504 1332 1581 1370 qua
1610 1318 1854 1358 ceremonias
1869 1319 2058 1368 praefigu-

110 1386 238 1418 rantes
267 1378 405 1428 Chri(f.
440 1380 659 1427 1480)stum
688 1383 846 1428 oportet
872 1375 1040 1421 aboleri,
1065 1378 1344 1425 &permanere
1358 1374 1536 1413 abolitas.
1566 1372 1733 1422 Vtrique
1749 1372 1875 1410 zelum
1890 1371 2059 1418 habent,

110 1444 227 1482 quern
256 1433 394 1471 laudo:
424 1432 492 1470 sed
521 1431 724 1470 scientiam
752 1431 802 1469 ab
832 1429 1006 1479 Vtrisque
1033 1431 1109 1467 hac
1137 1428 1297 1478 quidem
1326 1427 1365 1466 in
1395 1440 1513 1466 causa
1543 1425 1745 1477 desidero,
1773 1426 1809 1463 δε
1838 1424 1951 1463 multi
1965 1423 2061 1463 boni

108 1485 263 1525 accensi
292 1485 421 1524 studio
448 1484 641 1535 veritatis,
669 1482 888 1532 charitatis,
918 1487 1106 1533 pacisque
1133 1481 1317 1532 publicae
1346 1493 1504 1519 mecum
1532 1479 1771 1519 desiderant.

163 1541 296 1588 Atque
323 1540 428 1577 hunc
457 1538 616 1588 quidem
643 1538 821 1576 laborem
849 1535 1053 1575 fuissemus
1081 1535 1248 1574 libenter
1276 1534 1478 1581 omissuri,
1519 1533 1550 1572 si
1582 1539 1649 1571 aut
1680 1532 1780 1571 ratio
1808 1531 1958 1582 publici
1984 1543 2062 1568 nos

112 1591 265 1631 sinisset
301 1592 523 1642 quiescere,
565 1598 631 1630 aut
664 1592 863 1630 bonorum
893 1589 1067 1628 virorum
1095 1588 1327 1639 postulati03
1373 1588 1439 1638 qui
1467 1589 1545 1625 hoc
1576 1586 1751 1625 officium
1776 1588 1801 1623 a
1829 1584 1965 1635 nobis,
1993 1584 2063 1622 im-

110 1645 362 1695 peritiorum,
390 1646 426 1683 δε
451 1656 540 1695 sua,
569 1645 605 1682 δι
634 1644 810 1683 omnium
839 1655 956 1682 causa
985 1642 1190 1692 aliquoties
1219 1649 1447 1692 exegerunt.
1480 1640 1556 1679 His
1584 1652 1765 1678 recusare
1792 1651 1866 1677 nos
1898 1651 2060 1688 operam

111 1706 286 1737 nostram
313 1697 449 1749 religio
478 1698 560 1737 fuit.
603 1699 687 1736 Nos
714 1698 766 1736 ad
793 1696 996 1747 publicum
1022 1695 1237 1734 iuuandum
1264 1694 1396 1734 vocati
1424 1706 1556 1733 sumus
1584 1705 1712 1732 rerum
1744 1699 1996 1743 argumento,
2024 1691 2060 1728 δί

112 1751 346 1802 scriptorum
388 1751 530 1790 modo:
574 1763 693 1801 quam
731 1763 815 1789 rern
855 1749 1024 1788 voluisse
1064 1749 1181 1788 etiam
1223 1761 1304 1787 non
1341 1748 1547 1797 assecutis,
1584 1747 1744 1786 abunde
1769 1747 1949 1796 pulcrum
1981 1751 2060 1794 atq.

112 1805 363 1856 magnificum
390 1812 460 1843 est.
490 1806 644 1844 Etenim
671 1806 727 1843 im
754 1805 873 1842 sentio
903 1805 959 1852 (vt
987 1814 1078 1841 cum
1106 1802 1233 1841 Plinio
1263 1801 1392 1840 dicam
1420 1803 1586 1839 Praefat.
1615 1807 1742 1838 natur.
1772 1798 1878 1847 hist.)
1888 1799 2059 1848 peculia-

112 1871 191 1896 rem
218 1861 258 1896 in
287 1860 424 1909 studzjs
450 1871 606 1897 causam
635 1870 766 1896 eorum
795 1869 894 1907 esse,
934 1858 1003 1906 qui
1027 1857 1327 1906 difficultatibus
1359 1857 1466 1895 victis
1486 1856 1683 1894 militatem
1711 1854 1878 1891 iuuandi
1897 1853 2062 1900 gratiae

104 1913 291 1963 placendi
306 1913 606 1963 praetulerunt,
634 1913 670 1950 &
699 1924 759 1949 res
787 1910 898 1948 vtiles
927 1917 968 1948 vt
996 1909 1171 1948 dicerent
1198 1909 1357 1959 Vtiliter,
1388 1922 1550 1959 operam
1579 1920 1689 1945 suam
1717 1911 2059 1955 consumpserunt.

165 1964 274 2013 Quid
302 1963 419 2016 ergo?
447 1963 588 2003 dixerit
615 1963 829 2014 quispiam,
856 1969 988 2002 nonne
1016 1970 1054 2001 te
1082 1964 1118 2001 δε
1144 1964 1304 2001 Patrum
1328 1962 1484 2000 illorum
1507 1961 1842 2000 sanctissimorum
1857 1957 2060 2009 exemplis,

111 2030 211 2068 quos
239 2021 328 2056 ante
351 2018 501 2070 dixisti,
529 2019 565 2055 &
592 2016 944 2068 Iurisprudentium
971 2030 1018 2055 36
1041 2016 1339 2066 Magistratuum
1366 2015 1522 2066 piorum
1545 2013 1777 2053 auctoritate
1791 2012 1920 2062 potius
1937 2013 2061 2050 deter-

111 2071 187 2110 reri
215 2072 388 2122 oportuit
415 2072 465 2110 ab
496 2073 576 2110 hoc
608 2077 841 2122 argumento
869 2069 947 2108 iam
961 2069 1226 2120 instituendo,
1255 2072 1376 2119 quam
1390 2071 1468 2108 huc
1483 2067 1629 2107 adduci
1643 2065 1878 2117 importunis
1893 2065 2060 2104 aliorum

111 2125 334 2176 postulatis,
366 2138 412 2163 ac
439 2126 540 2163 forte
571 2122 905 2175 imprudentium?

164 2178 361 2228 Equidem
387 2191 470 2216 non
497 2189 584 2216 sum
616 2177 771 2216 nescius
797 2189 936 2216 eorum
965 2176 1253 2225 cancellorum,
1283 2187 1383 2226 quos
1411 2174 1604 2213 functioni
1625 2174 1717 2212 huic
1748 2186 1860 2212 meae
1882 2171 2050 2211 circum-

111 2232 242 2281 posuit
269 2233 397 2283 Deus3
427 2244 509 2270 non
536 2233 828 2282 exemplorum,
864 2242 964 2280 quae
992 2229 1206 2268 orthodoxi
1234 2231 1367 2267 Patres
1395 2227 1435 2266 in
1462 2227 1639 2266 Ecclesia
1667 2227 1743 2265 Dei
1768 2228 2054 2277 praebuerunt,

110 2297 191 2323 non
218 2285 478 2335 auctoritatis,
507 2297 626 2334 quarn
653 2285 692 2323 in
721 2285 795 2323 hac
817 2298 858 2324 re
885 2283 1147 2322 Prudentibus
1175 2282 1267 2321 iuris
1294 2284 1330 2321 &
1358 2282 1460 2320 iusto
1485 2281 1730 2331 Magistratui
1745 2279 1921 2319 attribuit
1935 2280 2056 2328 Deus,

111 2338 147 2376 &
186 2339 237 2376 ab
278 2338 492 2377 audacibus
514 2337 792 2388 gladiatorissq.
821 2336 958 2376 animis
985 2336 1250 2374 vindicaturus
1280 2342 1349 2374 est.
1400 2335 1479 2373 Sed
1500 2342 1633 2373 tamen
1660 2334 1700 2372 in
1725 2335 1800 2372 hac
1827 2331 2056 2383 quaestione

110 2390 257 2441 aliquas
294 2391 410 2430 etiam
438 2399 566 2441 partes
593 2398 748 2430 nostras
776 2404 861 2430 esse
887 2389 1065 2442 (opinor)
1093 2389 1301 2428 iudicaturi
1330 2398 1438 2436 sunt,
1481 2387 1707 2438 quicunque
1735 2394 1937 2436 naturam,
1975 2398 2062 2423 mo-

110 2444 307 2496 dumque,
348 2446 384 2482 &
425 2446 543 2483 finem
580 2443 681 2483 illius
718 2444 861 2484 trutina
894 2444 994 2482 iusta
1022 2442 1291 2492 expenderint.
1321 2441 1478 2481 Etenim
1509 2440 1750 2491 quaestionis
1778 2440 1891 2478 huius
1921 2445 2060 2477 natura

110 2505 188 2548 est,
228 2506 270 2537 vt
309 2505 460 2548 partem
497 2497 556 2536 sui
592 2509 845 2536 communem
874 2498 1040 2547 habeat,
1081 2500 1313 2546 partemque
1341 2495 1590 2546 singularem.
1632 2497 1692 2533 Ita
1719 2506 1762 2532 se
1790 2494 1911 2532 habet
1937 2491 2058 2542 ipsius

108 2552 273 2602 modus,
310 2558 351 2590 vt
391 2558 542 2601 partem
579 2552 801 2601 regularum
830 2550 912 2589 eius
940 2549 1137 2589 describat
1163 2549 1411 2599 Theologus,
1440 2548 1716 2587 auctoritatem
1741 2548 1778 2585 δι
1806 2545 2059 2585 coactionem

107 2604 355 2654 Magistratus
381 2604 482 2654 parti
511 2615 644 2643 earum
672 2604 909 2643 admoueat:
948 2603 1088 2642 Finem
1114 2602 1285 2652 denique
1308 2603 1536 2652 Theologus
1564 2600 1750 2652 proponit
1779 2599 1853 2639 sibi
1880 2610 2057 2638 commu-

109 2657 268 2696 nionem
306 2665 552 2708 sanctorum,
581 2659 617 2696 &
644 2657 946 2706 vniuscuiusque
974 2657 1014 2695 in
1042 2655 1321 2694 communione
1349 2657 1423 2694 hac
1451 2654 1754 2706 conscientiam3
1784 2653 2057 2703 Magistratus,

108 2709 336 2750 societatem
371 2712 582 2749 humanam
609 2710 865 2761 ordinemque
892 2710 932 2748 in
962 2709 1149 2749 societate
1178 2710 1252 2748 hac
1282 2708 1628 2759 pernecessarium.
1670 2709 1732 2746 De
1761 2707 1834 2745 illis
1881 2707 2053 2745 Theolo-

108 2775 200 2812 gum
238 2763 350 2804 silere
385 2764 451 2813 qui
479 2763 606 2814 iubet,
635 2764 897 2814 Theologiam
924 2763 1104 2802 abdicat:
1133 2763 1184 2800 de
1211 2762 1271 2801 his
1299 2762 1400 2812 siqui
1429 2763 1658 2812 Theologus
1685 2762 1858 2807 laborat,
1884 2759 2056 2850 seipsttllrn

1912 2825 1980 2863 per
2013 2818 2060 2861 it,
