2334 3020
276 120 349 163 392
828 116 896 149 DE
938 121 1215 149 PoL1T1AE
1252 118 1418 149 M0s1's
1452 120 1637 150 ousnk.

273 230 397 279 uatio,
431 241 478 266 ex
501 241 580 278 quo
609 228 781 279 impleuit
809 228 985 267 Christus
1013 228 1112 266 illius
1142 227 1356 267 veritatem.
1394 229 1514 279 Atqui
1537 243 1621 268 eam
1646 229 1822 268 adhibuit
1845 229 1985 268 Paulus
1999 237 2088 280 post
2102 227 2197 269 illud

271 290 444 331 tempus,
481 285 598 331 quarn
633 281 832 320 veritatem
866 282 965 320 illius
993 283 1167 320 Christus
1196 282 1440 331 impleuerat:
1469 290 1535 321 aut
1562 296 1655 333 ergo
1683 296 1766 321 rem
1794 284 2029 322 mortiferam
2058 285 2197 322 Paulus

271 334 509 384 adhibuerit,
545 342 610 372 aut
643 336 877 373 antecedens
904 336 1042 373 falsum
1070 335 1245 373 dicamus
1272 348 1431 374 necesse
1459 344 1528 374 est.
1572 336 1791 386 Responsio
1820 345 1895 387 est,
1922 336 2195 375 disiunctiuam

271 400 350 424 non
384 400 468 425 esse
505 389 648 436 ἄμεσον
665 417 675 437 ,
702 387 871 437 ideoque
900 387 1092 426 infirmam
1121 389 1509 438 argumentationem.
1537 389 1713 428 Dicimus
1741 389 1844 427 enim
1861 390 2197 429 circumcisionem

270 440 398 488 prisco
440 448 616 489 tempore
656 440 771 479 fuisse
803 440 1014 490 legitimam
1050 449 1166 490 atque
1200 443 1427 479 salutarem:
1458 443 1535 480 hoc
1563 449 1740 493 tempore
1768 444 1851 481 fore
1878 444 2137 494 mortiferam,
2168 444 2198 482 si

270 492 355 541 quis
391 500 517 530 Vtatur
551 506 611 531 ea:
650 494 726 531 Sed
762 494 894 532 medio
937 495 1109 543 quodam
1151 501 1327 544 tempore
1354 494 1469 533 fuisse
1497 503 1709 546 mortuam,
1738 497 1907 534 necdum
1937 497 2196 545 mortiferam:

269 545 450 583 nimirum
481 557 559 595 quo
587 553 763 596 tempore
791 548 934 596 legales
961 546 1043 584 illas
1073 547 1314 585 ceremonias
1341 550 1398 596 (vt
1428 548 1555 586 verbis
1583 556 1734 587 vtamur
1760 549 1966 600 Augustini
1981 550 2101 599 Epist.
2123 553 2198 600 19.)

268 598 394 635 efferri
422 611 511 636 cum
540 600 689 637 honore
714 600 886 648 quodam
902 599 1085 649 oportuit.
1114 600 1273 650 Optime
1288 600 1390 638 enirn
1407 601 1456 639 ad
1472 601 1759 650 Hieronymum
1774 603 1947 641 scribens
1961 604 2198 653 Augustinus

267 651 338 688 tria
366 658 543 701 tempora
570 651 607 688 in
637 652 868 690 ceremoniis
897 653 1177 691 demonstrauit
1205 653 1496 706 distinguenda,
1525 666 1644 692 vnum
1673 662 1762 693 ante
1790 655 1932 694 Christi
1958 656 2198 707 passionem,

268 704 305 741 in
343 717 421 753 quo
460 706 601 754 legales
633 706 878 743 ceremoniae
907 718 980 743 nec
1009 713 1117 743 erant
1145 707 1365 745 mortiferae
1393 720 1466 745 nec
1495 715 1693 758 mortuae,
1722 709 1789 746 sed
1819 710 1868 747 ad
1897 709 2015 747 vitam
2044 710 2198 759 piorum

268 756 487 795 ordinatae:
531 758 706 795 Alterum
734 767 822 808 post
850 766 1003 808 tempus
1029 760 1228 809 Euangelij
1259 759 1297 797 in
1326 760 1526 809 publicum
1548 761 1849 811 diuulgati,quo
1865 769 2042 812 tempore
2057 765 2198 813 legales

269 810 356 847 illae
384 811 628 848 ceremoniae
656 818 722 849 aut
750 819 948 859 mortuae,
976 819 1041 849 aut
1070 812 1185 850 etiam
1213 813 1433 851 mortiferae
1462 814 1680 851 censendae
1709 823 1814 864 sunt,
1844 815 2070 864 praesertim
2100 828 2199 865 quae

267 864 317 900 ad
348 865 680 913 complementum
709 864 990 914 veritatemque
1016 865 1055 903 in
1080 865 1234 903 Christo
1258 867 1595 916 praefigurandam
1609 867 1873 916 pertinebant:
1902 869 2077 907 Tertium
2093 869 2198 906 deni-

268 928 343 964 que
370 916 643 954 intermedium
671 924 841 967 tempus,
872 918 979 967 quod
1006 918 1189 967 pertinuit
1216 921 1239 956 a
1268 919 1448 969 passione
1473 919 1614 958 Christi
1634 921 1684 958 ad
1708 921 2062 971 promulgationem
2079 933 2198 971 vsque

269 969 489 1018 Euangelij:
518 971 563 1006 In
591 971 669 1008 hoc
697 971 800 1008 enim
829 978 1005 1020 tempore
1034 973 1187 1010 suerunt
1215 973 1410 1021 quaedam
1438 979 1614 1011 mortuae
1641 975 1785 1023 legales
1812 975 2079 1025 ceremoniae,
2109 975 2199 1024 quia

268 1034 396 1070 neque
434 1023 511 1060 vim
549 1025 666 1060 vllam
701 1025 899 1062 habebant
936 1023 1060 1073 ipsae,
1088 1037 1217 1074 neque
1245 1026 1296 1063 ad
1323 1026 1640 1064 obseruationem
1669 1026 1838 1076 ipsarum
1866 1029 2069 1066 tenebatur
2097 1028 2198 1077 quis-

268 1087 407 1124 quam:
451 1077 518 1114 sed
559 1083 688 1114 tamen
730 1089 810 1114 non
852 1077 1039 1116 continuo
1067 1079 1222 1116 fuerunt
1250 1078 1492 1129 mortiferae,
1523 1079 1614 1128 quia
1641 1092 1712 1129 pro
1742 1080 1890 1118 ratione
1918 1080 2121 1119 hominum
2149 1081 2199 1119 ad

267 1136 419 1177 tempus
454 1128 642 1178 sapientia
677 1129 808 1167 diuina
843 1129 1105 1169 dissimulatae
1139 1140 1239 1169 sunt.
1268 1133 1368 1169 Nam
1397 1132 1620 1181 quicunque
1649 1146 1696 1170 ex
1724 1133 1877 1171 Iudaeis
1907 1133 2122 1172 transibant
2149 1134 2199 1172 ad

267 1181 484 1231 Christum,
526 1189 705 1231 poterant
747 1182 849 1220 licite
887 1185 1096 1221 obseruare
1134 1186 1276 1234 legales
1311 1185 1394 1222 illas
1423 1185 1683 1235 ceremonias,
1712 1186 1805 1223 dum
1834 1199 1942 1236 spem
1970 1187 2008 1225 in
2036 1186 2090 1225 eis
2117 1199 2198 1225 non

266 1235 523 1283 collocarent,
553 1240 695 1284 easque
723 1235 796 1273 sibi
825 1236 1060 1274 necessarias
1102 1250 1185 1275 esse
1213 1239 1263 1276 ad
1292 1240 1456 1276 salutem
1485 1238 1781 1276 arbitrarentur:
1806 1246 1991 1288 tanquam
2007 1239 2037 1277 si
2052 1241 2199 1289 absque

265 1287 453 1336 legalibus
494 1289 590 1326 fides
634 1288 777 1326 Christi
818 1289 1024 1327 iustificare
1065 1291 1265 1328 hominem
1307 1304 1387 1328 non
1430 1298 1572 1341 posset.
1610 1291 1677 1341 qui
1704 1299 1835 1329 autem
1864 1305 1911 1331 ex
1938 1293 2119 1342 gentibus
2148 1293 2198 1331 ad

264 1340 461 1377 Christum
498 1341 814 1391 adducebantur,
850 1342 890 1380 hi
917 1343 1024 1380 nulla
1051 1343 1201 1381 ratione
1230 1343 1472 1382 ceremonias
1500 1344 1581 1382 illas
1610 1346 1841 1383 tenebantur
1869 1347 2099 1395 obseruare,
2128 1347 2198 1384 sed

264 1392 316 1430 vti
354 1393 530 1431 libertate
567 1406 684 1443 quam
713 1394 888 1433 Christus
917 1396 1103 1446 sanguine
1133 1408 1202 1435 suo
1232 1397 1364 1435 electis
1393 1397 1469 1435 suis
1502 1397 1767 1448 comparauit,
1796 1399 1914 1448 idque
1942 1399 1992 1437 ad
2020 1399 2198 1437 aedifica-

265 1445 433 1494 tionem,
467 1460 514 1484 ac
550 1460 630 1485 non
666 1448 716 1485 ad
745 1449 1071 1488 destructionem:
1101 1457 1217 1499 prout
1245 1462 1306 1488 res
1335 1463 1471 1488 omnes
1502 1451 1648 1489 medias
1675 1452 1757 1489 siue
1785 1451 2046 1490 indifferentes
2073 1454 2097 1490 a
2124 1451 2196 1502 piis

265 1500 598 1549 prudentibusque
625 1500 715 1538 viris
743 1514 902 1539 necesse
932 1510 988 1540 est
1017 1503 1214 1552 occupari.
1256 1504 1358 1541 Nam
1387 1504 1461 1541 hac
1490 1503 1641 1541 ratione
1668 1503 1922 1543 Timotheum
1951 1504 2199 1543 circumcidit

266 1553 425 1599 Paulus,
470 1560 511 1590 vt
552 1553 790 1605 aedificaret,
819 1554 951 1592 Titum
981 1558 1073 1593 vero
1104 1556 1289 1603 minime,
1317 1569 1367 1594 ne
1395 1559 1480 1606 plus
1507 1557 1585 1594 hoc
1612 1569 1682 1595 suo
1712 1558 1815 1595 sacto
1844 1558 2067 1596 destrueret.
2111 1558 2197 1596 Gal.

268 1618 300 1641 2.
334 1618 368 1642 2.
410 1605 497 1643 Fuit
538 1606 641 1644 enim
677 1606 803 1656 primo
840 1615 1019 1657 tempore
1057 1608 1302 1647 circumcisio
1338 1609 1453 1648 vitale
1482 1617 1787 1648 sacramentum:
1819 1611 1991 1649 secundo
2021 1618 2198 1661 ternpore

263 1670 406 1706 corpus
435 1659 626 1697 emoriens
655 1662 690 1698 δι
718 1660 885 1698 cadauer
912 1674 1047 1699 recens
1063 1670 1279 1700 mortuum:
1296 1662 1409 1700 tertio
1427 1662 1597 1712 denique
1619 1670 1815 1713 tempore,
1831 1663 1869 1701 in
1885 1676 1963 1713 quo
1979 1676 2197 1713 versamur,

264 1712 431 1749 cadauer
460 1713 640 1750 redolens
667 1720 783 1761 atque
811 1714 1074 1752 mortiferum:
1105 1715 1207 1764 Quia
1235 1717 1343 1763 quod
1358 1715 1424 1754 illo
1436 1715 1626 1766 principio
1642 1724 1839 1754 mortuum
1856 1724 1937 1755 erat
1952 1716 2197 1767 simpliciter,

265 1776 471 1814 progressu
512 1766 719 1815 temporis,
759 1779 837 1815 quo
871 1768 1035 1816 amplius
1074 1768 1204 1817 coepit
1232 1768 1468 1806 inualescere
1497 1768 1676 1807 doctrina
1703 1770 1927 1820 Euangelij,
1957 1770 2197 1808 mortiferum

265 1817 444 1855 effectum
487 1827 553 1856 est.
599 1820 658 1856 Ac
686 1826 767 1856 turn
798 1818 957 1868 quidem
986 1821 1217 1859 efferebatur
1244 1821 1482 1871 honorifice,
1511 1830 1550 1860 vt
1579 1833 1721 1871 corpus
1756 1830 1971 1860 mortuum:
2000 1831 2066 1861 aut
2095 1825 2198 1862 velut

263 1870 453 1921 moriens,
497 1872 709 1910 commode
747 1874 972 1911 curabatur:
1011 1886 1116 1911 nunc
1145 1877 1238 1913 vero
1268 1875 1468 1912 conditum
1497 1876 1768 1925 sepultiimque
1796 1875 1835 1913 in
1864 1888 2021 1914 omnem
2052 1889 2198 1914 memo-

263 1923 358 1960 riam
402 1932 618 1973 permanet:
663 1938 732 1974 ne,
775 1925 806 1963 si
840 1926 1070 1977 refodiatur,
1108 1928 1260 1965 exhalet
1297 1929 1397 1965 mala
1423 1927 1462 1966 in
1490 1928 1666 1966 Ecclesia
1693 1928 1836 1966 Christi
1864 1929 2074 1967 mortifera.
2116 1931 2198 1967 Iam

264 1975 367 2013 enim
398 1977 654 2027 (Augustinus
684 1977 821 2026 inquit)
853 1980 943 2016 cum
973 1980 1141 2019 venisset
1169 1981 1265 2019 fides
1293 1992 1393 2030 quae
1421 1980 1526 2031 prius
1554 1981 1626 2019 illis
1655 1981 1994 2020 obseruationibus
2008 1994 2198 2032 praenun-

263 2029 379 2077 ciata,
410 2040 499 2079 post
529 2038 695 2069 mortem
724 2033 759 2069 δι
788 2032 1111 2071 resurrectionem
1140 2033 1301 2071 Domini
1329 2036 1500 2072 reuelata
1528 2042 1603 2084 est,
1632 2034 1840 2073 amiserant
1868 2042 2054 2084 tanquam
2081 2035 2198 2073 vitam

263 2082 382 2119 officii
421 2083 489 2121 sui.
532 2085 829 2135 Verumtamen,
875 2085 974 2123 sicut
1016 2086 1199 2125 defuncta
1239 2099 1427 2136 corpora,
1464 2087 1773 2125 necessariorum
1803 2087 1941 2126 officiis
1970 2088 2199 2126 deducenda

263 2143 371 2173 erant
400 2137 696 2184 quodammodo
725 2137 775 2175 ad
803 2140 1061 2189 sepulturam,
1090 2152 1161 2177 nec
1190 2139 1384 2188 simulate,
1414 2141 1483 2178 sed
1511 2140 1710 2190 religiose,
1738 2153 1817 2179 non
1845 2147 1974 2179 autem
1991 2141 2199 2179 deferenda

262 2189 473 2239 continuo,
515 2191 576 2227 vel
617 2189 865 2229 inimicorum
909 2192 1260 2231 obtrectationibus
1294 2199 1493 2242 tamquam
1535 2205 1675 2231 canum
1713 2195 1906 2232 morsibus
1944 2194 2198 2243 proiicienda.

264 2240 429 2279 Proinde
473 2253 577 2280 nunc
605 2243 779 2292 quisquis
809 2244 1139 2296 Christianorum,
1169 2246 1346 2295 quamuis
1375 2247 1421 2283 sit
1450 2259 1497 2283 ex
1525 2246 1698 2297 Iudaeis,
1732 2246 1905 2285 similiter
1933 2259 1978 2285 ea
2003 2249 2199 2286 celebrare

264 2294 448 2346 voluerit,
485 2304 682 2345 tamquam
721 2298 893 2346 sepultos
930 2298 1080 2336 cineres
1117 2311 1275 2349 eruens,
1310 2311 1390 2337 non
1419 2300 1489 2337 erit
1513 2299 1598 2348 pius
1627 2300 1819 2337 deductor
1846 2301 1907 2338 vel
1935 2300 2086 2338 baiulus
2115 2313 2198 2338 cor-

263 2347 390 2397 poris,
428 2349 497 2386 sed
534 2349 674 2399 impius
712 2352 931 2399 sepulturae
965 2351 1145 2390 violator.
1191 2353 1322 2400 Atque
1351 2351 1389 2389 in
1416 2353 1594 2390 eamdem
1624 2353 1856 2391 sententiam
1883 2354 2030 2402 optime
2057 2354 2199 2391 Fausto

263 2400 499 2439 Manichaeo
544 2404 578 2440 &
622 2402 704 2440 aliis
747 2402 816 2441 fuit
854 2403 929 2442 iam
967 2404 1060 2442 olim
1088 2405 1139 2442 ab
1167 2417 1215 2443 eo
1243 2417 1473 2454 responsum
1502 2405 1882 2444 conuenientissime.
1911 2408 1940 2444 Ι.
1974 2419 2031 2456 19.
2062 2413 2199 2444 contra

265 2454 394 2492 Faust.
423 2454 596 2493 Manich.
625 2469 659 2493 c.
694 2467 752 2503 17.

318 2507 430 2554 Quae
469 2509 558 2545 cum
596 2508 648 2546 ita
678 2508 775 2558 sint,
808 2516 1013 2559 vtrumque
1043 2510 1191 2560 optime
1220 2509 1441 2560 statuimus,
1470 2513 1505 2550 δε
1534 2512 1633 2550 bene
1660 2518 1753 2550 tunc
1780 2513 1802 2549 a
1830 2512 1973 2550 sanctis
2000 2511 2200 2561 Apostolis

264 2559 464 2607 prouisum
509 2573 613 2610 esse,
652 2562 687 2598 δι
724 2574 829 2599 nunc
865 2564 964 2600 bene
992 2565 1015 2601 a
1043 2564 1158 2601 nobis
1186 2563 1320 2614 statui,
1349 2564 1415 2613 qui
1443 2564 1524 2614 figit
1552 2564 1756 2603 mutabiles
1783 2571 1848 2602 aut
1876 2573 2048 2602 mortuas
2074 2566 2198 2614 leges,

265 2624 336 2660 pro
362 2613 539 2651 absolute
567 2615 813 2665 necessariis,
841 2615 1060 2653 libertatem
1089 2616 1335 2655 Christianis:
1365 2616 1432 2666 qui
1459 2617 1696 2665 mortiferas,
1724 2617 1847 2655 vitam'
1871 2618 2055 2656 adimere.
2083 2619 2200 2655 Hanc

267 2667 358 2701 vero
396 2666 612 2704 libertatem
650 2668 685 2704 δι
722 2668 836 2706 vitam
867 2668 904 2705 in
937 2669 1095 2707 veritate
1124 2669 1319 2708 custodiat
1347 2669 1450 2708 idem
1481 2671 1548 2720 qui
1576 2670 1725 2720 peperit
1752 2671 1787 2707 &
1817 2671 1996 2719 donauit,
2026 2670 2200 2708 Christus

273 2718 466 2756 Dominus
494 2720 529 2756 &
560 2728 733 2758 seruator
761 2729 913 2770 noster,
942 2729 1098 2759 aeterna
1121 2723 1273 2771 spiritus
1301 2723 1357 2760 sui
1385 2723 1753 2762 communicatione.
1796 2725 1935 2761 Amen.
1967 2724 2007 2771 (f.
2041 2725 2165 2772 1533).
