2334 3020
877 121 1143 149 EIRENICI
1186 122 1327 148 PARS
1373 123 1413 149 11.
2027 126 2101 162 493

220 233 434 271 Videamus
460 244 574 282 ergo,
610 230 634 270 6
664 231 799 269 fratres
826 229 865 268 in
894 228 1050 268 Christo
1078 228 1336 280 dilectissimi,
1377 229 1577 269 videamus
1612 231 1805 278 obsecro,
1844 237 1885 270 vt
1915 231 2100 281 deinceps

167 285 347 336 religioso
388 284 517 323 studio
553 284 604 322 ad
644 282 964 322 benedictionem
985 283 1059 321 Dei
1086 282 1284 342 vitamque
1311 290 1509 322 aeternam
1537 283 1799 322 attendamus.
1842 284 1894 322 ad
1922 285 2109 323 Iehouam

166 346 366 377 auctorem
394 337 494 376 illius
521 336 791 387 respiciamus:
821 335 1145 396 conquiescamus
1173 335 1212 374 in
1242 336 1427 376 mandato
1456 339 1491 376 δι
1518 336 1768 396 beneplacito
1793 337 2008 376 uoluntatis
2025 337 2107 376 eius

166 390 417 430 ineluctabili:
446 390 487 429 in
515 390 693 429 Ecclesia
715 390 750 427 &
779 389 1058 428 communione
1086 395 1311 428 sanctorum
1338 390 1411 429 hos
1440 391 1643 429 thesauros
1671 389 1817 440 gratiae
1847 390 2109 441 depos1tos1n

168 445 250 483 dies
280 444 518 482 recolamus:
555 455 685 481 rorem
715 444 751 481 ἅ*
779 444 969 481 culturam
997 441 1157 480 Domini
1186 445 1305 492 quam
1333 442 1554 482 fidelissime
1583 455 1841 493 agnoscamus
1872 443 1912 482 in
1942 456 2113 494 corpore

164 497 364 536 Ecclesiae
394 499 429 535 &
457 495 642 535 membris
673 495 832 545 singulis
861 495 986 545 illius,
1016 495 1196 534 abdicata
1214 495 1322 534 omni
1351 495 1571 534 animorum
1586 495 1881 545 perturbatione
1906 509 2007 547 quae
2036 510 2110 536 nos

167 556 353 589 occaecat
381 548 667 600 indignissime:
711 549 922 587 odoremur
950 547 1139 598 optimam
1167 549 1271 587 illam
1299 549 1550 600 fragrantiam
1578 548 1721 588 Christi
1750 549 1995 600 odoremque
2028 563 2112 588 sua·

166 603 368 642 uissimum
397 603 448 641 ad
477 603 654 641 membra
681 600 830 652 singula
858 601 897 639 in
924 601 1100 640 Ecclesia
1129 609 1414 652 permeantem:
1444 613 1572 652 neque
1600 601 1926 652 persentiscendis
1952 602 2112 653 priuatis

164 656 383 695 foetoribus
430 655 795 705 infirmitatibusque
836 654 1041 693 hominum
1089 654 1369 705 inuestigandis
1411 657 1446 695 δι
1489 655 1778 706 consequendis
1815 655 2114 707 incumbamus,

164 709 351 760 quicquid
379 709 429 747 ad
456 707 775 747 communionem
804 714 1029 747 sanctorum
1057 707 1313 759 sarciendam
1337 709 1532 760 alendam,
1556 709 1592 747 &
1617 708 1905 758 {continendam
1934 709 2116 759 pertinet

165 775 217 813 qu
220 765 284 801 am
327 761 619 821 diligentissime
661 773 933 811 procuremus:
972 761 1155 821 denique·
1183 769 1373 811 quantum
1408 761 1524 801 nobis
1552 760 1665 801 cordi
1692 768 1749 800 est
1778 761 1970 812 quidquid
1996 763 2116 813 boni,

166 815 359 866 quidquid
387 816 546 854 amoeni
574 814 613 853 in
641 815 835 865 Ecclesia
864 814 903 853 in
934 813 1110 862 Christo,
1146 813 1184 852 in
1212 815 1336 865 gloria
1362 814 1438 854 Dei
1467 822 1545 866 est,
1574 815 1615 854 id
1644 814 1847 854 vnanimes
1875 816 1913 854 in
1939 828 2116 855 commu-

164 869 285 907 nione
327 875 574 919 sanctorum,
617 869 667 907 ad
708 879 826 928 quam
865 867 997 907 vocati
1026 878 1176 918 sumus,
1219 880 1494 918 procuremus,
1526 876 1567 908 vt
1595 869 1763 907 decurso
1793 869 1872 907 hoc
1906 869 2050 908 misero
2080 872 2115 908 &

162 921 363 961 laborioso
406 921 532 961 stadio
563 921 775 981 praesentis
805 921 925 973 vitae,
966 921 1006 960 in
1033 921 1097 960 illa
1123 921 1201 960 vita
1228 922 1387 961 tandem
1417 922 1762 986 conquiescamus,
1799 921 1865 961 vbi
1893 921 2003 972 quies
2032 922 2115 962 sine

164 975 504 1026 interturbatione,
532 974 656 1026 gloria
684 974 766 1013 sine
792 975 898 1026 labe,
927 975 963 1013 ὃ(
991 973 1070 1014 vita
1097 974 1178 1013 sine
1206 976 1283 1014 fine
1310 976 1512 1014 aeternum
1540 977 1667 1014 futura
1689 982 1764 1026 est,
1789 974 1828 1013 in
1856 975 2014 1015 Christo
2027 978 2116 1015 Iesu

164 1028 282 1067 vnico
311 1029 518 1068 Seruatore
545 1036 694 1067 nostro.

217 1084 276 1120 Te
305 1089 447 1131 autem,
475 1082 500 1121 6
529 1083 637 1121 Deus
665 1084 700 1120 &
728 1083 842 1120 Pater
856 1080 1164 1131 miserationum,
1190 1081 1257 1132 qui
1278 1088 1439 1133 propter
1454 1081 1739 1121 sanctissimum
1754 1082 1875 1121 filium
1892 1081 2112 1122 dilectionis

166 1142 255 1174 tuae
284 1135 561 1187 gratiosissime
589 1134 768 1174 misertus
796 1134 919 1174 nostri
946 1134 1101 1174 voluisti
1129 1148 1202 1174 nos
1224 1135 1264 1173 in
1291 1135 1534 1174 consortium
1562 1135 1670 1185 pacis
1699 1137 1734 1174 δε
1750 1135 1880 1186 gaudij
1908 1135 2115 1186 spiritualis

169 1189 389 1239 adducere,
429 1190 538 1239 quod
578 1188 780 1227 Ecclesiae
822 1195 911 1227 tuae
939 1187 978 1226 in
1009 1189 1151 1227 eodem
1184 1188 1264 1227 filio
1291 1195 1359 1227 tuo
1389 1190 1590 1227 aeternum
1623 1188 1925 1239 praeparauisti,
1954 1191 2116 1240 supplex

168 1255 240 1281 oro
271 1243 476 1281 condones
505 1243 637 1281 omnia
663 1248 827 1292 peccata
854 1249 1010 1292 nostra,
1062 1241 1153 1292 quia
1183 1241 1433 1292 peccauimus
1461 1241 1500 1280 in
1529 1249 1586 1290 te,
1631 1244 1666 1281 &
1695 1242 1936 1281 mortificans
1960 1256 2117 1282 carnem

165 1303 343 1335 nostram
372 1307 463 1334 cum
491 1295 572 1335 eius
601 1294 948 1346 concupiscentiis,
976 1307 1109 1334 veram
1137 1294 1323 1334 laetitiam
1351 1295 1457 1333 illam
1485 1295 1723 1345 spiritualem
1748 1309 1796 1334 ex
1818 1309 1908 1334 vera
1923 1296 2119 1336 charitatis

165 1356 323 1388 sanctae
353 1348 594 1389 conscientia
622 1348 938 1399 proficiscentem
968 1350 1059 1387 cum
1087 1348 1127 1386 in
1155 1362 1218 1387 me
1246 1348 1354 1399 ipso,
1383 1356 1466 1387 tum
1489 1348 1529 1386 in
1555 1348 1739 1388 omnibus
1768 1349 1883 1388 nobis
1904 1348 2119 1399 ingeneres,

168 1402 369 1452 faciasque
397 1409 439 1440 vt
466 1415 666 1452 nunquam
695 1402 756 1451 alij
789 1402 870 1441 aliis
899 1401 1164 1452 inuideamus,
1192 1409 1257 1440 aut
1287 1401 1571 1452 impedimento
1600 1401 1742 1453 simus,
1770 1409 1838 1441 aut
1866 1402 1982 1441 etiam
2011 1404 2114 1443 labe-

166 1457 383 1506 factemus,
412 1463 479 1494 aut
507 1456 602 1505 de(f.
620 1457 917 1505 761)turbernus
946 1456 996 1494 de
1025 1454 1306 1494 communione
1334 1455 1400 1493 illa
1427 1467 1547 1505 quam
1574 1455 1764 1507 imperas,
1793 1463 1860 1494 aut
1889 1455 2020 1494 ordini
2048 1464 2117 1496 tuo

169 1510 440 1558 aduersemur,
465 1516 532 1547 aut
561 1508 650 1559 paci
683 1509 936 1559 obsistamus,
965 1515 1031 1547 aut
1057 1510 1209 1548 bonum
1238 1511 1274 1548 δε
1302 1509 1604 1560 amoenitatem,
1633 1521 1752 1558 quam
1780 1508 1820 1548 in
1836 1509 2119 1550 communione

168 1569 393 1601 sanctorum
422 1562 603 1613 posuisti,
633 1562 930 1601 interuertamus
958 1575 1028 1613 per
1051 1562 1261 1613 malitiam,
1297 1560 1582 1606 infirmitatem,
1619 1562 1941 1613 imprudentiam,
1970 1571 2036 1602 aut
2062 1563 2116 1615 ig-

166 1615 414 1654 norationem
443 1622 618 1654 nostram
647 1623 798 1666 mente,
828 1616 982 1666 animo,
1011 1628 1212 1667 sermone,
1240 1622 1306 1654 aut
1333 1616 1459 1654 facto:
1490 1616 1559 1654 sed
1586 1616 1714 1666 potitis
1743 1616 1936 1667 quidquid
1951 1617 2118 1667 bonum,

167 1676 357 1719 sanctum,
385 1669 551 1719 iustum,
580 1669 615 1706 &
646 1669 886 1708 conueniens
914 1669 1092 1707 charitati
1120 1676 1198 1718 est,
1225 1668 1322 1708 illud
1349 1669 1492 1708 virtute
1521 1669 1683 1719 Spiritus
1710 1670 1766 1708 tui
1795 1670 1871 1708 acti
1887 1669 2116 1721 cogitemus,

168 1723 414 1773 studeamus,
442 1723 690 1774 eloquamur,
719 1734 941 1772 seruemus,
969 1722 1233 1773 faciamusque
1260 1724 1312 1761 ad
1340 1722 1506 1773 gloriam
1523 1723 1578 1761 tui
1596 1722 1785 1762 nominis:
1809 1723 1871 1774 da,
1897 1723 1921 1762 6
1937 1724 2113 1763 caelestis

165 1777 299 1826 Pater,
326 1782 367 1814 vt
395 1783 433 1814 te
459 1776 649 1814 Iehouam
679 1787 989 1827 cognoscamus,
1019 1777 1054 1815 ὃ(
1083 1776 1248 1814 domum
1281 1784 1389 1815 tuam
1418 1776 1458 1814 in
1485 1784 1541 1826 te,
1570 1787 1671 1826 quae
1699 1778 1886 1827 spelunca
1913 1780 2016 1817 foret
2031 1777 2113 1817 sine

166 1836 226 1880 te·
254 1829 323 1893 da,
356 1835 397 1867 vt
422 1829 610 1868 adeuntes
643 1830 806 1868 domum
830 1836 956 1879 tuam,
985 1830 1020 1868 &
1050 1829 1305 1868 consistentes
1325 1829 1364 1868 in
1390 1842 1454 1880 ea,
1476 1830 1720 1869 sanctissimo
1737 1832 1822 1869 zelo
1837 1842 2113 1882 agnoscamus,

169 1886 399 1932 semperque
426 1884 615 1921 laetemur
642 1883 691 1921 de
720 1883 764 1922 iis
794 1883 860 1933 qui
888 1883 1045 1929 dicunt,
1087 1884 1123 1922 δι
1152 1882 1313 1922 consilia
1342 1883 1500 1933 capiunt
1532 1884 1582 1922 de
1611 1884 1787 1922 Ecclesia
1814 1891 1880 1923 tua
1911 1885 2112 1935 adeunda,

168 1935 297 1975 studio
328 1935 475 1985 gloriae
503 1942 611 1986 tuae,
639 1938 674 1975 &
703 1937 835 1976 salutis
864 1948 977 1975 suae:
1010 1936 1081 1988 da,
1109 1943 1150 1976 vt
1171 1937 1351 1976 Ecclesia
1379 1937 1526 1987 optime
1556 1943 1781 1976 constructa
1809 1936 1878 1989 sit,
1903 1939 1939 1978 δι
1967 1941 2113 1977 refecta

166 1990 256 2028 labe
283 1988 401 2038 illius,
432 2000 532 2039 quae
559 1991 637 2028 hoc
661 1996 840 2041 tempore
868 1967 1106 2040 amplissirria
1133 1996 1213 2038 est,
1242 1997 1475 2040 coagmenta
1502 1990 1652 2041 lapides
1679 1990 1791 2029 viuos
1819 1968 1920 2030 illius
1947 1992 2108 2043 pariter:

167 2044 250 2093 fac,
285 2049 328 2081 vt
363 2055 500 2081 omnes
531 2044 745 2082 ascendant
774 2047 822 2083 eo
850 2044 901 2082 ad
929 2020 1227 2094 percipiendum
1256 2043 1522 2082 testimonium
1549 2043 1658 2083 verbi
1685 2044 1861 2084 salutaris
1889 2045 1965 2096 tui,
1993 2048 2029 2084 &
2052 2058 2113 2084 ce-

167 2095 426 2134 lebrationem
455 2096 625 2135 nominis
653 2097 708 2135 tui
737 2097 1018 2136 exercendam:
1049 2097 1178 2147 effice,
1209 2098 1233 2136 6
1262 2099 1370 2136 Deus
1399 2097 1565 2149 ordinis,
1593 2104 1634 2136 vt
1651 2097 1774 2137 iustus
1796 2098 1928 2137 ordo
1918 2112 1958 2137 1n
1973 2099 2113 2137 misera

171 2149 458 2188 Christianitate
499 2149 691 2188 obtineat·
733 2157 774 2189 vt
814 2150 882 2201 qui
919 2152 1034 2190 rebus
1062 2150 1182 2189 sacris
1209 2158 1415 2210 praesunt,
1444 2163 1509 2189 eas
1539 2157 1751 2201 procurent
1778 2154 1932 2203 sancte,
1961 2152 2114 2191 abiecta

171 2214 302 2240 rerum
330 2201 492 2241 aliarum
524 2203 699 2242 omnium
728 2203 985 2255 cogitatione,
1016 2204 1052 2242 ὃ(
1079 2203 1233 2243 adiecto
1257 2204 1389 2242 animo
1418 2204 1469 2243 ad
1495 2206 1660 2244 salutem
1688 2205 1815 2255 gregis
1843 2205 1964 2256 illius,
1994 2217 2112 2256 quem

171 2255 271 2294 filius
298 2255 462 2295 dilectus
490 2263 578 2295 tuus
602 2256 788 2308 sanguine
816 2257 990 2308 pretioso
1019 2268 1091 2296 suo
1117 2257 1382 2309 comparauit,
1410 2264 1451 2295 vt
1478 2270 1544 2308 qui
1559 2259 1674 2297 rebus
1690 2257 1869 2298 ciuilibus
1885 2259 2114 2298 &humanis

170 2308 355 2359 praefecti
397 2316 506 2361 sunt,
547 2309 624 2349 suis
665 2310 839 2360 partibus
879 2317 962 2349 tum
989 2311 1029 2349 in
1057 2324 1117 2349 res
1146 2310 1322 2360 publicas
1350 2288 1423 2349 sibi
1451 2311 1698 2361 commissas,
1737 2318 1821 2350 tum
1850 2312 1890 2351 in
1920 2320 1958 2351 te
1980 2315 2004 2351 a
2032 2324 2112 2362 quo

171 2361 299 2401 omnis
327 2368 498 2412 potestas
528 2370 603 2412 est,
631 2363 854 2403 fidelissime
881 2366 1179 2414 perfungantur,
1216 2370 1363 2414 tuoque
1393 2364 1520 2403 ordini
1547 2364 1781 2404 inseruiant:
1809 2365 1900 2405 inde
1929 2365 2113 2405 omnibus

171 2415 306 2465 simul,
334 2415 539 2466 praefectis
568 2418 603 2455 ὅτ
634 2417 818 2468 subditis,
847 2417 1113 2468 superioribus
1141 2417 1176 2455 &
1197 2417 1458 2469 inferioribus,
1472 2429 1608 2457 verum
1625 2418 1795 2457 studium
1810 2419 1918 2470 pacis
1933 2418 2113 2469 publicae

168 2468 209 2507 in
249 2468 436 2508 societate
473 2470 644 2508 humana
686 2471 721 2508 &
762 2471 801 2509 in
842 2470 1119 2510 Ecclesiastica
1152 2478 1377 2509 sanctorum
1408 2471 1683 2511 communione
1710 2473 2000 2523 persequenda,
2029 2479 2111 2511 tum

171 2529 333 2581 propter
360 2523 496 2561 fratres
524 2523 560 2561 &
587 2522 736 2562 amicos
764 2536 922 2574 omnes,
960 2531 1043 2563 tum
1070 2526 1278 2574 propterea
1306 2524 1415 2574 quod
1442 2525 1539 2564 haec
1568 2526 1709 2564 domus
1738 2533 1802 2564 tua
1831 2533 1908 2573 est,
1938 2526 1963 2565 6
1990 2503 2112 2576 bens,

171 2574 239 2625 qui
266 2574 447 2634 dignatus
476 2588 516 2615 es
545 2577 722 2616 Ecclesia
750 2577 858 2627 capi,
889 2554 1068 2627 qiiamuis
1097 2577 1194 2616 caeli
1222 2579 1421 2616 caelorum
1450 2591 1531 2617 non
1559 2581 1716 2629 capiant
1742 2585 1800 2618 te:
1831 2580 1892 2630 da,
1909 2586 1949 2618 vt
1962 2580 2113 2618 bonum

172 2627 530 2679 amoenitatemque
559 2630 848 2669 communionis
872 2630 973 2669 illius
1001 2630 1184 2670 omnibus
1213 2631 1461 2670 documentis
1489 2639 1652 2671 naturae
1680 2634 1715 2671 &
1744 2632 1889 2683 gratiae
1919 2632 2115 2671 discamus

174 2694 435 2731 cognoscere,
463 2684 499 2721 &
528 2695 657 2722 rerum
686 2683 846 2723 istarum
874 2683 1227 2734 comprehensione
1255 2683 1450 2745 possimus
1478 2685 1611 2724 omnia
1637 2687 1789 2737 fugere,
1821 2686 2008 2733 auersari,
2046 2698 2114 2736 op-

175 2745 371 2785 pugnare,
399 2736 577 2787 vincere,
614 2749 887 2787 perrumpere,
929 2749 1029 2787 quae
1057 2737 1162 2776 illam
1190 2738 1509 2777 communionem
1538 2746 1783 2790 sanctorum,
1812 2740 2040 2789 bonumque
2078 2740 2113 2777 δε

175 2787 450 2828 amoenitatem
479 2788 578 2829 illius
606 2790 846 2841 praeripiunt
872 2791 1073 2830 Ecclesiae
1101 2797 1201 2831 tuae.
1230 2792 1421 2843 Attende,
1458 2792 1483 2831 6
1511 2794 1639 2846 Deus,
1668 2807 1689 2832 e
1717 2793 1851 2844 caelo,
1880 2794 1915 2831 &
1944 2793 2112 2842 respice,

1879 2848 1914 2885 δι
1930 2845 2112 2885 mandata
