2334 3020
779 651 1130 699 FRANCISCI
1159 651 1320 714 JUNII
1357 652 1536 698 VITA.

231 1033 537 1070 MISERATIONES
579 1031 741 1070 Domini
781 1032 971 1081 narrabo,
1013 1042 1134 1080 quum
1176 1029 1346 1068 rationes
1387 1031 1555 1068 narrabo
1597 1031 1759 1070 miserae
1787 1032 1889 1070 vitae
1918 1044 2048 1083 meae,
2078 1040 2118 1070 vt

176 1086 413 1136 glorificetur
441 1084 636 1123 Dominus
663 1084 703 1122 in
732 1097 816 1135 me,
857 1084 923 1133 qui
952 1084 1043 1122 fecit
1070 1096 1145 1122 me.
1202 1085 1264 1121 Tu
1289 1090 1440 1134 autem,
1481 1084 1674 1134 Domine,
1703 1085 1810 1134 aperi
1827 1085 1930 1122 labia
1945 1099 2052 1131 mea,
2078 1094 2118 1122 vt

178 1152 223 1176 os
252 1151 383 1176 meum
411 1138 623 1176 annunciet
649 1138 806 1175 laudem
836 1144 963 1174 tuam:
1000 1136 1123 1186 dirige
1151 1136 1329 1186 spiritum
1358 1148 1508 1187 meum,
1538 1144 1578 1175 vt
1606 1136 1671 1174 1110
1699 1138 1735 1174 &
1763 1137 1801 1175 in
1826 1145 1908 1175 tota
1934 1138 2010 1175 vita
2033 1151 2119 1176 mea

176 1198 356 1230 testatam
397 1192 538 1230 faciam
577 1191 696 1229 fidem
737 1191 773 1227 &
814 1189 1015 1228 veritatem
1045 1196 1165 1228 tuam.
1219 1191 1281 1228 De
1310 1202 1372 1227 me
1402 1189 1552 1240 dicam,
1594 1190 1787 1241 Domine,
1823 1204 1957 1228 coram
1987 1198 2045 1242 te,
2073 1205 2119 1228 ac

177 1244 308 1294 potius
337 1246 385 1283 de
413 1251 451 1283 te
478 1244 628 1293 dicam,
669 1241 858 1293 Domine,
888 1249 1030 1292 agente
1058 1242 1098 1280 in
1127 1256 1210 1293 me,
1240 1243 1276 1280 &
1303 1242 1523 1281 enunciabo
1546 1243 1770 1294 veritatem,
1794 1255 1911 1293 quam
1936 1243 2118 1292 singulari

177 1297 462 1347 gubernatione
486 1304 550 1334 tua
577 1295 734 1334 voluisti
761 1296 994 1345 explicatam
1023 1295 1062 1332 in
1090 1309 1152 1334 me
1181 1308 1253 1345 pro
1282 1295 1554 1334 misericordia
1581 1295 1730 1333 infinita
1760 1304 1847 1346 tua,
1876 1303 1917 1334 vt
1945 1297 1979 1333 &
2008 1297 2122 1334 amici

178 1357 360 1400 rogantes
401 1349 579 1400 videant,
621 1349 656 1386 &
694 1348 806 1386 liberi
847 1360 946 1409 quos
976 1348 1116 1387 dedisti
1145 1348 1240 1386 mihi
1268 1348 1526 1387 recordentur
1552 1348 1776 1399 praestitam
1805 1350 1909 1387 illam
1939 1363 2030 1399 erga
2058 1363 2120 1387 me

180 1403 378 1441 veritatem
417 1411 545 1451 tuam,
587 1402 623 1439 &
665 1414 802 1440 omnes
851 1401 902 1451 pij
932 1400 1190 1451 implorantes
1223 1401 1328 1440 illam
1359 1401 1670 1440 misericordiam
1698 1409 1831 1459 tuam,
1856 1414 1933 1451 qua
1961 1403 2122 1440 aflecisti

181 1469 264 1506 me,
302 1456 545 1493 deducantur
584 1466 709 1492 mecu:
713 1468 740 1492 11
781 1454 820 1492 111
849 1455 966 1503 adyta
994 1454 1166 1493 veritatis
1192 1462 1294 1494 tuae.
1349 1457 1552 1493 Pertexam
1580 1455 1672 1493 inde
1699 1458 1722 1492 a
1750 1449 1962 1493 maioribus
1992 1463 2119 1493 ortum

177 1508 278 1547 vitae
305 1521 435 1546 meae:
465 1509 500 1545 &
529 1508 579 1546 ad
607 1514 757 1545 stamen
781 1519 900 1558 vsque
923 1507 1136 1557 praesentis
1161 1509 1282 1547 horae
1307 1508 1548 1547 continuabo
1572 1515 1739 1546 tramam
1759 1509 1882 1559 illius,
1907 1515 1945 1546 te
1964 1508 2119 1546 vidente

181 1561 248 1611 qui
277 1560 409 1599 omnia
437 1561 565 1612 vides,
593 1567 635 1599 vt
663 1560 856 1611 singulare
883 1561 990 1611 apud
1016 1560 1116 1599 filios
1146 1568 1234 1600 tuos
1250 1568 1374 1600 exstet
1394 1563 1417 1599 3
1440 1575 1504 1600 1110
1526 1562 1777 1613 benignitatis
1799 1563 1834 1599 &
1859 1561 2006 1612 gloriae
2032 1568 2120 1599 tuae

181 1621 466 1664 argumentum.

231 1670 341 1706 Auus
382 1667 476 1706 mihi
517 1667 588 1705 fuit
625 1666 871 1706 Guilhelmus
909 1666 1068 1705 Ioannis
1109 1668 1153 1706 F.
1195 1666 1411 1706 Guilhelmi
1438 1670 1488 1707 N.
1516 1668 1711 1707 Dominus
1739 1667 2043 1706 Boffardineriae
2071 1669 2121 1705 ad

179 1722 472 1759 Vxellodunum
500 1720 767 1770 (Issoldunum
797 1721 1020 1771 Sigebertus
1043 1727 1180 1770 vocat,
1201 1722 1536 1770 quemadmodum
1560 1723 1596 1759 &
1618 1723 1773 1772 vulgus)
1795 1722 1860 1772 qui
1882 1721 1920 1759 in
1945 1721 2123 1759 custodia

179 1775 214 1811 &
254 1773 372 1824 equili
409 1773 728 1814 Christianissimi
755 1775 998 1812 Francorum
1026 1773 1146 1824 Regis
1174 1774 1370 1813 Ludouici
1397 1787 1469 1814 ΧΠ.
1497 1775 1748 1825 ministrauit,
1777 1776 1814 1812 &
1842 1776 1946 1813 bello
1975 1776 2122 1812 Nauar—

178 1840 274 1865 reno
315 1833 405 1866 ante
445 1839 570 1865 annos
611 1838 751 1865 LXXXI.
790 1827 941 1865 nauiter
968 1840 1130 1877 operam
1159 1827 1287 1878 dedit,
1316 1839 1437 1877 quum
1465 1828 1736 1867 Ferdinandus
1763 1827 1980 1878 Hispaniae
2008 1829 2120 1877 Rex,

178 1882 297 1918 fretus
326 1882 572 1919 anathemate
601 1878 748 1929 publici
770 1879 871 1919 illius
895 1880 1120 1929 incendiarij
1143 1880 1228 1929 Iulij
1248 1883 1298 1918 Π.
1328 1881 1527 1920 Pontificis
1550 1889 1724 1932 ereptam
1749 1881 1888 1919 Ioanni
1903 1883 2121 1919 Albretano

182 1933 372 1972 ditionem
413 1933 666 1972 Nauarricam
702 1933 808 1971 bona
836 1946 883 1972 ex
909 1941 1020 1983 parte
1047 1941 1298 1983 occupasset:
1327 1946 1495 1984 quorum
1525 1935 1745 1973 officiorum
1772 1934 1932 1972 nomine
1961 1936 2124 1972 collatus

181 1989 204 2024 a
243 1988 354 2037 Rege
393 1986 432 2025 in
474 1998 591 2024 avum
633 1985 896 2036 familiamque
938 1986 1057 2037 ipsius
1098 1986 1312 2026 nobilitatis
1341 1989 1482 2027 honor.
1536 1988 1678 2026 Auitae
1706 1995 1835 2026 autem
1865 1987 2123 2037 expeditionis

163 2039 281 2077 illius
322 2050 418 2090 puer
459 2040 588 2078 adhuc
630 2039 872 2078 monimenta
912 2040 1008 2091 vidi,
1046 2039 1175 2089 posita
1216 2039 1255 2078 in
1298 2052 1454 2080 summo
1482 2041 1796 2079 Vxellodunensi
1822 2042 1971 2090 templo
2001 2041 2123 2089 (quod

185 2093 223 2132 S.
265 2093 358 2142 Cyri
398 2093 616 2140 nominant)
659 2093 834 2131 donaria.
889 2094 987 2131 Tres
1028 2092 1119 2131 huic
1154 2094 1310 2132 fuerunt
1337 2095 1426 2145 filij,
1455 2095 1491 2131 &
1518 2094 1620 2132 filiae
1648 2095 1761 2133 duae.
1815 2093 2004 2132 Filiorum
2033 2100 2124 2130 natu

187 2145 400 2197 maximus,
439 2148 629 2196 Ioannes,
665 2145 766 2184 vitae
794 2145 972 2197 militari,
1000 2158 1118 2196 quam
1145 2159 1227 2184 non
1248 2146 1412 2185 feliciter
1441 2147 1657 2185 admodum
1688 2147 1885 2186 exercuit:
1918 2146 2129 2195 secundus,

185 2199 434 2250 Franciscus,
475 2198 794 2237 Ecclesiasticae:
836 2199 992 2250 tertius,
1035 2199 1246 2249 Dionysius
1286 2199 1500 2239 litterarum
1549 2200 1686 2239 studiis
1713 2200 1949 2250 politiaeque
1976 2199 2126 2237 dicatus

185 2259 260 2290 est:
302 2253 637 2302 quemadmodum
678 2265 746 2301 per
782 2252 878 2291 illud
904 2259 1059 2303 tempus
1086 2252 1126 2290 in
1154 2252 1293 2302 amplis
1321 2253 1473 2293 familiis
1503 2253 1669 2292 maiores
1696 2254 1783 2293 filiis
1812 2253 1889 2292 suis
1917 2251 2124 2304 plurimum

186 2306 366 2344 solebant
395 2307 610 2344 consulere.
664 2305 877 2355 Dionysius
905 2305 1000 2344 mihi
1026 2312 1136 2356 pater
1162 2305 1254 2344 fuit:
1282 2306 1349 2356 qui
1382 2320 1452 2356 per
1482 2307 1670 2345 celebreis
1693 2307 1845 2345 Galliae
1868 2304 2126 2354 Academias,

186 2358 444 2410 Biturigibus,
485 2357 665 2408 Pictauij,
707 2359 905 2397 Tholosae
947 2358 1045 2397 Iuris
1086 2358 1215 2397 studio
1256 2372 1416 2408 operam
1459 2361 1598 2411 dabat,
1639 2361 1806 2399 libenter
1846 2360 2027 2410 quidem,
2056 2359 2126 2396 sed

186 2411 432 2462 indiligenter
459 2419 612 2461 tamen,
640 2411 766 2449 aliena
794 2414 922 2462 culpa.
976 2414 1079 2450 Nam
1103 2418 1144 2449 vt
1165 2413 1287 2451 homo
1311 2420 1394 2451 erat
1416 2413 1583 2451 inuictus
1603 2413 1757 2464 animo,
1782 2426 1949 2462 corpore
1973 2413 2125 2459 firmus,

187 2477 304 2502 manu
344 2464 677 2515 promptissimus,
718 2464 782 2503 vix
823 2467 901 2503 vlla
942 2472 1024 2503 erat
1065 2465 1165 2503 inter
1206 2464 1366 2504 iuuenes
1394 2466 1687 2517 controuersia,
1714 2470 1793 2516 quo
1822 2479 1904 2505 non
1928 2471 2127 2515 raperetur

189 2517 437 2569 imprudens,
479 2525 545 2556 aut
573 2517 690 2556 etiam
717 2517 877 2570 inuitus,
919 2530 1039 2568 quum
1068 2518 1189 2556 modo
1217 2518 1278 2569 hi,
1307 2519 1429 2557 modo
1456 2519 1511 2557 illi
1539 2519 1689 2558 socium
1717 2520 1826 2558 illum
1849 2519 1923 2558 sibi
1952 2519 2003 2556 ad
2039 2529 2126 2554 suas

190 2582 340 2620 pugnas
359 2571 632 2621 adiungerent:
660 2582 737 2620 qua
757 2571 806 2609 de
828 2571 966 2609 iniuria
981 2584 1097 2621 saepe
1112 2570 1357 2622 grauiterque
1372 2571 1504 2610 audiui
1518 2580 1746 2622 querentem
1761 2580 1926 2623 patrem.
1954 2571 2062 2609 Hinc
2078 2571 2126 2607 ab

187 2634 263 2661 auo
305 2624 476 2663 solennis
509 2623 744 2675 litterarum,
785 2636 882 2674 quas
918 2624 1110 2674 Dionysio
1145 2624 1225 2663 filio
1263 2626 1460 2676 mittebat,
1495 2627 1532 2664 &
1560 2627 1659 2664 salsa
1685 2625 1907 2676 inscriptio,
1936 2624 2128 2666 Dionysio

191 2678 324 2715 dilecto
355 2679 472 2728 filio,
513 2679 628 2715 misso
668 2678 724 2715 ad
757 2679 1000 2729 studendum,
1042 2689 1114 2727 pro
1155 2690 1226 2728 eo,
1267 2679 1377 2728 quod
1416 2678 1478 2727 alij
1521 2680 1639 2729 vulgo
1681 2679 1920 2728 inscribunt,
1951 2677 2128 2715 studenti.

190 2730 370 2769 Tandem
384 2729 583 2769 Licentiae
598 2731 655 2778 (vt
674 2733 832 2779 vocant)
854 2732 1019 2781 gradum
1043 2731 1243 2768 Tholosae
1266 2732 1430 2781 adeptus
1454 2738 1584 2781 pater,
1608 2731 1674 2770 vbi
1699 2732 1918 2770 reuertisset
1940 2731 2127 2776 domum,

186 2782 238 2820 ad
277 2783 424 2822 ciuileis
464 2784 636 2821 honores
676 2783 923 2832 imprudens,
965 2784 1033 2822 sed
1073 2782 1320 2833 prouidentia
1364 2784 1436 2822 Dei
1464 2785 1801 2824 mirificentissima
1828 2785 2029 2823 traductus
2058 2788 2129 2819 est.

1148 2849 1166 2872 2
1868 2834 2126 2876 Occasionem
