2334 3020
2049 92 2118 128 43'

175 208 345 244 sanctum
385 216 578 253 nunquam
615 215 692 240 esse
728 215 802 240 non
833 205 986 253 potest:
1024 202 1130 252 quod
1159 203 1316 252 denique
1337 201 1557 253 perfectum
1586 202 1786 240 secundum
1823 201 1975 252 Deum,
2006 201 2103 238 idem

176 270 233 304 est
261 265 411 303 omnino
439 276 485 302 ac
514 268 660 314 semper
690 263 930 302 immutabile.
964 262 1007 311 (f.
1047 260 1193 316 1373.)

241 327 291 364 28
346 325 492 363 Caussa
522 323 694 375 efficiens
723 327 879 362 nostrae
913 321 954 361 T
945 323 1140 372 lzeologiae
1169 322 1311 372 duplex
1341 323 1366 359 a
1396 322 1500 360 nobis
1523 324 1714 372 ponitur:
1747 335 1823 361 vna
1843 322 2102 373 principalis,

177 388 227 426 ὁὸ
257 385 558 424 instrumentalis
587 385 729 423 altera.
775 384 869 434 Cap.
901 395 965 423 xv.

239 459 290 495 29
335 445 572 495 Principalis
602 457 740 483 caussa
769 443 941 495 efficiens
973 445 1024 484 ὁ·
1054 444 1227 483 absoluta
1257 446 1413 481 nostrae
1449 442 1488 479 T
1482 444 1680 492 lieologia‚
1707 446 1764 480 est
1786 442 1897 480 Deus
1919 443 2040 480 Pater
2062 444 2103 480 in

178 507 282 545 Filio
301 511 381 556 per
411 504 599 555 Spiritum
629 518 736 543 suum
767 507 965 555 inspirans
994 517 1101 543 eam:
1131 509 1174 544 vt
1201 505 1270 554 qui
1297 504 1430 541 unicus
1460 509 1538 555 est,
1569 507 1728 553 auctor7
1761 503 1811 540 ὅγ’
1833 503 1989 552 effector
2005 516 2102 541 sum-

179 580 260 606 mus
291 578 337 604 ac
361 565 666 615 perfectissimus
697 567 904 616 sapientiae
933 566 1045 604 liuius
1074 567 1115 604 in
1145 565 1270 603 seruis
1298 565 1390 602 suis.

238 639 292 676 30
336 626 649 665 Instrumentalis
679 639 815 665 caussa
845 630 902 664 est
929 627 1041 665 liuius
1072 627 1300 676 sapientiae,
1328 620 1453 676 λόγος
1477 619 1756 680 προφορικδς,
1775 625 1838 662 vel
1847 635 1971 662 sermo
1986 636 2104 661 enun-

178 689 340 726 ciatiuus
375 686 479 725 Dei:
511 691 588 724 tum
619 688 878 738 „spiritualiter
890 715 902 733 ,
934 691 1012 725 tum
1044 686 1259 736 corporalis
1272 715 1283 735 ,
1315 684 1584 734 corporaliter.

240 760 289 797 31
341 747 454 785 Finis
489 747 631 798 duplex
671 751 729 785 est
771 747 1020 796 Ilzeologiae:
1050 759 1139 785 nam
1173 759 1269 784 vnus
1295 747 1462 783 remotus
1492 747 1549 781 est
1576 745 1639 782 vel
1664 756 1853 782 sisinnius:
1885 745 1986 782 alter
2016 744 2106 782 verb

169 809 413 858 propinquus
445 808 495 845 ὀύ
520 808 769 846 secundarius
799 809 847 846 ab
877 820 918 845 eo
931 837 942 858 ,
974 820 1019 846 ac
1048 807 1318 845 subordinatus
1350 805 1410 854 (vt
1436 804 1665 854 loquuntur)
1696 806 1740 842 ei.
1795 805 1889 854 Cap.
1919 815 2005 844 XVI.

240 880 291 917 32
337 868 562 906 Primarius
582 869 682 919 finis
711 869 774 906 vel
805 880 971 906 summus
1008 868 1258 914 Theologiae‚
1290 870 1347 904 est
1368 865 1504 912 gloria
1535 864 1638 902 Dei:
1665 864 1763 902 lianc
1788 866 1884 902 enim
1906 865 2110 913 :Ilieologia

178 928 345 966 omnibus
376 929 617 979 spectandam
649 929 818 978 exhibet
862 929 912 966 ἐφ’
943 941 1068 966 omnes
1098 928 1209 965 etiam
1239 927 1328 964 boni
1353 937 1421 963 vsu
1452 925 1660 974 sapientiae
1690 925 1802 963 liuius
1832 926 1998 973 legitimo
2029 937 2111 962 eam

178 993 354 1027 testatam
378 988 560 1037 faciunt,
584 993 712 1040 prout
739 990 927 1038 sapientia
957 989 1193 1039 iustificatur
1225 988 1249 1024 ὰ
1270 987 1374 1037 filiis
1404 986 1496 1023 sui.s

239 1062 291 1098 33
339 1048 599 1088 Secumlarius
626 1051 726 1100 finis
773 1049 1000 1097 Ilieologiae
1039 1052 1195 1086 nostrae
1234 1048 1297 1085 vel
1333 1045 1627 1094 subordinatus,
1659 1027 1717 1082 est
1744 1045 1945 1083 electorum
1975 1045 2110 1083 bonum

175 1115 358 1159 praesens
389 1111 439 1148 w
462 1109 669 1158 futurimz:
705 1122 793 1147 nam
823 1109 959 1147 liorum
983 1110 1129 1159 pi'etati
1147 1107 1287 1156 factae
1317 1110 1408 1144 sunt
1424 1106 1702 1154 promissiones
1722 1105 1834 1143 liuius
1861 1106 1911 1144 ὃν
1926 1109 2110 1144 venturae

179 1172 304 1208 vi:tae
335 1170 427 1208 liaec
457 1175 580 1209 autem
617 1170 822 1217 Iheologia
856 1173 913 1206 est
930 1170 1091 1219 pietatis
1121 1179 1237 1206 verae
1267 1167 1469 1217 sapientia

242 1243 297 1280 34
350 1231 514 1278 Tlieolog
491 1233 555 1269 σία
594 1234 731 1268 nostra
770 1229 970 1268 secundum
1016 1229 1129 1278 quid
1170 1229 1250 1265 siue
1298 1227 1504 1274 Ilieologia
1539 1226 1578 1262 in
1608 1225 1768 1263 subiecto
1799 1225 1926 1275 dicta
1957 1230 2015 1263 est
2040 1226 2111 1263 illa

178 1291 306 1328 eadem
341 1293 529 1341 sapientia
563 1303 696 1329 reruni
736 1290 982 1339 diuinarum,
1022 1289 1242 1339 modificata
1270 1293 1350 1337 pro
1388 1288 1539 1324 ratione
1578 1297 1708 1322 eorum
1749 1286 1938 1324 liominiim
1979 1286 2111 1335 quibus

179 1353 296 1401 inest,
328 1352 378 1389 ἐφ’
408 1364 457 1389 ex
485 1365 563 1401 qna
599 1351 762 1398 Jlieolog
741 1352 781 1389 σι’
811 1350 1072 1401 appellantur.
1123 1349 1217 1398 Cap.
1249 1359 1342 1386 xvn.

240 1425 262 1461 3
273 1423 293 1462 5
342 1408 482 1462 Hujus
517 1412 670 1459 Ilieolo<³
658 1413 742 1448 <riae
772 1412 811 1449 in
841 1411 1001 1449 subiecto
1031 1409 1162 1447 modiis
1192 1407 1454 1446 cimrcumscrcbz
1480 1419 1555 1444 non
1576 1409 1724 1456 potest:
1755 1409 1848 1456 quia
1879 1408 1930 1445 ἐφ’
1962 1409 2002 1445 in
2017 1419 2111 1445 vno-

179 1484 324 1522 quoque
352 1474 509 1522 variffat
540 1473 591 1510 ἔφ’
622 1473 723 1510 inter
753 1473 893 1510 omneis
923 1475 980 1508 est
1008 1471 1304 1509 dimiterslsslmus.

241 1532 294 1582 36
337 1532 387 1570 In
418 1544 636 1582 unoquoque
667 1532 826 1569 uariat:
859 1532 952 1581 quia
982 1532 1081 1569 inest
1104 1530 1303 1579 unicuique
1314 1528 1553 1579 principium
1570 1527 1712 1577 duplex
1727 1532 1874 1565 natura
1892 1529 1942 1566 ἐφ’
1952 1528 2116 1575 gratia:

178 1605 344 1643 quarum
375 1593 481 1631 illam
512 1593 696 1643 diniinui
726 1592 826 1630 lianc
857 1592 1000 1640 augeri
1027 1603 1171 1630 necesse
1202 1594 1259 1628 est
1285 1590 1330 1627 de
1353 1588 1491 1637 gloria
1519 1588 1559 1626 in
1584 1588 1758 1636 gloriam
1788 1589 1931 1626 virtute
1956 1588 2117 1638 spiritus

180 1655 230 1692 ξεν
261 1653 418 1704 efficace
461 1653 687 1701 Ilieologiae
717 1653 1062 1691 connnunicati'fflne

241 1725 292 1763 37
341 1713 451 1752 Inter
497 1714 639 1752 omneis
685 1714 841 1752 variat:
884 1714 977 1763 quia
1017 1714 1107 1763 plus
1143 1712 1184 1750 in
1223 1712 1284 1749 liis
1319 1711 1434 1759 quam
1465 1709 1506 1747 in
1537 1709 1616 1747 illis
1645 1714 1793 1747 natura
1823 1710 2031 1758 minuitur,
2064 1709 2114 1746 (ἓν

180 1774 382 1812 inualescit
411 1775 577 1823 gratia:
619 1775 692 1812 etsi
717 1774 778 1812 liic
809 1786 914 1812 nemo
952 1786 1001 1811 ex
1031 1773 1197 1811 omnibus
1231 1775 1348 1810 totam
1370 1769 1551 1820 formam
1581 1774 1738 1808 nostrae
1774 1771 1999 1818 Ilieologiae
2018 1774 2118 1820 per-

170 1833 278 1887 fecte
302 1840 375 1884 per
404 1835 533 1873 omnia
564 1835 857 1885 coiiipreliendi‘t.

242 1897 296 1945 38
344 1895 497 1934 Etenim
541 1898 660 1933 totam
701 1895 849 1945 quidem
892 1893 1181 1945 perfectamque
1214 1892 1394 1942 formam
1438 1890 1553 1929 liuius
1598 1892 1825 1939 Jlieologiae
1862 1893 2122 1941 perceperunt

181 1955 398 2004 Prophetae
430 1957 481 1994 ἐφ’
511 1956 709 2006 Apostoli,
746 1960 791 1993 at
818 1969 894 1994 non
919 1954 1090 2005 perfecte
1122 1956 1162 1993 in
1192 1966 1290 1992 sese:
1319 1963 1474 2001 eamque
1506 1955 1622 1990 totam
1652 1952 1903 1990 tradiderunt
1924 1950 2123 1998 singulari

181 2016 323 2053 virtute
351 2017 513 2066 spiritus
541 2016 686 2066 reliqui
714 2028 863 2054 omnes:
894 2028 960 2054 nec
989 2020 1131 2066 totam,
1161 2027 1227 2053 nec
1251 2011 1437 2064 perfecte.

244 2089 297 2125 39
345 2077 483 2126 ltaque
504 2076 648 2126 forma
678 2077 904 2125 Ilieologiae
934 2080 1091 2114 nostrae
1119 2077 1160 2113 in
1191 2088 1230 2113 se
1260 2074 1410 2124 quidem
1439 2085 1516 2110 vna
1547 2077 1625 2123 est,
1657 2077 1700 2110 vt
1728 2074 1816 2111 ante
1845 2072 2033 2117 diximus,
2056 2071 2127 2109 sed

182 2137 222 2174 in
263 2137 367 2175 nobis
396 2137 503 2175 modo
534 2141 592 2175 est
617 2138 839 2187 multiplex,
873 2141 986 2187 atque
1012 2136 1166 2185 futura
1196 2139 1274 2184 est,
1306 2135 1421 2172 donec
1452 2138 1719 2171 concurrentes
1749 2134 1789 2172 in
1817 2133 1998 2172 vnitateni
2021 2132 2123 2182 fidei

183 2197 233 2235 &⁶
278 2197 502 2245 cognitionis
539 2198 640 2248 Filij
673 2198 756 2236 Dei
766 2227 776 2249 ‚
807 2199 956 2249 fiamus
997 2198 1062 2236 vir
1097 2193 1294 2250 perfectus
1310 2225 1321 2246 ,
1365 2194 1644 2243 eueliamurque
1686 2196 1763 2232 vna
1802 2194 1860 2231 ad
1900 2205 2118 2231 mensuram

183 2260 357 2297 staturae
385 2258 598 2309 Ecclesiae,
630 2271 727 2309 quae
756 2263 813 2297 est
840 2259 1146 2308 complementum
1183 2256 1343 2295 Cliristi.
1396 2255 1492 2305 Cap.
1524 2265 1635 2294 xv111.
1667 2252 1715 2307 (f.
1754 2255 1898 2305 1374.)
