2334 3020
836 107 1102 134 EIRENICI
1144 105 1285 132 PARS
1328 105 1351 131 1.
1984 100 2059 135 429

122 219 304 270 Spiritus:
343 231 390 256 ex
430 217 504 255 hac
545 216 689 254 vnione
728 214 979 263 consequitur
1007 212 1099 251 vnio
1128 219 1354 250 sanctorum
1383 210 1482 248 inter
1510 223 1570 254 se,
1600 211 1635 247 δι
1665 205 1954 257 coagmentatio
1983 204 2064 242 siue

123 284 336 323 compages
373 268 630 317 inuiolabiliS,
666 281 784 317 quam
814 269 919 305 nulla
954 279 1015 304 res
1042 273 1171 315 potest
1199 264 1413 303 dissoluerc
1443 275 1508 301 aut
1538 263 1792 309 labefactare,
1820 259 1911 308 quia
1939 259 2066 296 nullus

120 338 256 364 eorum
283 337 400 374 quem
430 322 586 362 Christo
616 320 724 360 dedit
753 328 863 370 pater
892 321 941 358 de
967 331 1084 358 manu
1114 319 1195 356 eius
1224 317 1418 367 periturus
1447 326 1517 355 est.
1547 318 1657 354 Ioan.
1691 327 1747 351 10.
1783 315 1842 350 28.
1876 326 1936 360 29.

175 379 285 427 Quae
315 378 405 415 cum
433 376 486 414 ita
513 374 610 424 sint,
640 374 752 412 facile
782 373 1022 412 Christianus
1051 372 1215 422 quilibet
1242 370 1358 409 nobis
1385 380 1612 408 assensurus
1628 375 1706 414 est,
1735 367 1765 405 si
1781 365 2065 415 imperturbato

123 431 255 469 animo
283 431 334 468 ad
364 431 461 469 haec
488 428 654 478 legenda
682 428 717 465 &
745 427 1002 477 expendenda
1018 424 1184 464 venerit:
1215 437 1296 462 non
1312 436 1426 474 posse
1442 434 1667 472 quenquam
1685 419 1947 459 Christianum
1963 418 2069 455 bona

123 485 199 522 fide
227 483 454 522 renunciare
482 480 753 519 communioni
781 479 956 529 alterius,
985 490 1103 528 quem
1132 477 1308 516 Christus
1337 485 1404 514 aut
1431 475 1605 514 adiunxit
1633 474 1727 519 sibi,
1756 479 1821 510 aut
1851 486 1890 510 se
1911 470 2068 508 adiunc-

122 545 251 575 turum
285 549 395 586 spem
431 534 533 573 facit.
573 535 675 572 Nam
701 533 768 582 qui
797 535 953 571 fratrem
985 544 1120 579 suum,
1149 543 1305 570 seruum
1334 529 1429 575 Dei,
1458 530 1679 567 membrum
1708 524 1852 565 Christi
1884 525 2067 574 proterue

121 590 297 636 abdicat,
328 587 591 639 persequitur,
621 587 796 636 infestat,
825 593 891 624 aut
918 587 994 623 vlla
1021 584 1192 634 denique
1221 583 1359 622 iniuria
1387 581 1526 631 afficit,
1555 581 1587 619 is
1617 593 1664 619 eo
1695 579 1780 629 ipso
1810 580 1911 616 facto
1939 575 2067 615 Chris-

121 652 204 682 tum
246 649 449 681 auctorem
487 639 780 679 communionis
817 638 993 677 salutaris
1030 646 1188 676 nostrae
1225 636 1403 685 abdicat,
1439 635 1506 684 qui
1533 647 1607 672 nos
1636 633 1727 681 sibi,
1757 634 1792 671 &
1817 630 1915 669 alios
1942 631 2066 678 aequ'e

120 709 166 734 ac
198 709 271 734 nos
300 696 355 734 sic
383 693 571 733 adunauit
599 694 634 731 &
663 692 838 731 adiunxit
867 692 1007 730 virtute
1035 691 1210 741 spiritus,
1242 697 1281 727 vt
1306 703 1378 727 nos
1407 700 1528 727 vnum
1555 699 1641 725 esse
1669 686 1769 724 inter
1797 697 1870 722 nos
1889 682 2066 729 voluerit,

123 749 191 799 qui
217 761 337 787 vnum
367 760 458 786 cum
487 746 573 796 ipso
603 758 748 785 sumus.
791 747 893 784 Nam
923 744 988 783 vbi
1017 752 1074 783 est
1102 743 1300 791 Christus,
1331 744 1522 786 obsecro,
1551 740 1623 778 nisi
1652 739 1719 777 vbi
1750 737 1915 788 Spiritus
1943 733 2070 774 illius?

121 803 156 839 &
185 802 251 840 vbi
280 800 466 851 Spiritus,
498 800 570 838 nisi
597 800 665 838 vbi
694 798 770 837 vita
799 796 968 837 Christi?
997 800 1032 836 &
1061 797 1128 835 vbi
1158 797 1234 835 vita
1263 795 1425 841 Christi,
1455 793 1529 832 nisi
1557 792 1623 832 vbi
1651 792 1767 839 viuit,
1798 791 1822 829 i.
1847 790 1886 828 in
1902 801 2070 839 corpore

121 852 227 893 eius?
255 857 291 893 δι
319 854 386 893 vbi
414 865 558 904 corpus
586 865 729 903 vnum,
758 852 832 890 nisi
859 851 925 890 vbi
954 863 1169 889 consensus
1198 850 1296 888 inter
1326 849 1502 887 membra
1530 846 1705 895 corporis
1736 845 1785 882 de
1814 856 1892 881 vno
1922 842 2071 892 capite,

122 921 200 947 vno
243 908 401 958 spiritu,
444 909 479 945 &
521 906 596 944 vna
639 906 717 944 vita
745 904 1008 944 communiter
1035 903 1220 941 viuentia.
1251 902 1373 950 QuOd
1402 901 1430 939 si
1460 912 1580 938 vnum
1611 910 1767 947 sumus,
1797 896 2002 946 quomodo
2032 895 2072 932 in

128 962 323 1000 funestam
352 959 587 999 diuisionem
616 971 788 998 essemus
818 954 981 996 ruituri?
1010 957 1132 1005 Quod
1157 967 1276 994 vnum
1306 962 1384 1005 est,
1413 954 1452 992 id
1481 955 1596 1003 plane
1625 950 1835 990 indiuisum
1851 949 2073 988 sitnecesse

122 1021 199 1059 θεῖς
229 1013 421 1064 quidquid
449 1020 530 1063 est,
559 1026 607 1051 eo
637 1012 722 1062 ipso
751 1019 830 1061 est,
859 1012 968 1061 quod
988 1023 1110 1048 vnum
1140 1017 1208 1048 est.
1241 1007 1469 1046 Diuisicum
1485 1017 1638 1054 sumuS,
1669 1017 1749 1042 non
1766 1015 1899 1042 sumus
1914 1014 2061 1039 vnum:

123 1067 237 1106 diuisi
281 1069 372 1105 cum
414 1078 565 1115 sumus,
610 1079 691 1104 non
731 1077 876 1103 sumus.
921 1063 1018 1113 Quis
1048 1076 1143 1112 ergo
1174 1062 1349 1100 obducta
1375 1059 1548 1098 nominis
1578 1056 1788 1097 Christiani
1818 1055 1949 1106 specie
1979 1054 2072 1092 mihi

123 1121 355 1171 persuadeat
383 1133 423 1158 se
454 1119 718 1158 Christianum
750 1131 846 1167 esse,
876 1119 967 1155 curn
996 1129 1036 1154 re
1066 1115 1211 1154 diuisus
1241 1123 1319 1163 est,
1345 1116 1380 1153 &
1409 1113 1543 1151 animo
1573 1111 1805 1150 diuisionem
1822 1109 1941 1159 spirat
1956 1114 2074 1157 atque

125 1171 349 1212 interitum?
389 1173 424 1212 O
453 1173 634 1211 miseram
664 1171 1019 1219 Christianitatem,
1047 1181 1148 1218 quae
1177 1169 1216 1206 in
1246 1181 1314 1206 sua
1343 1166 1535 1205 diuisione
1564 1165 1776 1212 vnitatem,
1804 1163 1842 1201 in
1871 1161 2074 1199 renuncia-

127 1227 234 1265 tione
270 1226 413 1265 Christi
451 1224 801 1272 Christianitatem,
836 1225 875 1262 in
905 1223 1061 1261 interitu
1090 1234 1160 1260 suo
1190 1221 1411 1259 certissimo
1440 1220 1559 1257 vitam
1588 1217 1662 1256 sibi
1691 1216 1860 1266 spondet
1889 1213 2074 1264 imagina-

125 1284 284 1329 turque,
327 1281 362 1317 δι
405 1279 456 1317 de
498 1278 545 1317 ea
585 1291 665 1316 non
707 1289 818 1316 secus
846 1278 991 1315 exultat
1019 1278 1139 1325 quam
1168 1275 1234 1324 qui
1263 1273 1445 1323 phrenesi
1473 1273 1659 1321 abreptus
1687 1270 1755 1308 dat
1785 1282 1870 1307 sese
1899 1267 1937 1305 in
1969 1280 2074 1304 mare

128 1332 405 1383 praecipitem,
445 1332 677 1381 videturque
719 1330 791 1369 sibi
832 1330 870 1368 in
914 1327 1142 1368 suauissimo
1184 1326 1304 1365 cubili
1345 1327 1431 1375 tu(f.
1450 1324 1667 1374 706)rentia
1710 1323 1886 1361 membra
1927 1332 1996 1358 sua
2023 1320 2074 1358 ad

125 1386 298 1436 quietem
326 1398 578 1436 componere.
609 1386 774 1422 Auertat
801 1384 903 1421 hanc
931 1384 1061 1420 labem
1090 1380 1287 1420 Dominus
1315 1392 1387 1430 pro
1404 1391 1472 1417 sua
1490 1376 1778 1426 misericordia,
1808 1387 1926 1424 quam
1944 1373 2075 1424 video,

126 1441 162 1478 &
190 1441 334 1478 horreo
368 1438 492 1489 magis
521 1451 570 1476 an
599 1435 741 1487 lugeo?
771 1438 914 1475 horreo
943 1447 1077 1474 casum
1093 1434 1312 1483 ineuntem,
1343 1431 1675 1471 Christianitatem
1690 1431 1807 1479 lugeo
1822 1435 2080 1478 pereuntem:

124 1505 198 1531 nec
226 1493 354 1530 habeo
384 1492 494 1541 quod
522 1491 670 1539 dicam,
699 1489 772 1528 nisi
799 1503 846 1528 ex
876 1489 1098 1538 Prophetae
1125 1487 1278 1526 verbis!
1311 1488 1475 1536 Propter
1504 1483 1782 1522 contritionem
1812 1480 1911 1518 filiae
1936 1478 2072 1530 populi

128 1546 203 1584 mei
231 1552 435 1593 conteror,
464 1551 610 1583 atratus
638 1544 804 1591 incedo,
834 1551 971 1593 stupor
999 1540 1160 1591 corripit
1188 1553 1264 1578 me.
1294 1553 1342 1577 an
1373 1538 1621 1588 opobalsami
1636 1536 1731 1575 nihil
1745 1542 1804 1574 est
1818 1535 1856 1573 in
1872 1529 2073 1572 Galaade?

127 1612 175 1637 an
213 1600 341 1637 nullus
380 1597 555 1636 medicus
597 1597 651 1636 ibi
679 1595 758 1635 est?
800 1597 901 1634 Nam
931 1607 1002 1634 cur
1030 1607 1109 1632 non
1139 1593 1345 1631 reualcscit
1374 1592 1452 1630 filia
1479 1591 1615 1642 populi
1644 1586 1748 1628 mei?
1778 1600 1847 1626 cur
1874 1586 1998 1637 magis
2027 1599 2073 1624 ac

127 1652 250 1702 magis
279 1652 318 1690 in
348 1663 457 1689 suam
485 1650 749 1689 infirmitatem
780 1645 992 1688 relabitur?
1021 1649 1159 1685 Ierem.
1191 1649 1227 1685 8.
1260 1661 1319 1685 22.
1350 1646 1427 1684 Sed
1456 1645 1504 1683 ad
1533 1657 1617 1682 rem
1646 1642 1776 1681 venio,

181 1705 383 1744 Secundus
424 1706 557 1753 locus,
599 1716 717 1753 quem
759 1702 798 1740 in
842 1702 963 1740 modo
1006 1699 1359 1750 coagmentationis
1388 1698 1512 1737 voluit
1541 1698 1737 1747 Propheta
1765 1693 1985 1737 obseruari,
2014 1702 2072 1731 est

127 1760 235 1809 quod
262 1758 464 1796 Ecclesiae
494 1758 690 1805 membra,
718 1763 784 1794 aut
812 1756 974 1803 domus,
1004 1756 1039 1792 &
1056 1753 1222 1792 ciuitatis
1237 1753 1350 1791 huius
1366 1760 1496 1802 partes
1512 1755 1794 1800 coagmentatae
1808 1748 2073 1796 suntparz‘tean

128 1810 300 1850 Pariter?
329 1811 467 1850 dixerit
496 1810 690 1860 quispiam
718 1810 754 1846 &
783 1809 989 1859 quomodo
1019 1807 1162 1857 pariter
1191 1805 1455 1856 coagmentati
1480 1805 1555 1843 sint
1583 1803 1652 1854 qui
1679 1809 1767 1841 sunt
1790 1801 1980 1851 impares,
2010 1799 2077 1849 qui

128 1864 242 1903 donis
269 1864 504 1914 differentes,
531 1863 599 1914 qui
613 1861 886 1902 vocationibus
915 1857 1112 1900 distincti?
1139 1862 1327 1910 Agnosco
1350 1861 1489 1897 lubens
1517 1870 1597 1896 non
1627 1855 1760 1895 onmia
1786 1866 1870 1893 esse
1899 1853 2006 1903 paria
2033 1852 2071 1890 in

128 1918 311 1957 omnibus
340 1916 506 1955 ciuitatis
534 1916 643 1955 istius
672 1916 870 1967 partibus,
900 1917 935 1954 &
963 1914 1141 1964 corporis
1170 1913 1283 1952 huius
1313 1911 1520 1951 membris:
1551 1911 1621 1949 sed
1650 1910 1698 1948 de
1718 1906 2073 1958 coagmentatione,

130 1985 210 2010 non
253 1972 303 2009 de
345 1970 524 2021 personis
565 1970 727 2020 agimus.
768 1971 875 2019 Ergo
925 1975 965 2006 vt
1006 1968 1144 2006 demus
1185 1966 1333 2016 aliquid
1375 1965 1500 2015 impar
1530 1977 1638 2013 esse,
1682 1969 1748 2000 aut
1776 1960 1825 2012 (si
1851 1959 1904 1997 ita
1932 1961 2078 2010 placet)

131 2024 294 2075 imparia
323 2024 510 2074 plurima3
540 2030 670 2062 tamen
701 2023 812 2073 quod
840 2021 896 2060 rei
921 2028 1038 2071 caput
1066 2027 1141 2070 cst,
1171 2019 1210 2058 id
1239 2019 1278 2058 in
1308 2019 1491 2058 omnibus
1522 2031 1591 2067 par
1624 2029 1708 2054 esse
1727 2027 1789 2053 res
1812 2014 1896 2063 ipsa
1911 2014 2073 2051 demon-

132 2085 298 2117 stratura
340 2085 410 2117 est.
445 2078 549 2115 Nam
590 2079 682 2115 sunt
723 2075 882 2126 quidem
921 2073 1128 2113 Christiani
1170 2073 1271 2111 inter
1307 2086 1347 2111 se
1377 2072 1544 2121 impares
1573 2069 1708 2113 donis,
1742 2080 1841 2117 quae
1869 2065 2078 2104 admetitur

133 2131 308 2170 Christus
335 2130 543 2180 vnicuique
570 2137 686 2180 prout
716 2131 814 2177 vult,
845 2135 934 2167 sunt
961 2127 1055 2166 item
1083 2127 1253 2176 impares
1283 2125 1577 2170 vocationibus,
1606 2121 1906 2169 communibus,
1936 2122 1970 2158 &
1999 2119 2075 2157 sin-

131 2184 349 2235 gularibus,
393 2183 433 2221 in
475 2195 638 2233 quarum
683 2182 821 2221 officiis
857 2183 962 2220 dona
990 2183 1014 2218 a
1042 2181 1129 2217 Deo
1160 2186 1324 2228 accepta
1352 2177 1539 2227 occupari
1567 2184 1683 2225 atque
1713 2173 1890 2213 consumi
1917 2185 2077 2211 necesse

134 2246 202 2276 est.
231 2239 276 2275 In
306 2237 364 2276 his
391 2237 508 2275 rebus
537 2236 567 2275 si
595 2236 662 2286 qui
692 2249 804 2286 pares
834 2234 1077 2274 Christianos
1107 2239 1300 2283 statuunt,
1330 2233 1471 2270 morbo
1500 2229 1641 2279 animi,
1669 2241 1750 2266 non
1768 2235 1897 2265 autem
1914 2225 2077 2264 scientia

134 2290 358 2340 iudicioque
401 2289 441 2328 in
482 2302 567 2328 earn
610 2289 840 2328 sententiam
881 2288 1141 2326 adducuntur.
1184 2287 1323 2335 Neque
1360 2286 1550 2323 obscurus
1593 2292 1650 2321 est
1688 2282 1752 2319 ille
1779 2279 1940 2330 insignis
1967 2280 2078 2317 locus

132 2344 334 2395 Apostoli,
377 2343 442 2382 vbi
483 2342 741 2381 differentiam
771 2343 989 2388 donorum,
1021 2338 1424 2384 administrationum,
1455 2336 1806 2387 operationumque
1834 2332 2010 2384 agnoscit
2038 2331 2078 2369 in

135 2396 335 2436 Ecclesiae
376 2395 581 2446 membris,
624 2398 659 2435 &
700 2396 865 2434 illustrat
905 2393 1066 2444 copiose
1110 2394 1376 2430 membrorum
1416 2404 1516 2440 quae
1547 2390 1584 2427 in
1613 2401 1760 2439 copore
1786 2388 1960 2425 humano
1989 2393 2078 2424 sunt

136 2450 402 2490 similitudine.
436 2463 467 2489 1.
497 2450 588 2488 Cor.
624 2463 681 2487 12.
718 2463 774 2486 12.
805 2449 877 2487 ὅτε.
908 2447 987 2486 Sed
1016 2445 1088 2484 etsi
1116 2445 1153 2482 in
1185 2445 1244 2482 his
1274 2446 1389 2484 rebus
1417 2451 1500 2482 tum
1516 2455 1612 2492 quas
1627 2444 1736 2480 Deus
1751 2440 1851 2491 agit,
1879 2447 1962 2478 turn
1977 2452 2074 2488 quas

134 2517 207 2543 nos
245 2503 462 2542 secundum
490 2504 621 2541 Deum
650 2501 821 2553 agimus,
862 2514 944 2539 non
974 2497 1182 2538 mediocris
1212 2498 1365 2536 videtur
1392 2496 1617 2545 diuersitas;
1646 2503 1778 2533 tamen
1806 2493 1844 2531 in
1873 2491 1999 2542 capite
2025 2491 2079 2530 rei

135 2559 191 2609 (vt
229 2563 318 2595 ante
345 2556 531 2606 diximus)
561 2568 672 2605 pares
709 2567 867 2596 sumus,
896 2554 1039 2604 pariter
1066 2552 1282 2590 consociati
1309 2550 1489 2599 Christo,
1518 2548 1662 2599 pariter
1690 2547 1853 2598 Spiritus
1882 2545 1962 2584 eius
1991 2558 2076 2595 par-

138 2610 364 2660 ticipantes,
394 2608 578 2659 Spiritum
608 2608 709 2647 vitae
737 2610 772 2647 &
801 2605 1119 2646 sanctificationis
1149 2617 1283 2649 verae,
1323 2605 1358 2642 ὅτ
1387 2603 1530 2653 pariter
1557 2602 1659 2641 vitae
1687 2601 1860 2639 radicem
1889 2600 2080 2637 habentes

139 2664 178 2702 in
206 2663 364 2701 Christo
393 2665 428 2701 ἃ
460 2662 603 2712 Spiritu
632 2662 735 2710 eius,
769 2661 947 2711 quamuis
975 2672 1056 2697 non
1085 2657 1229 2708 pariter
1257 2657 1357 2696 vitae
1384 2656 1628 2695 accessiones
1657 2656 1692 2693 &
1720 2665 1923 2704 precessus
1947 2651 2079 2689 abillo

140 2718 371 2762 habeamus,
401 2718 436 2754 δι
462 2716 636 2754 actiones
664 2715 990 2764 operationesque
1020 2719 1281 2761 praestemus:
1311 2710 1647 2759 quemadmodum
1664 2711 1698 2746 δε
1715 2707 1822 2745 taleis
1837 2706 2079 2754 surculisque

143 2770 180 2808 in
223 2778 364 2808 trunco
408 2769 484 2807 vita
519 2782 595 2807 vna
633 2776 711 2816 est,
753 2768 844 2806 licet
872 2780 945 2806 nec
971 2766 1109 2805 eadem
1138 2764 1301 2804 omnino
1330 2767 1353 2802 a
1381 2772 1523 2802 trunco
1551 2762 1744 2801 accedant
1770 2759 1976 2803 omnibus,
2006 2771 2079 2795 nec

1944 2811 2080 2850 itidem
