2334 3020
262 100 336 137 216
899 108 1115 138 ‘russas
1158 110 1585 139 TnssoLochE.

263 215 419 263 proprie
454 212 548 262 legis
584 213 739 253 debitor
766 214 804 252 in
834 229 873 253 se
902 228 975 253 nec
1005 223 1183 266 respectu
1211 218 1402 255 humanae
1435 225 1595 256 naturae
1622 218 1742 267 (alias.
1773 231 1810 256 n.
1838 225 1997 268 propter
2021 219 2195 258 identita-

262 274 338 304 tem
372 267 615 313 2‘‹n0;a‘osw;,
648 271 755 318 λόγος
786 268 867 316 ipse
896 283 967 318 pro
997 282 1036 307 se
1064 270 1115 307 ad
1143 270 1236 320 legis
1265 271 1497 319 obsequium
1526 278 1737 320 teneretur,
1766 272 1873 320 quod
1897 271 1934 308 in
1951 272 2045 322 legis
2059 274 2194 310 autho-

261 332 342 356 rem
372 321 470 355 foret
498 323 839 368 contumeliosum)
863 334 936 359 nec
958 329 1137 371 respectu
1152 335 1364 373 personae,
1381 324 1448 361 sed
1466 331 1642 373 respectu
1658 323 1921 374 dispositionis
1937 325 2194 362 voluntariae:

262 371 370 409 omni
397 378 528 407 tamen
560 383 607 408 ex
634 380 744 422 parte
772 374 846 423 legi
875 375 1077 421 satisfecit,
1108 382 1148 412 vt
1176 377 1391 413 exuberans
1421 376 1559 414 infiniti
1585 378 1698 426 plane
1725 377 1851 415 meriti
1865 378 2068 426 plenitudo
2083 379 2196 416 nobis

263 425 301 461 in
331 423 486 461 Christo
515 431 668 473 parata:
698 428 825 464 nullae
854 439 1018 476 operum
1047 429 1192 466 sutelae
1221 429 1479 478 supplementi
1505 431 1618 479 loco,
1646 432 1708 467 vel
1736 430 1776 467 in
1804 430 1940 480 nobis,
1969 433 2032 468 vel
2052 431 2091 468 in
2115 430 2196 469 aliis

264 476 518 525 requirantur.

314 543 350 578 9.
407 529 510 576 Quia
539 533 630 568 vero
660 532 737 569 hoc
766 533 999 572 beneficium
1020 533 1273 583 personaliter
1295 534 1333 571 in
1350 534 1506 572 Christo
1525 535 1708 584 existens,
1724 535 1839 573 nobis
1854 535 2023 574 otiosum
2039 548 2198 585 prorsus

264 584 384 631 foret,
426 582 496 619 nisi
529 583 674 621 efficaci
712 584 964 634 imputatione
993 593 1169 624 nostrum
1199 588 1283 638 fiat,
1313 588 1457 637 duplex
1485 590 1542 636 (vt
1569 587 1620 626 ita
1648 588 1839 636 dicamus)
1869 589 2194 638 appropriationis

264 636 404 672 modus
447 635 753 674 considerandus
794 646 870 676 est:
921 652 1016 678 vnus
1058 652 1106 677 ex
1146 647 1253 689 parte
1294 640 1390 689 Dei,
1432 653 1513 678 non
1554 641 1777 691 imputantis
1819 650 1979 691 peccata
2017 654 2116 691 quae
2159 642 2197 679 in

265 688 378 725 nobis
407 687 629 739 inhaerent,
664 691 739 729 Ro.
777 693 813 729 8.
853 707 887 739 4.
923 695 957 731 ἃ
993 692 1077 730 ν166
1105 706 1213 730 versa
1241 693 1467 743 imputantis
1494 692 1676 731 iustitiam
1705 695 1847 732 Christi
1873 702 2046 743 totumq3
2079 706 2197 744 quan-

262 749 344 778 tum
385 742 426 790 (f.
469 742 583 790 1689)
624 751 680 780 est
719 743 837 793 ipsius
882 746 1070 784 meritum.
1122 747 1193 784 Illa
1239 746 1439 796 negatiua,
1477 747 1572 784 haec
1607 747 1838 785 affirmatiua
1880 747 2082 797 imputatio
2113 747 2191 785 dici

260 801 405 843 potest:
445 802 582 831 neutra
619 795 788 847 interea,
817 799 857 835 ὲν
885 801 1041 847 δοκήσει
1071 800 1106 836 &
1135 798 1281 849 inanis,
1310 800 1378 837 sed
1407 799 1546 837 eadem
1575 812 1732 849 prorsus
1762 800 1940 850 veritate,
1971 813 2049 850 qua
2075 800 2198 850 impo-

261 846 350 884 sitio
389 854 614 885 nostrorum
647 858 901 898 peccatorum
938 852 977 889 in
1015 852 1233 902 Christum,
1267 864 1367 901 quae
1396 860 1580 901 tanquam
1609 864 1729 902 agnus
1757 853 1832 891 Dei
1859 866 1938 891 non
1967 854 2201 903 sustulisset,

260 899 332 937 nisi
372 899 484 937 realis
523 900 657 939 fuisset
684 901 908 954 imputatio,
941 906 1030 942 cum
1062 906 1168 942 nulla
1201 906 1239 943 in
1267 905 1352 955 ipso
1380 905 1507 955 potuit
1534 918 1618 943 esse
1647 917 1784 944 eorum
1812 906 1984 944 formalis
2011 906 2200 944 inhaesio.

262 953 343 990 Nec
373 952 428 990 sic
452 952 623 991 dicendo
652 956 923 996 adumbratam
952 959 987 995 &
1017 957 1232 1007 putatiuam
1261 958 1442 996 iustitiam
1471 957 1727 1009 fingimus,vt
1742 958 1923 1008 opinatur
1935 961 2201 999 Bellarm.lib.

264 1019 297 1044 2.
327 1018 357 1042 c.
397 1018 433 1054 3.
463 1007 508 1043 de
544 1008 679 1056 [ustis.
718 1011 826 1058 quod
854 1024 899 1049 ea
930 1019 1036 1049 extra
1063 1023 1154 1060 nos,
1183 1011 1223 1048 in
1256 1011 1412 1050 Christo
1442 1011 1656 1049 subiectiue
1684 1012 1900 1050 collocetur
1927 1013 1963 1049 ἃ
1991 1012 2201 1050 inhaereat.

264 1060 352 1096 Non
381 1058 484 1096 enim
514 1061 710 1108 quaeritur
739 1063 832 1111 quid
861 1064 899 1102 in
930 1063 1044 1102 nobis
1073 1063 1184 1114 ipsis,
1214 1065 1282 1103 sed
1319 1065 1414 1113 quid
1435 1063 1472 1101 in
1502 1064 1646 1102 iudicio
1675 1066 1710 1103 &
1741 1064 1978 1115 cogitatione
1993 1065 2201 1116 Dei,quae

265 1111 473 1149 infallibilis
510 1119 566 1150 est
602 1114 760 1166 veritas,
792 1118 1017 1156 habeamur.
1058 1118 1113 1155 Vt
1140 1121 1234 1156 vero
1263 1117 1421 1155 remittit
1450 1124 1655 1166 peccatum
1684 1125 1845 1167 propter
1873 1118 2091 1168 Christum,
2119 1131 2200 1156 non

264 1172 302 1201 vt
330 1177 410 1201 non
438 1164 527 1202 insit
556 1165 595 1202 in
623 1167 695 1205 hac
723 1169 823 1220 vita,
850 1171 918 1208 sed
946 1183 994 1208 ne
1024 1170 1257 1221 imputetur,
1287 1171 1342 1208 sic
1371 1172 1543 1220 perfecta
1569 1170 1710 1208 iustitia
1736 1170 1973 1210 fideiussoris
2002 1173 2037 1209 δι
2064 1170 2200 1220 capitis

264 1217 407 1254 Christi
445 1217 654 1267 imputatur
684 1223 900 1269 peccatori:
931 1236 1010 1261 non
1041 1231 1080 1260 vt
1108 1236 1177 1272 per
1205 1224 1367 1261 modum
1396 1223 1549 1261 habitus
1578 1223 1687 1273 insit,
1717 1225 1785 1262 sed
1813 1231 1854 1261 vt
1882 1224 1921 1261 in
1949 1224 2095 1262 iudicio
2127 1224 2201 1262 Dei

265 1283 344 1307 non
382 1269 507 1308 minus
545 1271 633 1310 iusti
668 1276 925 1325 reperiamur,
960 1290 1005 1314 ac
1034 1277 1064 1314 si
1093 1278 1306 1325 perfectam
1336 1278 1566 1315 haberemus
1594 1276 1775 1315 iustitiam
1806 1276 2083 1315 inhaerentem.
2128 1279 2202 1314 Ra-

263 1323 370 1360 tione
411 1323 514 1360 enim
557 1325 804 1367 inhabitantis
841 1329 879 1366 in
916 1329 1029 1367 nobis
1069 1329 1212 1367 Christi
1251 1329 1434 1379 Spiritus,
1464 1329 1800 1367 communicamus
1829 1337 1868 1367 vt
1896 1331 2091 1380 membra,
2121 1343 2201 1368 non

264 1378 389 1413 solum
422 1389 633 1428 personae,
668 1381 737 1417 sed
772 1381 887 1420 etiam
922 1382 1103 1420 omnibus
1131 1383 1328 1421 beneficiis
1357 1382 1514 1432 capitis,
1543 1395 1642 1431 quae
1671 1384 1721 1420 ab
1750 1382 1835 1432 ipso
1863 1395 2064 1432 nunquam
2093 1396 2199 1432 sepa-

263 1437 411 1478 rantur,
441 1438 480 1467 vt
507 1431 584 1468 hoc
616 1440 731 1480 pacto
760 1434 807 1473 sit
834 1437 1029 1484 perfectus
1058 1443 1251 1485 seruator,
1280 1438 1315 1474 δε
1344 1435 1481 1474 merito
1510 1436 1744 1473 &efficacia
1775 1437 1858 1473 Nec
1872 1437 2000 1474 solum
2015 1435 2054 1473 in
2069 1435 2197 1485 primo

263 1482 479 1520 vocationis
507 1485 682 1523 salutaris
709 1488 893 1536 articulo,
923 1490 1017 1526 dum
1044 1487 1222 1526 iustificat
1250 1490 1365 1538 plane
1394 1488 1575 1538 impium,
1602 1490 1734 1526 locum
1750 1489 1868 1526 habet
1882 1491 1979 1526 haec
1993 1489 2199 1538 imputatio

261 1535 445 1584 iustitiae,
474 1537 542 1573 sed
570 1538 605 1574 &
635 1537 673 1575 in
703 1541 831 1578 media
858 1540 1171 1579 sanctificationis
1199 1554 1330 1591 cursu,
1361 1550 1401 1579 vt
1424 1548 1574 1591 tegatur
1588 1549 1795 1591 peccatum
1811 1541 1849 1579 in
1865 1555 1982 1580 carne
1997 1542 2199 1591 habitans,

263 1589 298 1624 δι
331 1588 370 1625 111
406 1587 492 1637 ipso
521 1596 621 1627 statu
648 1593 813 1643 gloriae,
846 1603 885 1632 vt
912 1601 1166 1632 conseruetur
1193 1597 1216 1632 a
1245 1596 1419 1633 secundo
1449 1596 1559 1644 lapsu
1587 1596 1760 1644 perfecta
1788 1594 1827 1632 in
1855 1595 1970 1633 nobis
1998 1601 2092 1633 tunc
2126 1596 2200 1632 for-

263 1641 413 1678 maliter
440 1641 642 1681 inhaerens
672 1645 827 1685 iustitia.

318 1707 375 1731 10.
431 1695 514 1732 Etsi
542 1695 656 1745 igitur
683 1698 921 1738 eiuscemodi
951 1699 1248 1750 imputationem
1262 1700 1408 1738 alienae
1424 1699 1612 1750 iustitiae,
1630 1699 1791 1738 mutatio
1808 1699 1846 1737 in
1863 1708 1991 1738 mente
2008 1702 2043 1738 &
2059 1702 2195 1738 volun-

261 1754 338 1784 tate
367 1747 596 1799 comitetur,
625 1759 714 1789 sunt
739 1760 868 1790 tamen
898 1753 1040 1791 diuersi
1069 1753 1211 1793 Christi
1226 1761 1334 1791 actus
1348 1753 1387 1791 in
1403 1753 1537 1798 nobis,
1554 1755 1683 1791 &non
1702 1753 1980 1791 confundenda
1995 1753 2199 1791 beneficia.

261 1801 353 1837 Illae
380 1799 483 1837 enim
513 1802 714 1849 qualitates
743 1806 1007 1854 inhaerentes,
1037 1809 1071 1845 ἃ
1103 1807 1309 1845 inchoatae
1337 1814 1425 1855 post
1451 1805 1722 1855 acceptionem
1747 1818 1936 1855 personae
1952 1806 2202 1844 obedientiae

261 1855 426 1902 fructus,
456 1855 611 1902 placent
638 1857 796 1905 quidem
825 1861 930 1908 Deo,
960 1861 1029 1897 sed
1056 1873 1136 1898 non
1165 1861 1322 1909 placant
1350 1861 1501 1908 Deum,
1531 1859 1937 1907 8116616Β61·11ε11’(1115Ἱ
1966 1860 2056 1897 Non
2072 1866 2201 1908 potest

261 1918 344 1943 esse
370 1918 467 1955 pura
495 1907 635 1946 iustitia
666 1910 729 1948 vbi
757 1925 836 1949 non
866 1919 994 1961 potest
1023 1914 1152 1951 adhuc
1182 1913 1314 1950 deesse
1342 1914 1468 1961 culpa.
1499 1914 1548 1949 ln
1570 1925 1682 1949 serm.
1708 1922 1743 1960 5.
1760 1913 1803 1949 de
1818 1913 1943 1950 verbis
1958 1913 2070 1949 Esai.
2098 1912 2199 1950 Cum

261 1959 365 1997 enim
395 1960 500 1997 dona
527 1973 596 2009 per
623 1963 785 2012 gratiam
813 1965 1046 2014 recipiantur
1075 1979 1156 2004 non
1185 1978 1256 2015 pro
1286 1965 1435 2003 ratione
1466 1965 1612 2013 dantis,
1637 1966 1706 2002 sed
1730 1977 1800 2014 pro
1819 1965 1940 2003 modo
1959 1964 2200 2014 recipientis,

261 2011 555 2061 imperfectione
586 2028 739 2066 semper
767 2019 964 2068 laborant,
992 2021 1027 2057 δι
1056 2025 1096 2056 vt
1125 2018 1177 2056 ait
1206 2019 1420 2067 Propheta,
1449 2019 1546 2055 Esa.
1577 2019 1636 2064 64,
1669 2019 1704 2055 6.
1748 2017 1896 2056 Omnes
1924 2017 2090 2056 iustitiae
2119 2024 2200 2055 tan-

259 2076 376 2114 quam
403 2066 632 2115 panniculus
660 2079 940 2121 menstruatae,
969 2072 1080 2120 (illud
1109 2078 1239 2110 autem
1274 2073 1389 2120 Capsa.
1415 2083 1495 2109 non
1517 2078 1596 2108 tam
1623 2077 1681 2108 est
1697 2070 1956 2108 similitudinis
1972 2078 2065 2108 nota
2081 2073 2200 2120 quam

261 2118 527 2167 expressiuum
557 2120 746 2173 veritatis,
775 2131 814 2161 vt
842 2126 1054 2173 loquuntur
1082 2123 1366 2172 Iurisconsulti)
1394 2137 1474 2161 non
1503 2124 1629 2161 solum
1658 2126 1751 2161 vero
1778 2123 1961 2161 iustitiam
1991 2124 2116 2161 carnis
2133 2135 2199 2162 seu

262 2183 381 2219 opera
410 2172 571 2210 moralia
600 2186 699 2223 quae
729 2177 967 2226 praecedunt
994 2178 1312 2225 conuersionem,
1341 2189 1414 2214 1166
1443 2177 1588 2214 scelera
1614 2176 1821 2226 insignium
1852 2184 2103 2226 peccatorum
2127 2177 2201 2214 hac

263 2224 545 2262 contumeliosa
586 2230 846 2276 appellatione
889 2230 1031 2281 reiicit,
1067 2238 1107 2268 vt
1143 2231 1258 2268 vellet
1285 2229 1561 2275 Bellarminus,
1590 2230 1652 2266 lib.
1681 2243 1718 2276 4.
1747 2243 1776 2266 c.
1810 2242 1868 2266 20.
1899 2231 1942 2267 dc
1969 2230 2109 2278 [ustas.
2136 2230 2205 2267 sed

266 2278 462 2314 bonorum
490 2290 654 2327 operum
684 2283 818 2321 florem
847 2290 934 2332 post
962 2283 1298 2328 Iustificationem‚
1328 2282 1516 2331 (loquitur
1540 2282 1641 2320 enim
1667 2282 1844 2320 Ecclesia
1869 2295 1938 2331 per
1952 2283 2204 2332 Prophetam)

265 2341 365 2378 quae
407 2337 593 2379 tanquam
636 2337 812 2382 σκύβαλα
854 2348 943 2374 cum
982 2338 1177 2386 Apostolo
1218 2334 1445 2380 reficienda,
1486 2336 1590 2372 Phil.
1621 2348 1658 2384 3.
1687 2338 1723 2373 8.
1763 2343 1804 2373 vt
1832 2334 2046 2373 formaliter
2073 2348 2141 2384 per
2169 2335 2205 2372 &

265 2390 422 2432 propter
464 2384 606 2423 Christi
648 2386 829 2426 iustitiam
856 2389 1085 2438 imputatam
1114 2388 1394 2439 perfectissime
1423 2387 1510 2426 iusti
1537 2389 1765 2426 habeamur.
1813 2389 1904 2425 Non
1934 2401 2018 2425 eam
2046 2388 2204 2436 quidem

263 2447 363 2484 quae
403 2443 461 2474 est
500 2436 618 2486 ipsius
659 2440 871 2480 essentialis
914 2442 1068 2480 Deitas:
1113 2444 1210 2481 haec
1251 2441 1352 2480 enim
1383 2441 1477 2478 nulli
1505 2449 1704 2478 creaturae
1733 2448 1840 2478 extra
1869 2442 1981 2491 λόγου
2012 2439 2206 2483 findentes-w

264 2488 440 2526 existenti
470 2492 806 2531 communicabilis
834 2502 914 2545 est,
942 2508 1015 2533 nec
1043 2496 1168 2544 illam,
1198 2494 1275 2544 qua
1303 2494 1546 2532 habitualiter
1577 2495 1612 2531 δε
1639 2496 1662 2530 a
1691 2500 1828 2531 natura
1841 2492 2131 2530 immutabiliter
2146 2498 2203 2529 est

262 2541 445 2593 Sanctus,
486 2541 675 2583 innocens
717 2547 788 2585 &c.
828 2549 955 2585 Hebr.
1000 2560 1033 2596 7.
1080 2550 1139 2586 26.
1183 2548 1259 2586 Sed
1297 2560 1366 2596 per
1394 2560 1479 2584 eam
1508 2546 1793 2596 obedientiam,
1822 2545 1900 2594 qua
1931 2552 2036 2583 extra
2065 2558 2137 2582 nos
2166 2545 2205 2582 in

258 2594 396 2631 diebus
426 2597 550 2634 carnis
580 2609 670 2635 suae
698 2600 826 2638 Hebr.
860 2612 894 2650 5.
926 2603 986 2649 87.
1018 2601 1206 2640 voluntati
1232 2600 1378 2638 aeterni
1405 2600 1525 2637 Patris
1552 2598 1756 2649 satisfecit,
1785 2602 1809 2636 a
1826 2597 1952 2648 capite
1967 2599 2006 2636 in
2024 2599 2200 2636 membra

265 2647 505 2686 influentem.

326 2712 383 2737 11.
440 2702 500 2738 Ex
542 2711 651 2752 parte
692 2712 821 2743 autem
865 2708 985 2746 nostri
1029 2709 1123 2746 alter
1164 2705 1434 2756 applicationis
1471 2704 1611 2742 modus
1641 2711 1697 2742 est
1724 2704 1842 2753 fides,
1871 2714 1970 2752 quae
1997 2703 2035 2740 in
2064 2714 2205 2752 genere

264 2753 336 2788 τῶν
365 2754 456 2804 πρὸς
501 2771 537 2792 τι
567 2758 829 2810 considerata,
871 2773 950 2798 non
977 2761 1154 2798 iustificat
1181 2759 1220 2796 111
1250 2766 1437 2807 quantum
1466 2757 1618 2795 habitus
1646 2759 1668 2794 a
1696 2756 1838 2806 Spiritu
1867 2757 1905 2794 S.
1934 2756 1972 2793 111
2000 2755 2204 2846 111εὲ116611·

2093 2819 2205 2845 orum
