2334 3020
235 116 309 160 284
869 121 1556 148 ’111115551111501001οΑ0ο

231 232 367 269 Marc.
402 243 465 278 30.
507 229 608 266 enim
650 245 669 264 ο
699 229 793 265 αἰὼν
828 231 847 266 ὀ
875 229 1096 279 ἐρχόμενος,
1126 227 1234 277 quod
1262 228 1347 277 plus
1376 240 1459 266 esse
1487 227 1641 266 videtur
1669 239 1786 277 quam
1815 227 2009 267 Hebraeis
2037 230 2131 267 lzola
2143 243 2178 266 m

233 286 267 321 81
296 294 478 332 praesens
509 282 705 319 seculum.
734 294 826 319 nam
852 282 931 319 hoc
958 292 1039 318 non
1067 281 1343 331 interruptam,
1372 281 1408 318 &
1437 281 1701 319 continuatam
1716 279 1985 319 extensionem
2001 282 2051 320 ad
2066 283 2182 320 finem

236 336 419 381 denotat„
460 335 556 372 illud
599 337 697 373 vero
741 333 822 372 sine
864 335 954 372 fine.
995 335 1133 383 Neque
1171 334 1275 371 enim
1312 333 1526 383 recipiendi
1555 340 1662 380 sunt,
1691 334 1757 383 qui
1785 333 1935 372 statutis
1962 336 2182 373 seculorum

236 387 450 426 interuallis
485 388 723 425 alternantes
762 387 844 425 sine
881 386 1097 425 cessatione
1125 393 1214 425 ante
1243 386 1347 425 diem
1373 386 1630 424 nouissimum
1660 386 1833 425 miserias
1860 388 1896 425 &
1924 387 2182 426 beatitudines

234 447 458 478 autumant:
499 453 591 477 nam
635 440 816 489 quamuis
858 438 1012 477 animae
1053 447 1177 478 terrea
1211 440 1310 477 haec
1346 451 1415 478 sua
1441 441 1598 478 vascula
1625 439 1877 489 corruptione
1904 440 1981 478 ianr
2010 440 2182 479 obnoxia

233 493 476 543 linquentes,
512 504 641 531 rursus
681 493 818 531 eadem
846 493 1021 531 secundo
1050 492 1192 531 Christi
1222 493 1392 530 aduentu
1419 492 1667 543 incorruptae
1694 499 1854 531 naturae
1881 499 1997 542 atque
2024 492 2180 532 immor-

238 546 327 584 talia
370 546 550 597 induent,
591 558 675 584 non
717 545 866 584 idcirco
908 544 1072 584 subinde
1109 552 1251 584 statum
1287 552 1449 583 mutant.
1491 547 1572 583 Itus
1600 548 1692 584 vero
1721 552 1787 584 aut
1814 545 1961 584 reditus
1989 547 2084 584 tales
2113 546 2179 595 qui

235 606 427 645 statuunt,
455 598 625 637 humana
656 598 923 637 misericordia
953 598 1069 649 01011,
1098 610 1206 637 suam
1235 605 1385 636 tantum
1415 609 1571 636 causam
1599 605 1778 650 agentes,
1806 597 1919 637 nimis
1942 599 2179 649 blasphemi.

234 651 309 690 Dei
337 651 574 690 ineffabilem
604 652 846 690 maiestatem
874 664 954 690 non
983 664 1030 689 ex
1058 664 1186 701 aequo
1217 651 1471 690 reformidant
1497 658 1562 690 aut
1590 659 1825 690 reuerentur.

292 719 351 743 11.
407 706 560 743 Locum
597 704 665 754 qui
701 705 777 743 iarn
806 704 955 743 animas
992 704 1203 755 impiorum
1233 704 1353 754 capit.
1380 704 1512 742 itidem
1538 717 1586 742 ex
1614 704 1793 755 analogia
1819 705 2024 743 beatorum
2056 705 2179 755 561115,

233 772 280 795 ex
310 758 501 796 diametro
531 757 740 795 distantem
770 757 1000 807 colligimus.
1030 759 1158 796 Lucas
1191 759 1248 795 16.
1279 758 1374 807 ἅδην
1401 764 1536 795 vocat:
1563 759 1673 795 Ioan.
1702 758 1739 796 in
1769 759 1919 807 apocal.
1952 761 2087 807 λίμνην
2116 760 2182 805 τήν

234 813 281 861 τῷ
315 811 406 862 πυρὶ
436 814 499 848 καὶ
531 812 624 860 θείῳ
661 812 882 860 καιομένηνε
927 810 1034 849 Alibi
1061 811 1265 861 tenebrae,
1293 823 1446 859 carcer,
1476 817 1687 860 vocantur,
1716 810 1859 860 quibus
1886 824 1967 849 non
1995 817 2074 848 tam
2101 810 2180 848 loci

234 870 394 901 notatur
434 863 528 902 situs
572 865 691 912 quam
734 863 909 902 contenti
951 863 1008 902 sui
1051 864 1236 913 qualitas:
1273 870 1389 912 atque
1422 863 1487 902 hic
1523 863 1699 902 omniurn
1727 862 1942 902 infidelium
1970 876 2180 902 commune

230 918 533 966 receptaculum.
570 916 848 955 determinatus
882 920 976 955 vero
1005 917 1167 966 quilibet
1194 927 1441 966 nequaquam
1470 916 1509 954 in
1537 917 1574 955 S.
1604 916 1802 967 Scriptura
1829 917 2074 967 proponitur.
2102 918 2176 954 suf-

232 968 312 1006 ficit
354 969 470 1008 nobis
506 969 604 1008 scire
643 981 899 1008 communem
929 970 1112 1008 omnibus
1140 971 1232 1020 ipsis
1260 969 1528 1008 conditionem
1557 969 1737 1008 miseram
1766 969 1856 1008 satis
1883 983 1987 1020 6556,
2015 981 2178 1019 quarum

232 1022 408 1061 conditio
438 1021 554 1061 etiam
584 1035 684 1072 quae
715 1022 880 1061 minima
905 1023 953 1061 sit
980 1022 1222 1074 infelicitate,
1250 1035 1331 1061 non
1359 1023 1460 1061 adeo
1489 1022 1537 1061 sit
1565 1023 1794 1073 expetibilis.

292 1088 350 1113 12.
406 1075 595 1114 Actiones
632 1076 911 1114 damnatorum
951 1077 1138 1126 graphice
1175 1077 1266 1116 satis
1304 1077 1436 1114 Lucae
1469 1089 1528 1114 11.
1557 1076 1798 1114 indicantur:
1829 1075 2013 1114 nimirum
2041 1088 2177 1126 vrgen-

236 1127 339 1166 tibus
381 1129 639 1180 cruciatibus,
681 1133 898 1178 poenisque
939 1129 1140 1168 vltricibus
1181 1128 1397 1180 exagitatos
1436 1128 1605 1167 concisis
1639 1129 1718 1167 iam
1746 1129 1949 1179 precibus,
1980 1128 2178 1178 sterilique

235 1181 476 1230 poenitentia
505 1181 703 1233 refrigeria
728 1194 912 1231 poscere,
940 1183 1262 1233 immutabileque
1289 1188 1472 1220 statutum
1501 1182 1540 1219 in
1570 1189 1696 1220 morte
1711 1195 1787 1220 ram
1803 1182 1942 1221 misera
1957 1182 2039 1221 sine
2053 1189 2179 1220 morte

235 1234 339 1272 flecti
367 1242 461 1273 voto
491 1234 599 1273 irrito
629 1242 829 1286 optantes,
858 1235 978 1285 idque
1005 1244 1141 1274 contra
1168 1248 1348 1275 normam
1378 1234 1533 1273 diuinae
1563 1235 1750 1286 iustitiae,
1779 1235 1923 1286 quippe
1951 1235 2017 1285 qui
2044 1236 2179 1273 volun-

235 1293 356 1325 tatem
399 1300 507 1326 suam
549 1299 708 1339 prorsus
747 1288 786 1326 in
829 1289 1011 1328 omnibus
1051 1289 1126 1328 Dei
1162 1288 1309 1340 placito
1345 1287 1549 1327 aduersam
1583 1288 1803 1327 necessario
1833 1288 2025 1339 sentiunt,
2053 1294 2178 1338 eoque

236 1340 361 1390 magis
391 1341 585 1380 miseram.

293 1406 354 1443 13.
409 1394 560 1433 Vltimo
603 1400 733 1432 autern
777 1394 851 1432 Dei
882 1393 1027 1434 iudicio
1064 1394 1372 1434 vicissitudinem
1406 1395 1508 1445 fore,
1544 1401 1610 1433 aut
1637 1394 1836 1444 Vtriusque
1864 1401 2006 1433 statum
2034 1401 2179 1433 sortem

232 1452 325 1484 tunc
367 1447 482 1485 aliam
527 1446 764 1497 subituram,
800 1446 839 1484 in
876 1449 1006 1486 futuro
1040 1450 1198 1487 saeculo
1226 1459 1434 1498 negat-nus5
1465 1448 1533 1486 sed
1563 1449 1731 1486 eundem
1760 1455 1877 1497 atque
1904 1448 1982 1486 iarn
2009 1449 2179 1497 habent,

231 1506 296 1537 aut
323 1501 453 1539 adhuc
481 1501 685 1539 habebunt
712 1500 762 1538 ad
790 1499 886 1538 illud
915 1507 1068 1551 tempus
1095 1502 1178 1541 sine
1206 1501 1438 1551 corporibus
1468 1500 1640 1549 animae
1670 1502 1754 1539 fore
1781 1501 2002 1540 asserimus.
2045 1499 2175 1550 Papis-

233 1559 359 1590 tarum
396 1553 527 1603 itaque
562 1553 751 1592 insulsum
786 1552 883 1591 illud
911 1554 1056 1605 dogma
1084 1555 1133 1593 de
1161 1555 1251 1605 igne
1278 1553 1530 1613 purgatorio,
1559 1555 1667 1604 quod
1696 1568 1742 1593 ex
1769 1553 1935 1604 Virgilio
1963 1560 2029 1592 aut
2059 1556 2177 1603 Paga—

231 1605 358 1644 nismo
388 1608 578 1645 conflasse
606 1606 809 1656 videntur⁷
835 1606 945 1645 facile
973 1621 1041 1657 per
1068 1621 1109 1646 se
1137 1607 1357 1654 euanescit,
1387 1607 1559 1656 ite'mque
1588 1607 1845 1666 Pythagorica
1859 1610 2176 1656 μετεμψίχωυις,

233 1660 268 1696 Sc
296 1660 499 1698 Platonica
527 1659 608 1698 siue
636 1659 907 1709 Empedoclea
934 1664 1289 1710 μετενσωμάτωσις.
1318 1660 1428 1699 Licet
1456 1660 1557 1698 60101
1586 1660 1737 1699 animae
1769 1660 1979 1699 subsistant
1996 1658 2077 1697 sine
2092 1672 2175 1697 cor

234 1711 417 1763 poribus,
447 1726 529 1752 non
557 1719 690 1751 tamen
718 1711 894 1772 protinus
920 1712 1195 1763 ingerendum,
1225 1716 1280 1762 (vt
1309 1713 1382 1751 sibi
1407 1716 1512 1751 recte
1542 1714 1594 1751 ob
1620 1715 1864 1752 saeculorum
1888 1711 2174 1750 reuolutionem

235 1765 439 1815 collegisse
468 1766 686 1815 videnum)
728 1765 904 1804 omnium
932 1766 1304 1817 redintegrationem
1331 1765 1371 1804 in
1401 1766 1605 1816 pristinum
1634 1773 1776 1805 statum
1805 1768 1910 1817 fore,
1939 1764 2103 1815 perinde
2130 1779 2176 1803 ac

234 1816 265 1855 si
292 1826 382 1867 post
411 1819 506 1858 illud
534 1826 687 1869 tempus
716 1818 854 1857 eadem
881 1830 1041 1869 prorsus
1068 1826 1156 1869 post
1185 1826 1244 1858 tot
1270 1820 1425 1858 saecula
1451 1826 1615 1857 tractare
1645 1831 1896 1870 cogeremur:
1937 1819 2017 1856 Sed
2045 1817 2176 1877 potius

232 1876 374 1909 51111110
416 1873 630 1922 quemdam
674 1884 744 1921 pro
787 1883 858 1910 sua
900 1871 1128 1911 conditione
1167 1885 1248 1911 non
1283 1872 1510 1911 variabilem
1546 1880 1777 1911 consecutas
1805 1872 1956 1910 animas
1986 1870 2103 1909 etiam
2133 1870 2172 1908 111

232 1923 372 1962 eodem
400 1937 649 1975 ρ61Η111ε10616,
678 1937 769 1962 01110
796 1936 926 1964 11115115
954 1925 1185 1976 corporibus
1212 1925 1444 1972 induentur,
1475 1925 1584 1975 quod
1613 1925 1806 1976 Platonis
1836 1923 2056 1975 Labeonis
2079 1925 2177 1961 Var-

228 1981 429 2035 ronisque,
473 1976 725 2029 opinionibus
762 1977 793 2016 si
827 1978 866 2016 in
900 1991 1017 2017 vnam
1053 1978 1283 2017 sententiam
1312 1986 1474 2028 coeant,
1502 1978 1620 2017 astrui
1649 1979 1731 2017 sine
1760 1980 1798 2018 S.
1827 1977 2027 2027 Scriptura
2056 1989 2171 2026 posse

226 2028 380 2069 videtur
420 2032 597 2082 ethnice
632 2032 740 2069 Deus
775 2031 877 2078 vero
903 2045 973 2082 per
1008 2032 1239 2082 scripturam
1267 2045 1418 2070 sacram
1446 2031 1603 2070 caelesti
1633 2033 1792 2070 oraculo
1822 2031 1862 2070 in
1893 2030 1963 2070 sua
1991 2029 2170 2068 Ecclesia

229 2084 500 2137 confirmauit,
529 2085 593 2124 cui
619 2086 703 2123 laus
732 2085 767 2123 &
795 2070 919 2136 gloria
945 2085 985 2124 in
1013 2085 1248 2136 sempiterna
1275 2086 1449 2136 saecula,
1479 2085 1620 2124 Arnen.

338 2357 441 2394 LVI.
498 2358 588 2395 DE
630 2359 856 2397 STATV
897 2361 1144 2398 ANIMAE
1184 2361 1221 2398 A
1261 2360 1597 2400 CORPORE
1639 2363 2058 2401 SEPARATAE

932 2430 1104 2468 POST
1148 2430 1467 2469 MORTEM.

1047 2547 1263 2585 ΤΗΕ515
1303 2549 1334 2585 Ι.

282 2662 345 2698 DE
374 2667 473 2699 statu
501 2661 654 2701 animae
681 2677 704 2700 a
732 2676 899 2722 corpore
929 2671 1128 2714 separatae
1157 2672 1246 2714 post
1274 2672 1441 2704 mortem
1471 2666 1653 2715 dicturis,
1683 2666 1754 2704 tria
1777 2665 1971 2705 axiomata
1989 2678 2070 2704 51116
2086 2680 2169 2716 pos

231 2714 354 2752 tulata
383 2720 473 2752 ante
501 2715 634 2753 omnia
663 2716 775 2754 statui
805 2729 964 2755 necesse
993 2724 1072 2768 651,
1097 2729 1196 2766 quae
1221 2720 1310 2756 01110
1334 2725 1470 2756 natura
1487 2719 1756 2758 communis&
1765 2719 1975 2778 ‘singularis
1988 2726 2168 2767 testatur„

233 2772 317 2803 tum
358 2767 546 2807 reuelatio
581 2768 712 2808 diuina
739 2782 808 2820 per
837 2770 1053 2820 Scripturas
1087 2771 1237 2810 Sacras.
1268 2773 1300 2810 Ι.
1330 2772 1524 2810 statutum
1553 2785 1638 2811 esse
1666 2771 1849 2811 omnibus
1876 2771 2102 2811 hominibus
2127 2780 2169 2810 vt

2043 2828 2167 2863 semel
