2334 3020
827 73 1103 100 FRANCISCJ
1142 73 1282 106 JUNII
1324 73 1457 99 VITA.
2054 77 2129 110 21,

171 183 398 233 constituta,
439 181 601 232 pecunia
638 181 708 231 ipsi
737 193 807 230 per
835 193 916 231 me,
954 192 1071 230 quam
1100 186 1210 230 pater
1239 186 1459 230 curauerat,
1498 179 1623 216 refusa
1650 185 1761 217 esset.
1789 180 1895 217 Dum
1924 180 2022 217 haec
2051 181 2101 218 ab

170 236 238 275 illo
280 242 359 274 tam
396 234 500 273 fideli
522 236 558 273 &
579 233 776 273 laboriosa
796 245 890 272 cura
913 246 1017 293 erga·
1024 246 1087 272 me
1111 241 1356 284 gererentur
1393 232 1523 271 variae
1545 244 1607 269 me
1630 233 1865 281 torquebant
1891 231 2102 291 angustiae,

171 301 268 338 quas
310 287 600 327 dissimulabam
637 299 727 325 cum
755 287 860 354 apud
888 286 1061 337 omneis,
1103 293 1185 325 tum
1213 287 1318 337 apud
1344 287 1450 324 hunc
1477 295 1609 322 meum
1637 285 1831 345 hospitem
1860 284 2103 335 diligentissi-

170 344 252 380 me:
261 341 422 380 aduersa
437 340 641 388 valetudo,
667 344 871 391 συγκοίτου
888 339 1090 379 cuiusdam
1106 352 1198 389 prae
1213 339 1392 378 sordibus
1407 352 1489 378 non
1503 337 1718 376 admodum
1732 337 1831 389 grati
1845 338 2103 388 consuetudo

170 394 248 433 loci
288 392 592 433 incommoditas
631 394 682 431 ad
723 392 850 430 studia
886 394 921 431 &
950 392 1223 432 meditationes
1254 406 1403 442 sacras,
1443 393 1480 431 &
1507 390 1582 429 alia
1611 392 1750 441 multa,
1791 403 1891 441 quae
1919 392 2099 429 consulto

168 454 337 498 praestat
363 445 527 486 reticeri.
566 447 642 485 Sed
671 444 845 484 omnium
875 445 1042 484 maxime
1078 445 1251 484 animum
1285 457 1416 484 meum
1449 443 1672 484 sollicitudo
1707 443 1852 483 isthaec
1880 443 2100 494 cruciabat,

168 513 218 539 ne
257 499 411 550 grauius
450 498 595 549 hospiti
625 511 713 537 meo
742 505 822 536 tam
850 499 1026 538 studioso
1054 500 1090 538 &
1116 498 1266 537 liberali
1292 512 1386 550 erga
1413 511 1494 549 me,
1536 508 1634 536 onus
1661 496 1924 547 importarem
1967 474 2100 545 Quuni

169 553 299 602 itaque
333 553 383 591 de
411 554 488 591 hoc
516 558 621 590 metu
649 550 948 602 pudentissimo,
976 554 1012 591 &
1040 552 1089 590 de
1117 552 1330 591 commoda
1357 551 1574 590 studiorum
1601 562 1778 589 meorum
1805 550 1956 589 ratione
1983 563 2099 600 saepe

168 607 409 656 multumque
437 605 689 655 cogitassem,
717 605 817 643 vltro
845 605 896 643 ad
924 617 1078 643 menses
1105 611 1271 654 quatuor
1298 604 1483 643 ieiunium
1510 603 1593 654 ipse
1620 603 1741 642 indixi
1767 602 1880 654 mihi,
1909 606 1945 642 &
1961 604 2098 641 horam

168 658 317 708 prandij
361 658 400 696 in
441 658 728 708 ambulatione,
769 659 900 708 legens
942 659 978 696 81
1019 658 1250 696 memoriam
1291 659 1445 708 colens,
1488 656 1699 707 meditans,
1742 669 1857 695 orans
1886 656 2097 706 occupaui:

165 724 327 762 vespere
358 717 489 749 autem
518 724 642 750 coena
671 710 809 761 frugali
839 722 926 749 vsus
955 722 1060 757 sum,
1105 710 1315 760 plurimum
1345 712 1510 750 sorbens
1538 709 1630 748 bina
1656 722 1752 758 oua,
1794 711 1830 748 &
1857 710 2099 748 mediocrem

164 764 244 804 vini
272 765 457 814 cyathum
484 764 676 803 hauriens.
707 764 784 802 Sed
814 776 860 802 ex
889 763 1071 802 diuturna
1099 763 1171 802 ista
1200 765 1235 801 &
1263 763 1468 814 peruicace
1496 762 1626 802 inedia
1652 762 1838 813 paulatim
1865 775 1929 801 me
1957 762 2099 800 inuasit

165 819 295 867 131103,
336 819 372 856 &
413 817 466 856 ita
504 817 633 856 exedit
673 816 859 867 grauiter,
896 824 937 854 vt
978 817 1078 855 vires
1115 829 1251 855 omnes
1294 818 1522 855 exhaustum
1556 829 1698 865 corpus
1726 816 1949 854 deficerent.
1979 815 2100 864 Quod

165 871 310 908 malum
339 877 421 909 tum
445 871 603 910 demum
627 870 747 914 sensi,
776 881 896 918 quum
925 868 1158 908 instantibus
1185 868 1320 907 amicis
1348 871 1383 908 &
1406 870 1536 908 tabem
1558 882 1686 908 meam
1710 882 1757 908 ex
1779 870 1887 907 vultu
1909 881 2097 919 recogno-

169 923 388 971 scentibus,
417 924 467 962 ad
496 924 683 963 maiorem
711 922 788 962 cibi
817 922 972 972 copiam
1000 922 1232 961 sumendam
1260 922 1369 969 veni,
1400 923 1435 960 &
1455 922 1585 960 viuere
1606 922 1751 961 institui
1765 921 1978 960 liberalius:
2009 935 2099 960 nam

165 977 227 1014 vel
253 975 392 1025 indusij
417 977 535 1015 solius
564 989 683 1015 onere
711 975 954 1026 praegrauati
982 975 1077 1013 mihi
1105 988 1188 1014 esse
1215 975 1367 1013 humeri
1392 974 1636 1013 videbantur.
1666 976 1744 1014 Sed
1773 976 2009 1013 confirmans
2038 988 2099 1013 me

166 1031 273 1068 Deus
314 1035 402 1079 post
441 1029 537 1069 illud
580 1037 755 1079 tempus,
793 1029 896 1067 lente
937 1027 1100 1066 restituit
1140 1027 1424 1077 valetudinem,
1466 1039 1583 1077 quam
1624 1029 1714 1066 tabe
1743 1030 1847 1067 lenta
1874 1027 2100 1078 imprudens

168 1082 390 1121 afflixeram.
435 1085 587 1121 Interea
629 1089 804 1120 metuens
842 1088 952 1131 pater
992 1094 1041 1120 ne
1083 1081 1132 1119 ad
1171 1080 1370 1119 literarum
1407 1092 1604 1118 sacrarum
1631 1080 1757 1119 studia
1784 1080 1956 1119 animum
1980 1082 2099 1140 plane

167 1135 396 1186 adiicerem,
438 1137 619 1174 confecta
660 1147 757 1184 pace
798 1133 837 1172 in
877 1146 999 1194 regno
1041 1134 1190 1172 Galliae
1219 1135 1255 1172 &
1284 1133 1452 1184 publicis
1480 1134 1596 1171 rebus
1623 1141 1834 1183 Vtcumque
1863 1133 2102 1184 constitutis,

164 1188 370 1238 pecuniam
412 1188 507 1227 mihi
535 1190 719 1228 Geneuae
745 1187 940 1225 numerari
968 1187 1097 1237 iubet,
1139 1187 1331 1236 certisque
1357 1186 1476 1224 literis
1504 1185 1689 1235 imperat
1730 1193 1771 1225 vt
1798 1186 1984 1225 dissoluto
2012 1200 2099 1225 aere

165 1241 293 1279 alieno
334 1254 394 1280 res
432 1254 538 1280 meas
579 1247 842 1290 comportem,
884 1241 920 1278 &
960 1239 1249 1289 quamprimum
1291 1241 1342 1278 ad
1382 1252 1423 1278 se
1464 1246 1634 1277 reuertar
1667 1240 1849 1290 domum,
1890 1242 2100 1289 propterea

165 1294 374 1345 pecuniam
402 1294 591 1344 reliquam
619 1293 669 1331 ad
696 1292 882 1331 viaticum
909 1293 1036 1331 solum
1063 1292 1259 1331 numerari
1280 1292 1375 1331 m1h1
1389 1291 1569 1331 voluisse
1598 1294 1692 1330 Erat
1706 1292 1865 1342 quidem
1880 1300 2100 1342 pergratum

167 1347 286 1397 patri,
315 1353 356 1385 vt
382 1348 566 1397 pietatem
595 1347 780 1384 haberem
809 1346 914 1395 apud
941 1359 1029 1384 me:
1045 1346 1116 1384 sed
1138 1359 1201 1384 me
1226 1358 1313 1384 eam
1329 1346 1494 1395 docere,
1523 1345 1780 1384 &vocatione
1797 1352 1903 1383 certa
1916 1345 2103 1405 profiteri,

168 1400 279 1438 viuus
320 1413 401 1438 non
440 1400 573 1439 fuisset
612 1410 773 1449 passus,
815 1399 1150 1448 quemadmodum
1192 1401 1329 1448 postea
1357 1412 1406 1436 ex
1431 1405 1553 1437 matre
1581 1398 1723 1437 didici:
1740 1398 1966 1448 praesertim
1994 1398 2101 1448 quod

169 1452 331 1502 diceret,
368 1453 398 1491 si
433 1454 541 1502 quod
589 1464 729 1491 munus
765 1452 937 1491 subirem
974 1451 1187 1502 eiusmodi,
1223 1465 1263 1490 se
1291 1452 1385 1490 nihil
1411 1463 1583 1511 vnquarn
1613 1451 1822 1501 voluptatis
1852 1465 1899 1490 ex
1926 1465 1990 1490 me
2018 1465 2101 1501 per-

165 1512 381 1555 cepturum.
413 1507 499 1557 Ego
528 1512 679 1556 autem,
707 1504 816 1544 cuius
844 1504 1019 1543 animum
1047 1505 1179 1544 diuina
1207 1517 1343 1544 manus
1373 1505 1603 1555 antegressis
1630 1506 1746 1544 rebus
1775 1505 1963 1543 malitiam
1990 1504 2102 1543 huius

164 1557 304 1608 seculi,
339 1566 607 1610 contemptum
635 1558 788 1609 mundi,
829 1560 864 1596 &
893 1558 1018 1597 crucis
1046 1559 1309 1609 Euangelicae
1338 1557 1644 1597 Christianarum
1673 1557 1863 1597 mentium
1891 1562 2101 1616 συντρόφου

163 1611 366 1651 Vtilitatem
407 1613 613 1663 docuerat,
655 1612 694 1650 in
731 1611 920 1650 sententia
960 1625 1067 1651 eram
1108 1613 1223 1662 plane
1264 1611 1418 1650 diuersa
1458 1625 1481 1649 a
1510 1611 1698 1650 sententia
1726 1611 1858 1661 patris.
1896 1611 1965 1649 sed
2009 1609 2103 1659 quid

164 1664 343 1715 agerem?
368 1665 484 1704 hinc
474 1677 597 1704 iussus
612 1667 648 1704 &
677 1664 883 1714 imperium
899 1665 1036 1715 patris,
1065 1664 1171 1703 illinc
1187 1665 1359 1704 studium
1375 1666 1410 1702 &
1425 1664 1668 1704 conscientia
1683 1665 1877 1715 quaedam
1891 1662 2102 1702 voluntatis

164 1717 240 1756 Dei
263 1731 326 1756 me
355 1719 464 1768 quasi
492 1718 688 1757 diuersum
712 1718 999 1757 distrahebant:
1029 1731 1103 1757 nec
1130 1718 1194 1757 via
1221 1718 1334 1757 facile
1364 1717 1612 1769 aperiebatur
1628 1717 1744 1769 mihi,
1773 1730 1850 1768 qua
1865 1716 1995 1757 studio
2011 1729 2102 1755 11100

166 1771 450 1822 satisfacerem,
494 1773 529 1811 &
570 1772 757 1810 mandato
799 1771 931 1821 patris.
974 1772 1196 1811 Commode
1237 1779 1366 1810 autem
1410 1785 1480 1822 per
1519 1771 1615 1810 illud
1657 1778 1810 1822 tempus
1837 1773 1887 1809 D.
1917 1768 2102 1809 Claudius

164 1824 387 1875 Preuotius,
427 1824 485 1864 vir
526 1824 773 1864 doctissimus
815 1827 851 1863 &
880 1825 980 1875 patri
1006 1824 1085 1863 iam
1114 1825 1208 1863 olim
1236 1824 1453 1874 familiaris,
1496 1824 1535 1862 in
1564 1824 1731 1884 patriam
1759 1823 2103 1875 proficiscebatur,

163 1877 402 1916 Vxelloduni
429 1880 628 1917 functurus
655 1877 869 1917 ministerio
897 1878 1144 1916 verbi:hunc
1174 1891 1248 1929 ego
1276 1877 1396 1916 literis
1422 1877 1583 1916 instruxi
1606 1879 1656 1916 ad
1684 1885 1860 1928 patrem,
1887 1876 2027 1927 quibus
2042 1889 2104 1914 me

164 1933 188 1969 a
217 1930 495 1970 commoditate
524 1931 740 1970 studiorum
767 1944 946 1970 meorum
975 1933 1208 1970 excusabam
1238 1931 1359 1981 patri,
1401 1944 1543 1981 rogans
1586 1944 1635 1970 ne
1663 1930 1946 1969 diuturniorem
1974 1942 2103 1968 meam

166 1984 521 2023 commorationem
550 1986 737 2023 Geneuae
766 1986 881 2023 ferret
909 1984 1099 2035 iniquius,
1130 1984 1319 2023 sed-illud
1339 1983 1480 2023 rationi
1495 1983 1713 2023 studiorum
1728 1985 2104 2033 meorum&postu-

162 2037 242 2074 1310
271 2050 360 2076 meo
383 2038 672 2087 pernecessario
699 2037 934 2089 indulgeret:
964 2037 1072 2076 cuius
1100 2037 1155 2076 rei
1179 2039 1227 2075 D.
1244 2037 1468 2076 Preuotium
1491 2044 1630 2076 testem
1644 2039 1727 2076 fore
1742 2036 2100 2087 locupletissimum.

167 2090 273 2128 Ecce
309 2097 457 2140 autem,
496 2093 692 2141 profectus
720 2091 813 2130 inde
840 2091 1045 2129 Preuotius
1073 2097 1282 2140 antequam
1310 2091 1406 2129 fines
1434 2090 1652 2140 Biturigum
1681 2090 1968 2140 destrinxisset,
1996 2095 2105 2139 pater

164 2149 325 2181 cruenta
353 2151 479 2182 morte
508 2144 720 2183 occiderat.
744 2146 785 2193 (f.
806 2149 879 2193 13.)
908 2144 1050 2183 Caedis
1078 2145 1176 2182 haec
1204 2143 1275 2182 fuit
1302 2144 1473 2182 occasio.
1501 2143 1740 2182 Vxelloduni
1768 2155 1847 2193 quo
1863 2143 1924 2182 die
1936 2143 2104 2181 celebra-

166 2196 280 2234 batur
296 2197 436 2235 festum
451 2197 628 2248 corporis
642 2197 804 2236 Domini
828 2200 887 2246 (vt
913 2200 1071 2246 vocant)
1101 2204 1191 2247 post
1218 2196 1543 2247 supplicationem
1570 2196 1771 2246 publicam
1799 2198 1933 2257 (vulgo
1948 2198 2106 2235 Proces-

168 2249 318 2288 sionem
358 2249 510 2310 dicunt)
551 2250 702 2290 animus
742 2252 991 2310 quorundam
1025 2250 1319 2289 Pontificiorum
1353 2252 1454 2288 male
1481 2249 1707 2288 feriatorum
1734 2250 1875 2289 exarsit
1902 2250 2023 2297 adeo,
2065 2255 2104 2286 vt

170 2304 338 2342 tumultu
366 2303 497 2363 inique
523 2310 675 2353 praeter
701 2303 807 2354 pacis
835 2304 1000 2343 recentis
1027 2305 1132 2354 leges
1154 2303 1321 2342 excitato
1337 2302 1376 2341 in
1392 2303 1729 2342 Ecclesiasterium
1747 2303 1828 2342 siue
1844 2303 2104 2354 proseucham

177 2362 401 2395 nostrorum
428 2356 638 2407 irruerent,
680 2358 861 2406 ferroque
890 2359 925 2396 &
953 2359 1110 2395 flamma
1136 2364 1402 2407 grassarentur
1442 2355 1677 2416 promiscue,
1718 2358 1812 2395 Hoc
1854 2355 2026 2395 facinore
2053 2355 2104 2393 ad

173 2412 323 2458 Regem
359 2411 530 2461 perlato,
567 2410 711 2460 placuit
747 2410 912 2449 consilio
950 2409 1232 2459 quaesitionem
1259 2409 1395 2448 haberi
1423 2411 1458 2448 &
1487 2410 1675 2460 cognosci
1705 2410 1754 2449 de
1782 2423 1830 2448 eo
1858 2423 1928 2459 per
1954 2414 2105 2459 patrem

172 2461 436 2512 iudiciumque
469 2464 519 2502 de
554 2463 778 2502 auctoribus
810 2465 862 2502 ad
899 2465 1120 2513 exemplum
1155 2462 1269 2502 statui
1301 2463 1416 2512 plena
1446 2469 1638 2512 potestate
1665 2465 1701 2502 81
1729 2463 1956 2501 311010111310
1982 2461 2100 2511 regia.

173 2515 358 2566 Diploma
397 2515 540 2567 accipit
580 2524 689 2566 pater
728 2516 767 2555 in
795 2518 898 2555 hanc
926 2515 1168 2555 sententiam.
1197 2518 1267 2554 Ille
1295 2515 1500 2554 consilium
1528 2527 1641 2554 suurn
1669 2516 1935 2566 dissimulans,
1976 2528 2022 2552 ac
2053 2526 2101 2551 ne

173 2567 286 2607 matri
322 2568 481 2618 quidem
510 2569 697 2608 metuenti
724 2572 759 2609 &
788 2570 976 2608 sollicitae
1004 2570 1053 2607 de
1080 2570 1154 2607 hac
1182 2582 1223 2607 re
1251 2568 1470 2618 explicans,
1513 2580 1604 2608 cum
1633 2581 1704 2608 suo
1732 2569 1919 2608 comitatu
1944 2568 2101 2605 Vxellou

172 2622 321 2660 dunum
350 2621 475 2671 venit,
515 2629 557 2661 vt
583 2636 698 2673 saepe
741 2625 895 2662 fecerat.
923 2622 1114 2661 Satellites
1143 2629 1251 2660 extra
1278 2621 1441 2672 opidum
1470 2623 1546 2660 huc
1573 2622 1665 2661 illuc
1689 2624 1862 2672 ablegat,
1903 2628 2102 2670 tamquam

171 2674 276 2713 aliud
316 2687 455 2725 agens:
495 2674 578 2735 ipse
606 2676 642 2714 in
673 2675 843 2726 hospitio
872 2677 978 2715 velut
1005 2687 1236 2725 responsum
1265 2682 1493 2725 exspectans
1520 2675 1709 2721 subsistit,
1751 2676 1873 2714 tribus
1899 2675 2025 2713 solum
2053 2673 2103 2711 de

173 2727 360 2766 comitatu
388 2727 603 2785 33301113113.
633 2729 711 2768 Hic
733 2731 846 2780 plebs
865 2736 1025 2780 repente
1040 2740 1264 2779 exsurgere:
1294 2728 1459 2779 curiam,
1490 2730 1596 2780 fora,
1621 2735 1753 2779 portas
1768 2727 1876 2778 0p1d1
1890 2738 2102 2776 occupare

1892 2779 2102 2830 hospitium
