2334 3020
235 122 311 158 310
853 118 1066 145 THESES
1107 117 1540 147 THEOLOGICAE.

287 237 348 273 39.
404 223 482 271 Qui
523 222 804 272 deportationis
844 230 1021 273 tempore
1063 229 1276 274 posteaque
1318 224 1410 263 editi
1453 233 1562 273 sunt,
1604 225 1648 265 iis
1690 227 1899 277 singularis
1941 229 2161 270 testificatio

232 276 395 315 accessit
417 282 667 324 euentorum,
696 288 814 325 quam
838 278 944 314 Deus
973 276 1124 327 scriptis
1154 281 1370 327 eorumque
1398 278 1652 328 scriptoribus
1680 280 1880 329 perhibuit
1909 281 2164 332 singulariter.

233 328 471 367 Huiusmodi
508 335 596 366 sunt
631 329 718 367 libri
753 329 1064 375 Chronicorum‚
1109 331 1259 378 Ezrae,
1301 330 1539 381 Nehemiae,
1582 333 1750 382 Esther,
1786 333 1977 372 Historici
2006 338 2040 374 &
2069 338 2165 376 Pro—

231 381 399 431 phetici,
428 382 670 420 Psalmorum
698 382 734 419 &
762 382 949 421 Ieremiae
977 396 1065 432 pars
1093 383 1243 433 aliqua,
1275 383 1477 434 Ezechiel,
1507 384 1666 434 Daniel,
1694 386 1730 423 &
1760 393 1836 425 tres
1867 388 1916 425 de
1947 387 2162 429 minoribus

235 434 436 483 Prophetis
465 433 599 472 Vltimi.

284 500 345 535 40.
402 488 558 525 Praeter
584 488 682 525 haec
710 494 840 526 autem
868 487 1098 539 singularia,
1127 488 1348 527 communis
1376 489 1439 527 illa
1467 489 1782 530 testificationum
1816 491 1913 531 ratio
1938 494 1988 531 ad
2013 494 2163 544 singula

231 541 443 590 scripturae
474 541 650 578 membra
678 540 882 590 pertinuit,
912 554 1029 591 quam
1059 541 1158 580 thesi
1186 555 1233 591 33
1265 549 1354 580 ante
1383 541 1603 582 docuimus.

285 606 347 640 41.
404 595 534 642 Atque
569 594 666 631 11366
705 595 832 632 solum
863 594 1006 644 scripta
1033 593 1072 632 in
1100 596 1354 633 Testamento
1380 602 1531 645 vetere,
1571 608 1671 645 quae
1698 610 1769 646 pro
1799 598 1998 637 canonicis
2028 600 2163 640 habuit

232 648 267 684 &
294 645 413 684 coluit
442 646 616 684 Ecclesia
644 654 773 693 uetus,
801 647 986 685 habenda
1013 655 1113 686 sunt.
1157 649 1207 685 Et
1234 650 1327 686 vero
1356 661 1436 686 non
1464 648 1538 687 alia
1566 649 1740 688 Christus
1769 652 1804 689 &
1832 651 2015 701 Apostoli
2042 666 2161 703 agno-

233 705 396 737 uerunt:
426 698 521 748 quid
548 698 724 737 Ecclesia
752 699 894 738 faciat?

284 766 345 799 42.
400 754 448 789 IN
478 753 594 790 Nouo
619 765 771 791 canone
797 752 956 791 vnicum
980 760 1037 791 est
1061 753 1273 803 scripturae
1297 766 1440 804 genus,
1463 755 1572 803 quod
1601 756 1708 793 Deus
1740 755 1907 796 mediate
1937 771 2006 806 per
2028 771 2163 798 seruos

231 817 322 843 suos
351 804 533 843 exarauit.
577 807 708 855 Atque
738 807 814 844 1106
842 806 976 845 itidem
1004 805 1146 856 partim
1174 807 1450 846 communibus
1479 807 1607 845 modis
1637 809 1892 848 sanctificauit
1920 811 2047 859 Deus,
2075 826 2159 862 par-

232 858 380 908 timque
409 857 680 908 singularibus.

283 924 346 960 43.
402 911 613 961 Singularis
641 912 783 949 modus
812 919 888 962 est,
917 912 1025 961 quod
1053 912 1172 951 Filius
1201 912 1275 950 Dei
1302 913 1518 962 patefactus
1546 913 1585 951 in
1614 927 1752 963 carne,
1781 915 1918 953 effatus
1946 923 2003 954 est
2031 918 2161 967 palam

230 966 394 1003 verbum
431 963 621 1013 veritatis,
662 965 847 1014 idemque
879 965 1091 1014 praeconio
1124 967 1159 1004 &
1196 965 1384 1015 scriptura
1413 965 1451 1003 in
1479 967 1656 1004 Ecclesia
1685 967 1830 1016 deponi
1858 970 1892 1006 &
1920 969 1967 1006 ad
1998 971 2159 1019 posteri-

231 1025 350 1055 tatem
382 1016 587 1055 transmitti
615 1017 737 1056 voluit
766 1031 834 1067 per
862 1019 1078 1068 Apostolos
1106 1020 1142 1057 &
1172 1019 1460 1068 Euangelistas,
1498 1019 1538 1057 id
1568 1028 1645 1069 est,
1675 1033 1899 1071 ,praecones
1926 1024 1961 1060 &
1989 1023 2162 1062 notarios

230 1082 321 1108 suos
347 1070 536 1108 idoneos:
581 1078 696 1120 prout
725 1071 953 1109 mandatum
981 1071 1087 1110 istius
1118 1071 1247 1122 operis
1274 1071 1653 1122 promissionemque
1683 1081 1938 1124 acceperunt,
1969 1076 2161 1114 Matthaei

231 1123 388 1173 vltimo,
418 1126 453 1161 ἅν
482 1122 586 1162 alibi.

284 1190 345 1223 44.
403 1176 606 1227 Accessit,
643 1177 750 1226 quod
780 1177 958 1215 Christus
987 1178 1097 1217 verbi
1123 1178 1224 1216 illius
1253 1185 1389 1216 auctor
1415 1185 1555 1228 potens
1584 1178 1655 1216 fuit
1683 1178 1797 1217 dictis
1825 1181 1861 1217 &
1890 1181 2027 1219 factis:
2056 1194 2159 1220 earn-

231 1230 402 1279 demque
442 1230 654 1279 potentiam
697 1243 766 1280 per
806 1232 1019 1280 Apostolos
1061 1234 1096 1270 &
1139 1243 1272 1270 seruos
1308 1242 1399 1269 suos
1433 1230 1575 1282 signis,
1620 1231 1850 1282 virtutibus,
1892 1235 1926 1272 &
1967 1233 2162 1274 miraculis

233 1290 416 1321 exercuit.

286 1346 349 1385 45.
408 1337 647 1373 Communes
678 1338 771 1374 vero
799 1336 907 1374 modi
935 1338 1050 1387 plane
1078 1337 1196 1376 iidem
1225 1349 1324 1386 quos
1352 1344 1441 1375 ante
1470 1337 1636 1376 diximus
1666 1337 1704 1375 in
1736 1338 1833 1377 thesi
1862 1352 1909 1388 33
1942 1340 2162 1379 adfuerunt.

285 1390 348 1436 46.
405 1388 536 1427 Sancti
564 1388 666 1426 enim
696 1388 850 1439 spiritus
887 1390 1166 1429 sanctissimam
1196 1390 1510 1428 testificationem
1539 1398 1621 1428 tum
1650 1392 1854 1441 loquentes
1883 1393 1919 1430 &
1947 1392 2160 1432 scribentes

231 1455 302 1490 pro
333 1442 538 1480 vocatione
566 1454 633 1479 sua
657 1443 838 1492 Apostoli
866 1443 1105 1493 habuerunt,
1134 1451 1215 1481 tum
1238 1443 1438 1482 audientes
1459 1457 1504 1482 36
1532 1446 1705 1494 legentes
1733 1444 1784 1494 pij
1814 1444 1881 1494 qui
1909 1445 2159 1485 crediderunt

231 1494 269 1532 in
298 1495 460 1533 verbum
488 1495 656 1533 illorum.

284 1560 347 1596 47.
403 1548 621 1586 Consensio
649 1548 761 1586 huius
789 1548 1002 1598 scripturae
1031 1550 1101 1587 fuit
1130 1563 1220 1587 cum
1249 1562 1400 1587 canone
1423 1557 1504 1587 tum
1531 1549 1669 1588 veteris
1691 1550 1791 1588 illius
1820 1550 2054 1601 scripturae,
2077 1559 2158 1590 tum

232 1600 333 1639 iliius
361 1601 472 1639 verbi
497 1602 606 1650 quod
634 1609 789 1639 recente
818 1601 1006 1641 memoria
1035 1603 1209 1641 Christus
1237 1602 1578 1652 pronunciauerat.

286 1656 347 1701 48.
404 1654 587 1692 Assensio
629 1654 828 1692 Ecclesiae
869 1654 939 1693 fuit
981 1655 1239 1705 depositaria:
1282 1663 1365 1694 tum
1403 1655 1493 1705 quia
1528 1656 1579 1694 ab
1607 1656 1808 1706 Apostolis
1837 1658 1871 1695 &
1901 1657 2159 1708 Euangelistis

232 1710 414 1756 (quorum
454 1708 710 1745 fundamento
747 1715 1009 1757 superstructa
1047 1711 1120 1758 est)
1161 1708 1249 1747 libri
1287 1708 1384 1747 sacri
1423 1709 1579 1747 fuerunt
1607 1708 1641 1747 ei
1670 1709 1955 1760 commendati,
1985 1711 2155 1749 velutin

232 1761 353 1798 domo
391 1761 465 1798 Dei
503 1761 538 1797 &
573 1760 732 1799 archiuo
771 1760 876 1799 eius:
918 1768 1000 1799 tum
1035 1762 1124 1811 quia
1158 1763 1208 1799 ab
1238 1762 1413 1800 Ecclesia
1440 1762 1652 1800 transmissi
1680 1761 1719 1799 in
1748 1768 1920 1801 ceterum
1949 1775 2094 1814 corpus
2122 1767 2158 1803 &

229 1812 497 1862 posteritatem
525 1812 657 1862 ipsius.

283 1879 345 1916 49.
400 1865 631 1904 Transmissi
657 1873 787 1904 autem
816 1867 1037 1918 legatione,
1066 1870 1101 1906 &
1130 1867 1387 1906 successione.
1430 1866 1670 1918 Legatione,
1705 1867 1796 1917 quia
1823 1868 2001 1907 Ecclesia
2030 1868 2094 1906 illa
2120 1869 2158 1907 in

230 1930 307 1967 qua
338 1920 551 1969 Apostolus
579 1919 803 1970 scripserat,
832 1921 872 1969 (f.
908 1922 1023 1968 1770)
1052 1928 1116 1958 aut
1145 1921 1195 1958 ad
1223 1932 1339 1971 quam
1370 1920 1596 1970 scripserat,
1625 1923 1681 1969 (vt
1696 1920 1936 1971 Augustinus
1960 1921 2160 1972 distinguit

231 1970 502 2019 scientissime)
545 1973 704 2022 publico
739 1974 773 2011 &
808 1973 959 2011 solenni
985 1973 1210 2012 testimonio
1238 1974 1374 2012 addito
1404 1973 1669 2012 communicat
1696 1985 1785 2011 cum
1815 1973 1897 2012 aliis
1927 1978 2159 2026 συγχρὸνοις

230 2024 428 2063 Ε66165115.
473 2025 753 2075 Successione,
782 2026 871 2075 quia
899 2034 1064 2064 cunctae
1093 2026 1308 2076 posteritati
1335 2038 1426 2065 suae
1455 2026 1493 2064 in
1522 2026 1679 2065 Christo
1708 2039 1902 2066 consensu
1931 2040 2009 2065 vno
2038 2035 2160 2065 trans-

229 2077 322 2115 dare
349 2078 579 2117 studuerunt
609 2078 718 2127 quod
746 2086 990 2128 acceperant.

284 2141 345 2180 50.
400 2133 535 2180 Itaque
571 2131 733 2169 canonis
770 2131 870 2170 illius
904 2133 1118 2171 substantia
1152 2138 1210 2171 est
1237 2134 1401 2171 verbum
1429 2134 1452 2170 a
1481 2132 1637 2171 Christo
1666 2131 1991 2183 pronunciatum,
2033 2134 2068 2171 &
2097 2145 2158 2172 res

231 2190 387 2233 gestae:
417 2196 585 2234 quorum
613 2183 834 2223 fidelissima
862 2184 1021 2223 historia
1049 2185 1087 2223 in
1114 2192 1281 2235 quatuor
1309 2185 1557 2236 Euangeliis,
1586 2186 1763 2235 exempla
1791 2185 1830 2223 in
1859 2185 1968 2224 Actis
1991 2187 2160 2235 Aposto-

228 2237 379 2281 lorum,
409 2237 580 2287 exegesis
609 2249 694 2276 xxl.
724 2237 918 2289 epistolis,
946 2237 1157 2288 Prophetia
1186 2238 1224 2276 in
1253 2240 1551 2288 Apocalypseos
1578 2238 1680 2277 libro
1710 2238 1973 2278 continentur.

283 2299 345 2338 51.
401 2290 480 2338 Qui
508 2298 646 2328 contra
672 2291 841 2329 sentiunt
869 2293 904 2329 &
933 2292 982 2330 de
1009 2291 1138 2340 aliqua
1165 2291 1307 2329 horum
1335 2291 1525 2330 librorum
1554 2298 1661 2340 parte
1690 2291 1898 2341 derogant,
1941 2291 1964 2341 ij
1995 2304 2044 2329 ex
2072 2304 2159 2341 par-

228 2341 379 2380 ticulari
408 2343 539 2392 inique
570 2344 850 2382 concludentes
878 2344 1072 2393 priuatum
1100 2343 1304 2382 hominum
1327 2345 1476 2394 aliquot
1500 2344 1686 2383 iudicium
1712 2344 1872 2394 publico
1894 2351 2157 2395 anteponunt,

231 2394 487 2445 iuiuriamque
516 2396 663 2434 faciunt
690 2397 779 2434 cum
809 2397 993 2435 Ecclesiis
1021 2397 1260 2447 Apostolicis
1288 2404 1353 2436 aut
1380 2398 1424 2436 iis
1452 2398 1503 2435 ad
1530 2410 1626 2446 quas
1655 2399 1809 2435 fuerunt
1844 2398 2034 2447 scriptae,
2076 2404 2158 2435 tum

231 2449 429 2486 Ecclesiae
465 2448 706 2487 catholicae:
747 2456 933 2499 tanquam
967 2449 998 2488 si
1027 2450 1113 2488 illae
1151 2451 1245 2488 falso
1275 2451 1324 2489 de
1353 2450 1411 2489 his
1441 2450 1668 2489 testificatae
1698 2457 1847 2500 essent,
1889 2451 1986 2488 haec
2013 2453 2157 2489 temere

231 2503 266 2538 &
295 2501 486 2550 ἀδοκίμως
515 2502 742 2551 accepisset.

287 2564 347 2602 52.
403 2554 595 2592 Omnibus
624 2554 726 2592 enim
755 2554 943 2593 Ecclesiis
971 2555 1107 2606 religio
1136 2555 1206 2593 fuit
1233 2568 1304 2605 pro
1334 2555 1532 2594 canonicis
1557 2555 1735 2605 accipere
1757 2555 1831 2594 alia
1853 2556 2012 2605 scripta,
2042 2567 2159 2605 quam

233 2618 332 2654 quae
361 2607 411 2643 ab
441 2607 641 2656 Apostolis
670 2609 797 2655 facta,
825 2615 891 2645 aut
919 2610 1085 2657 probata
1113 2615 1251 2647 essent.

284 2670 345 2708 53.
401 2660 464 2697 Sic
506 2661 719 2710 Euangelia
760 2660 996 2710 scripserunt
1034 2663 1254 2700 Matthaeus
1291 2663 1326 2699 &
1363 2663 1532 2700 Ioannes
1567 2660 1775 2711 Apostoli:
1820 2660 2157 2711 Euangelistarum

233 2711 357 2749 Marci
387 2715 421 2750 &
451 2714 603 2763 Lucae,
648 2714 936 2763 probauerunt:
979 2715 1079 2752 Acta
1121 2715 1404 2764 Apostolorum
1441 2716 1465 2751 a
1498 2715 1607 2752 Luca
1640 2713 1863 2763 conscripta
1898 2714 1991 2763 quin
2019 2715 2159 2751 Paulus

233 2765 480 2814 probauerit,
522 2778 640 2804 nemo
679 2778 793 2804 sanus
828 2765 1002 2804 dubitat:
1045 2767 1242 2817 Epistolas
1275 2774 1358 2805 tum
1394 2767 1602 2817 scriptores
1637 2766 1711 2816 ipsi
1745 2767 2049 2815 confirmarunt,
2077 2773 2158 2804 tum

1995 2819 2160 2858 aliorum
