2334 3020
729 135 944 162 THESES
987 135 1419 164 THEOLOGICAE.
2005 140 2074 177 173

137 243 191 280 δε·
213 247 366 280 sanctas
408 241 614 290 qualitates
656 240 693 279 in
735 240 780 280 iis
824 240 965 290 quibus
1011 241 1136 280 visum
1165 249 1243 293 est7
1271 243 1322 280 ad
1351 254 1446 292 quas
1474 243 1717 293 recipiendas
1745 243 1876 282 anima
1903 257 1943 282 se
1972 248 2077 284 mere

136 295 256 333 habet
298 297 546 343 παθητικῶςε
590 306 669 332 ιιοιι
713 300 753 332 vt
795 300 954 333 truncus
997 302 1062 333 aut
1090 294 1230 354 stipes,
1258 308 1348 334 cum
1377 302 1570 334 remotam
1600 296 1770 346 aliquam
1799 297 2012 346 potentiam
2041 297 2075 336 ei

137 348 425 396 concedamus
454 347 490 384 δε
519 354 629 385 motu
659 355 865 385 moueatur
894 348 1144 387 conuenienti
1174 348 1254 387 eius
1282 348 1347 386 fini
1375 362 1421 387 ac
1449 349 1690 399 perfectioni.
1721 349 1840 388 Aliud
1859 357 1942 410 ’est7
1966 351 2074 401 quod

138 402 240 440 hanc
282 399 357 439 Dei
385 398 582 438 actionem
610 407 794 450 sequatur
822 400 910 460 ipsa-
933 401 1141 440 conuersio
1170 401 1293 440 nostri
1321 403 1371 440 ad
1398 403 1546 452 Deum,
1578 403 1655 440 hoc
1684 409 1762 452 est,
1791 403 1894 442 actio
1923 417 2076 454 proma-

137 467 235 493 nans
262 457 285 492 ἐι
312 464 417 491 noua
446 460 642 504 creatura,
673 455 762 492 cum
791 453 931 492 mentis
960 454 999 492 in
1027 456 1307 505 cognoscendo
1337 456 1487 503 Deum,
1517 432 1601 493 tiun
1631 455 1895 494 voluntat1s1n
1911 458 2077 508 amplec-

139 508 260 545 tendo
292 506 460 545 eundem
488 519 560 556 per
587 506 798 545 Christum.
827 506 936 546 Prior
965 507 1080 559 igitur
1106 507 1209 547 actio
1239 508 1426 556 (sanatio)
1455 514 1513 547 est
1540 522 1646 547 mere
1675 509 1840 568 passiua.
1882 510 2079 548 Posterior

139 561 236 598 fides
264 566 322 598 est
350 571 583 608 cooperans.
613 560 715 598 Nam
743 561 800 609 (vt
829 560 880 598 de
901 567 1011 609 grat.
1043 562 1092 599 ἂν
1118 562 1184 600 Ζιᾉύ
1209 562 1310 598 Arb.
1337 574 1367 599 c.
1402 573 1460 610 17.
1491 563 1656 611 August.
1681 561 1818 611 inquit)
1845 569 1885 600 vt
1912 563 2077 601 velimus

137 614 246 651 Deus
289 611 370 650 sine
407 611 522 651 nobis
552 619 758 663 operatur,
797 621 927 651 tamen
953 613 1036 652 sine
1064 614 1132 652 illo
1163 615 1224 652 vel
1253 621 1442 664 operante
1469 621 1509 652 vt
1536 614 1720 665 velimus7
1750 616 1811 652 vel
1840 622 2078 665 cooperante

139 667 227 704 cum
256 666 460 714 volumus,
488 666 539 703 ad
568 667 674 704 bona
702 665 855 715 pietatis
884 679 1006 716 opera
1030 666 1125 705 nihil
1156 668 1343 706 valemus.

196 732 255 758 12.
310 719 355 756 In
395 717 525 756 futura
566 718 644 757 vita
683 719 852 758 liberum
883 719 1084 758 arbitrium
1112 719 1316 758 hominum
1345 720 1437 770 erit,
1465 726 1530 758 aut
1558 721 1787 771 beatorum,
1816 727 1883 759 aut
1908 721 2079 760 damna—

137 778 282 811 torum.
324 772 534 809 Beatorum
576 771 648 810 erit
674 773 725 810 ad
753 772 902 810 bonum
931 774 1103 823 tantum7
1131 773 1249 822 idque
1277 772 1591 820 immutabiliter,
1622 774 1712 811 cum
1742 774 1908 812 assecuti
1936 774 2077 812 fuerint

137 824 313 862 vltimam
342 823 557 864 sanctitatis
584 824 868 875 perfectionem
896 826 946 863 ad
976 837 1094 875 quam
1123 825 1161 863 in
1192 826 1271 863 hoc
1292 827 1442 864 mundo
1457 825 1667 864 militantes
1681 827 1893 886 adspirant.
1923 829 2079 865 Poterat

136 878 266 915 Adam
307 876 429 915 libere
470 877 509 914 in
552 878 680 928 primo
710 884 810 916 statu
839 891 920 916 non
948 891 1134 929 peccare,
1163 878 1202 916 in
1231 879 1309 917 hoc
1337 891 1503 928 peccare
1532 891 1613 916 non
1641 879 1804 929 poterit:
1835 881 1925 929 quia
1954 879 2078 944 magis

136 930 211 968 Dei
250 929 461 981 imaginem
493 931 655 981 reseret,
685 944 773 969 cum
802 932 909 969 Deus
938 931 1086 969 fu'turus
1114 938 1171 970 est
1199 931 1333 969 omnia
1359 931 1401 969 in
1429 931 1625 970 omnibus.
1667 934 1954 971 Damnatorum
1982 936 2076 971 vero

135 983 303 1022 liberum
345 983 551 1022 arbitrium
594 984 666 1022 erit
706 985 756 1022 ad
798 985 943 1022 malum
979 986 1149 1033 tantum,
1179 984 1297 1033 idque
1325 983 1363 1021 in
1392 991 1613 1022 aeternum:
1642 985 1733 1034 quia
1761 986 1905 1036 Spiritu
1933 987 2078 1024 Sancto

136 1036 309 1075 destituti
350 1037 401 1075 de
444 1037 567 1076 salute
609 1049 678 1076 sua
718 1041 905 1086 omnique
946 1038 1055 1075 bono
1081 1040 1105 1075 a
1133 1038 1221 1075 Deo
1250 1037 1492 1087 procedente
1521 1037 1772 1087 desperantes
1800 1052 1839 1076 m
1866 1038 2076 1089 pessimum

135 1091 281 1128 malum
309 1097 442 1141 ruent,
473 1101 553 1140 quo
582 1092 670 1129 Deo
700 1091 970 1139 voluntat1'que
996 1090 1077 1129 eius
1104 1089 1226 1129 iustae
1256 1103 1302 1128 ac
1331 1096 1488 1128 sanctae
1513 1089 1689 1130 resistere
1716 1093 1976 1131 conabuntur.

610 1381 745 1418 XXII.
799 1379 885 1417 DE
925 1378 1191 1417 LIBERO
1234 1379 1599 1418 ARBITRIO.

962 1498 1180 1535 THEsrs
1222 1508 1248 1536 1.

191 1631 224 1656 1.
279 1617 465 1654 LIBERVM
494 1615 695 1654 arbitrium
725 1614 772 1665 (si
801 1615 850 1654 de
878 1614 1048 1654 nominis
1076 1614 1338 1665 appellatione
1367 1628 1495 1655 sermo
1524 1615 1571 1654 sit
1581 1618 1608 1667 7)
1637 1629 1718 1655 non
1747 1623 1805 1655 est
1833 1616 1927 1666 quid
1945 1629 2077 1669 vnum7

134 1671 203 1710 sed
245 1669 467 1720 multipleX,
511 1675 645 1719 vtpote
682 1681 730 1707 ex
759 1668 911 1707 duabus
939 1667 1105 1707 vocibus
1134 1680 1256 1707 vnum
1285 1669 1335 1707 de
1363 1670 1487 1708 altero
1516 1647 1816 1708 entinciantibus
1843 1671 2077 1721 conflatum,

133 1734 298 1773 quarum
325 1722 390 1761 illa
417 1721 613 1774 attributi,
642 1723 740 1760 haec
770 1721 936 1761 subiecti
966 1721 1160 1761 rationem
1187 1722 1318 1761 habet.
1345 1724 1429 1761 Nos
1457 1723 1506 1761 de
1536 1725 1734 1773 vtrlusque
1756 1723 2015 1775 etymologia,
2041 1726 2077 1762 &

131 1776 246 1815 variis
273 1753 613 1836 acceptionibus,
623 1788 723 1825 quae
751 1776 802 1814 ad
831 1775 1050 1814 institutum
1078 1788 1264 1826 praesens
1293 1777 1422 1814 facere
1448 1775 1707 1835 videbuntur,
1730 1776 1902 1815 breuiter
1916 1777 2078 1828 dicturi,

133 1830 184 1868 ad
222 1829 427 1868 essentiam
455 1829 530 1880 rei,
559 1829 609 1867 de
638 1839 716 1878 qua
743 1828 890 1880 agitur,
920 1828 1222 1867 examinandam
1248 1828 1365 1868 nobis
1393 1828 1467 1868 hac
1494 1828 1557 1868 via
1584 1829 1900 1869 commodiorem
1928 1830 2077 1869 aditum

135 1882 332 1921 faciemus.

188 1949 221 1973 2.
277 1935 495 1974 Arbitrium
527 1934 644 1985 igitur
672 1934 728 1984 (in
756 1934 930 1985 qualibet
956 1934 1060 1973 enim
1089 1934 1323 1974 tractatione
1350 1937 1373 1973 a
1401 1934 1580 1974 subiecto
1609 1935 1751 1987 ordiri,
1781 1937 1863 1974 tum
1892 1943 2076 1987 naturae7

130 1990 214 2027 tum
255 1987 458 2027 doctrinae
492 1988 592 2028 ordo
621 1989 808 2038 postulat)
837 1989 888 2027 ab
916 1989 1148 2026 arbitrando
1178 1988 1348 2038 dictum,
1373 1988 1405 2027 si
1433 1988 1654 2040 Augustino
1685 1989 1914 2040 credamus7
1940 1991 2076 2039 Hypo-

128 2047 260 2091 guast.
288 2055 310 2091 3
341 2042 402 2080 vel
430 2044 488 2090 (vt
516 2041 715 2081 nonnullis
741 2040 1004 2092 grammaticis
1026 2043 1169 2091 placet)
1185 2043 1235 2080 ab
1250 2043 1416 2081 arbitro.
1443 2041 1645 2080 Vtrumuis
1659 2041 1830 2093 dicatur,
1855 2055 1917 2081 res
1934 2043 2076 2081 eodem

133 2094 252 2143 redit,
283 2096 319 2133 &
348 2101 509 2154 Vtraque
535 2095 804 2134 denominatio
833 2094 1047 2145 genuinum
1075 2094 1260 2134 vocabuli
1288 2106 1445 2134 sensum
1461 2094 1771 2133 manifestissime
1786 2095 1946 2134 indicat.
1976 2096 2076 2134 Cum

133 2147 238 2186 enim
279 2147 439 2187 Arbiter
478 2147 526 2187 sit
567 2147 682 2187 iudex
725 2148 808 2199 ille,
851 2147 918 2198 qui
959 2147 1078 2187 totius
1115 2148 1171 2187 rei
1197 2148 1297 2187 inter
1323 2148 1519 2198 litigantes
1548 2155 1826 2187 controuersae
1853 2150 2076 2187 facultatem

131 2201 251 2239 habet
290 2203 347 2250 (vt
389 2200 514 2251 inquit
555 2202 692 2240 Festus
721 2203 781 2240 li.b
818 2215 849 2240 1.
880 2203 925 2238 de
951 2202 1056 2240 verb.
1084 2215 1135 2251 διὸ
1124 2202 1237 2252 oms.)
1266 2202 1344 2240 hoc
1372 2208 1450 2253 est7
1480 2201 1548 2251 qui
1575 2214 1658 2240 non
1685 2215 1733 2240 ex
1760 2203 1867 2252 lege,
1897 2209 1966 2240 aut
1994 2202 2076 2240 iure

132 2253 289 2305 stricto,
317 2254 387 2293 sed
415 2260 533 2305 prout
560 2253 725 2306 iustum7
755 2257 790 2294 &
817 2265 989 2304 aequum
1017 2267 1101 2293 esse
1114 2230 1282 2305 ὸ(ῑιῐιιεεὲῒ,
1310 2254 1475 2293 iudicat:
1506 2254 1698 2293 Arbitrari
1725 2261 1855 2294 autem
1879 2254 1927 2293 sit
1942 2255 2076 2294 arbitri

132 2318 292 2346 munere
331 2307 462 2360 fungi,
506 2319 575 2346 seu
617 2285 727 2346 liteni
756 2321 804 2347 ex
831 2306 958 2347 libero
986 2308 1198 2347 voluntatis
1228 2307 1374 2358 placito
1403 2307 1605 2346 dirimere:
1633 2307 1726 2346 hinc
1755 2309 1902 2346 factum
1930 2315 2006 2358 est7
2037 2315 2077 2346 vt

130 2360 342 2412 sententia,
384 2372 485 2410 quae
525 2361 575 2399 ab
618 2360 765 2400 arbitro
809 2360 1006 2413 statuitur,
1048 2361 1252 2408 communi
1294 2361 1470 2400 omnium
1512 2372 1706 2400 consensu
1743 2362 1937 2412 appellata
1963 2361 2076 2400 fuerit

133 2413 367 2452 Arbitrium.

182 2479 219 2515 3.
272 2467 376 2505 Illud
419 2473 570 2509 autem.
613 2466 684 2506 etsi
725 2466 872 2506 forensi
910 2467 995 2505 vsui
1033 2470 1090 2517 (vt
1127 2466 1314 2519 diximus)
1341 2466 1471 2517 primo
1500 2467 1758 2514 destinatum,
1787 2468 1838 2506 ab
1865 2481 1913 2507 eo
1943 2474 2075 2505 tamen

128 2521 267 2568 postea
296 2519 485 2570 deriuari,
514 2521 551 2558 δι
578 2520 629 2558 ad
655 2532 715 2559 res
746 2531 1024 2571 quascunque,
1054 2531 1155 2571 quae
1182 2527 1266 2559 tum
1293 2520 1333 2558 in
1356 2520 1702 2571 deliberationem7
1730 2528 1812 2559 tum
1829 2523 1892 2559 vel
1907 2520 2075 2559 maxime

130 2573 171 2620 (f.
205 2573 334 2621 1652.)
362 2572 402 2610 in
430 2572 662 2612 electionem
689 2586 738 2612 ex
765 2573 1049 2612 deliberatione
1076 2575 1217 2613 cadere
1231 2580 1416 2623 possunt,
1437 2573 1898 2624 accommodaricoepit:
1923 2573 2075 2612 illarum

131 2631 312 2674 respectu
338 2625 390 2664 ad
416 2624 680 2678 intellectum,
709 2628 847 2665 harum
875 2629 970 2665 vero
999 2626 1338 2678 consideratione,
1366 2628 1417 2665 ad
1444 2628 1687 2666 voluntatem
1715 2627 1849 2666 referri
1876 2629 1988 2666 solet.

186 2690 223 2724 4.
278 2677 497 2717 Arbitrium
533 2679 751 2718 intellectus
780 2681 904 2730 (quod
939 2679 1102 2719 Graecis
1130 2681 1255 2731 γνώμη
1285 2657 1404 2730 vrilgo
1431 2681 1665 2731 appellatur)
1693 2687 1752 2719 est
1778 2687 1887 2719 actus
1916 2679 2076 2730 mentis7

134 2741 214 2789 quo
255 2737 391 2770 natura
430 2731 650 2782 intelligens
686 2732 784 2771 inter
821 2732 978 2772 obiecta
1019 2732 1278 2782 intelligibilia
1306 2733 1510 2785 discernit,
1547 2736 1582 2772 &
1618 2733 1901 2784 praeexistente
1931 2733 2075 2772 delibe-

134 2782 302 2835 ratione,
331 2796 431 2833 quae
459 2797 505 2824 ex
532 2785 578 2824 iis
607 2798 699 2825 vera
725 2793 793 2825 aut
822 2787 920 2825 falsa
947 2785 1024 2825 sint
1051 2784 1251 2825 diiudicat.

1770 2850 1806 2891 5.
1849 2839 2072 2879 Voluntatis
