2334 3020
767 102 981 130 THESES
1025 102 1456 134 THEOLOGICAE.
2017 113 2090 152 250

144 209 358 260 sentandis,
395 212 431 248 δε
465 207 695 259 praebendis
727 207 977 258 significatae.
1019 210 1207 259 Symbola
1236 213 1326 250 cum
1355 213 1541 264 dicimus,
1571 213 1665 252 illud
1700 214 1950 267 intelligimus
1978 220 2087 268 quod

144 265 181 302 in
221 261 479 302 Sacramentis
514 261 689 300 sensibus
724 261 955 312 percipitur,
984 275 1065 301 non
1092 265 1244 303 tantum
1272 266 1420 306 scilicet
1447 280 1635 317 corporea
1659 267 1722 307 illa
1750 269 1786 307 δε
1815 271 2088 322 elementaria,

145 327 182 355 vt
227 328 368 367 aquam
403 315 443 354 in
479 314 700 365 Baptismo,
738 316 880 353 Panem
910 316 945 353 ἃ*
972 315 1138 367 Vinum,
1167 316 1204 356 in
1233 318 1387 358 Coena:
1418 332 1553 359 verum
1582 320 1700 360 etiam
1728 323 1994 362 ceremoniam
2026 327 2089 364 vel

144 366 340 408 actionem
365 368 490 419 ipsam
519 367 717 416 ministerij
749 370 785 407 δι
812 368 986 407 fidelium
1014 369 1052 407 in
1077 370 1317 410 Sacramenti
1340 373 1907 425 participatione,institutioni
1928 377 2084 417 diuinae

144 429 436 474 congruentem.
466 422 577 470 Quae
605 420 766 469 quidem
795 420 919 472 aetio,
949 429 1139 472 quatenus
1168 431 1327 463 externa
1354 432 1432 476 est,
1461 428 1533 466 sub
1557 427 1741 466 materiae
1754 428 1945 468 rationem
1961 430 2089 481 venit,

144 476 235 526 quia
263 474 469 514 materialis
497 480 566 513 est.
594 474 771 512 Verbum
801 475 1089 515 Sacramentale
1117 484 1174 516 est
1202 477 1242 515 id
1270 478 1379 528 quod
1407 479 1602 519 Dominus
1631 480 1705 519 alia
1729 488 1846 531 atque
1869 482 1945 521 alia
1960 484 2088 523 forma

143 529 183 568 in
221 528 398 579 quolibet
431 529 683 566 Sacramento
713 527 999 577 pronunciauit.
1035 530 1156 578 Quod
1186 531 1345 581 quidem
1374 534 1538 572 verbum
1567 546 1650 572 non
1680 536 1836 573 occulta
1866 536 2089 575 admurmu-

143 581 292 620 ratione
335 584 392 630 (vt
432 579 622 629 Pontificij
665 580 704 618 in
749 581 899 630 Coena)
941 582 1011 620 sed
1052 583 1155 622 clara
1188 596 1287 623 voce
1322 587 1588 636 vsurpandum
1626 587 1813 626 dicimus:
1853 588 1911 628 sin
1939 589 2085 641 minus,

144 636 392 673 Sacramenta
421 635 525 672 recte
553 632 813 672 administrari
838 645 1039 685 negamus.

197 689 232 727 6.
286 686 452 726 Materia
492 686 659 737 interna,
702 699 769 725 seu
810 688 889 726 Res
931 687 1168 739 significata,
1205 696 1262 728 est
1294 690 1333 729 in
1367 691 1502 741 primis
1530 692 1613 743 ipse
1640 692 1838 742 Christus,
1866 707 1912 733 ac
1942 695 2087 734 deinde

144 739 276 780 omnia
305 739 423 790 ipsius
449 739 660 778 beneficia:
689 740 865 779 Christus
891 739 1068 792 quidem,
1098 754 1188 781 cum
1212 753 1292 792 quo
1321 757 1481 784 necesse
1509 752 1568 784 est
1595 751 1636 784 vt
1664 757 1784 785 vnum
1811 748 2088 799 fiamus,ante-

142 805 260 844 quarn
288 807 335 832 ex
363 792 449 843 ipso
478 792 690 843 quicquam
717 794 950 832 hauriamus.
980 796 1173 834 Beneficia
1199 796 1342 836 Christi
1367 801 1599 849 vero,quae
1613 805 1799 850 tanquam
1813 812 1939 851 aquae
1953 800 2088 841 vitales

143 860 190 886 ex
217 847 295 885 hoc
323 846 434 896 quasi
461 847 569 885 fonte
596 845 635 884 in
664 859 736 885 nos
764 847 998 886 deriuantur.

115 907 123 914 ·
198 911 233 948 7.
287 900 485 950 Negamus
513 901 607 938 vero
635 899 762 949 ipsum
791 899 944 950 signum
971 901 1117 940 habere
1145 901 1225 940 vim
1251 903 1570 944 communicandi
1597 904 1714 944 nobis
1737 918 1820 945 rem
1840 906 1943 945 hanc
1959 906 2086 958 signa-

143 960 242 1004 tam,
284 959 325 990 vt
365 954 407 991 fit
447 951 612 1003 pyxide,
651 952 879 1004 paropside,
907 955 980 993 &c.
1008 955 1148 1004 Neque
1176 954 1280 994 enim
1308 956 1464 1007 alligata
1492 964 1550 996 est
1577 958 1702 1009 gratia
1729 958 1868 1009 signis,
1896 960 2087 1009 naturali,

142 1005 362 1056 corporali,
394 1013 459 1044 aut
489 1005 605 1044 locali
633 1006 775 1057 modo,
805 1006 913 1056 quasi
941 1007 1136 1058 particeps
1163 1007 1265 1047 illius
1292 1010 1358 1048 fiat
1386 1009 1560 1060 quisquis
1589 1010 1698 1062 signa
1726 1011 1864 1062 sumit,
1888 1019 1929 1051 vt
1953 1019 1994 1052 vt
2012 1013 2088 1052 fide

142 1058 383 1098 destituatur.
426 1059 503 1098 Sed
543 1058 729 1097 vnionem
763 1058 861 1109 signi
895 1071 986 1099 cum
1021 1059 1174 1111 signato
1211 1062 1541 1102 Sacramentalem
1577 1064 1763 1115 dicimus,
1792 1077 1892 1115 quae
1920 1078 2001 1104 non
2028 1073 2086 1105 est

141 1124 353 1162 corporea,
388 1123 516 1162 neque
552 1111 646 1151 item
673 1112 849 1151 consistit
876 1112 916 1150 in
944 1113 1199 1152 coexistentia
1227 1116 1425 1166 corporali
1456 1116 1511 1155 rei
1538 1118 1574 1156 δι
1603 1117 1702 1168 signi
1730 1117 1769 1156 in
1798 1119 1942 1157 eodem
1970 1120 2061 1158 loco
2078 1149 2088 1169 ,

141 1167 264 1204 multo
292 1165 418 1204 minus
445 1164 484 1203 in
514 1165 835 1204 transmutatione
862 1168 998 1216 (quarn
1026 1167 1219 1217 Papistae)
1247 1175 1312 1207 aut
1339 1168 1378 1207 in
1407 1169 1825 1210 Consubstantiatione
1854 1173 1989 1221 (quam
2018 1172 2081 1221 alij

140 1220 292 1269 fingunt
330 1218 369 1256 in
395 1218 567 1267 Coenaz)
597 1219 667 1257 sed
695 1220 858 1267 σχετική
885 1226 965 1271 est,
993 1219 1246 1271 consistitque
1274 1221 1423 1271 potius,
1458 1236 1491 1262 1.
1521 1222 1561 1261 in
1588 1223 1778 1263 relatione
1806 1224 1939 1263 mutua
1967 1225 2086 1276 signi,

140 1273 177 1310 &
204 1271 258 1310 rei
286 1271 479 1323 signatae,
511 1285 544 1310 2.
573 1271 784 1310 coniuncta
813 1271 1054 1312 exhibitione
1082 1273 1118 1312 &
1147 1274 1399 1325 perceptione
1426 1275 1651 1328 signorum,
1680 1278 1715 1316 &
1744 1289 1872 1316 rerum
1897 1277 2086 1329 significa-

141 1333 285 1363 tarum:
315 1336 415 1375 quae
441 1338 531 1364 vera
560 1325 720 1363 demum
749 1323 877 1363 existit
905 1324 945 1363 in
972 1337 1042 1364 vsu
1069 1326 1267 1378 legitimo,
1296 1327 1334 1366 in
1365 1340 1445 1378 quo
1472 1330 1558 1368 solo
1582 1329 1722 1380 singuli
1748 1331 2087 1370 communicantes

141 1378 294 1429 signum
323 1377 579 1428 percipientes
606 1378 721 1416 simul
750 1377 867 1416 etiam
894 1391 977 1417 rem
1007 1378 1216 1431 signatam,
1245 1381 1284 1419 id
1314 1388 1390 1432 est,
1420 1382 1618 1422 Christum
1646 1394 1737 1422 cum
1760 1383 1943 1423 omnibus
1965 1384 2086 1434 ipsius

140 1430 359 1480 beneficiis,
389 1433 501 1481 vere,
528 1443 608 1469 non
636 1429 882 1481 imaginarie,
911 1432 1148 1483 percipiunt,
1178 1433 1248 1472 etsi
1276 1434 1524 1485 spiritualiter
1552 1449 1621 1486 per
1648 1437 1769 1475 fidem
1797 1449 1844 1476 ex
1872 1438 2032 1488 virtute,
2048 1439 2085 1477 &

142 1484 315 1524 efficacia
345 1483 507 1534 Spiritus
536 1485 574 1524 S.
603 1483 643 1522 in
671 1483 787 1522 nobis
814 1485 1024 1534 operantis.
1054 1487 1127 1525 Per
1153 1487 1272 1526 fidem
1300 1488 1403 1527 dico.
1432 1489 1548 1528 Fides
1576 1489 1780 1540 enim,ve1
1795 1491 1933 1530 saltem
1949 1504 2084 1530 semen

141 1538 250 1589 fidei,
278 1537 488 1588 praecedat
514 1550 673 1577 necesse
700 1539 781 1588 est,
811 1538 1135 1589 quandoquidem
1158 1540 1348 1591 quicquid
1362 1543 1514 1592 absque·
1526 1542 1604 1581 fide
1617 1543 1659 1581 fit
1679 1550 1883 1594 peccatum
1899 1552 1967 1582 est.
1999 1546 2085 1583 Imo

141 1598 221 1630 tarn
257 1590 477 1630 necessaria
512 1591 632 1641 fides,
665 1597 707 1629 vt
733 1591 1028 1631 Sacramentum
1056 1592 1139 1632 sine
1167 1593 1244 1633 fide
1271 1594 1450 1647 damnet,
1479 1595 1642 1646 perinde
1669 1595 1780 1635 sicuti
1809 1598 1976 1636 verbum
2003 1597 2085 1636 sine

140 1645 217 1683 fide
246 1643 404 1683 occidit.
433 1645 530 1683 Vtut
558 1643 663 1683 enim
691 1643 865 1682 infideles
882 1645 1135 1684 Sacramenta
1151 1646 1386 1699 percipiant,
1411 1648 1784 1689 condemnationem
1799 1649 1838 1689 in
1852 1663 1893 1689 se
1908 1651 2082 1689 trahunt:

140 1705 181 1736 vt
208 1705 248 1736 vt
277 1710 418 1747 panem
447 1698 696 1748 corporalem
723 1697 860 1743 edant,
890 1699 1130 1749 spiritualem
1157 1707 1288 1739 tamen
1317 1701 1425 1740 illum
1454 1714 1536 1741 non
1551 1702 1784 1754 percipiunt.
1812 1705 1868 1742 At
1883 1706 1978 1743 vero
1994 1704 2085 1742 fide-

138 1751 240 1790 libus
267 1751 372 1789 solus
401 1752 562 1790 effectus
591 1757 924 1790 sacramentorum
953 1752 1134 1803 proprius
1162 1755 1198 1792 &
1219 1753 1422 1804 primarius
1447 1755 1643 1807 succedit,
1661 1756 1728 1807 qui
1744 1764 1784 1795 vt
1800 1757 1935 1808 decet,
1954 1758 2088 1795 Sacra-

138 1804 277 1843 mentis
306 1804 601 1843 communicant
629 1817 677 1843 ex
704 1816 776 1844 vsu
802 1804 995 1855 legitimo,
1023 1807 1185 1856 quando
1213 1806 1362 1846 scilicet
1389 1809 1596 1848 credentes
1628 1816 1865 1849 conseruant
1894 1823 1962 1849 eos
1992 1810 2086 1849 ritus

139 1869 239 1908 quos
267 1858 375 1896 Deus
403 1857 623 1908 praecepit,
653 1870 700 1896 eo
729 1858 875 1906 modO,
902 1871 948 1896 ac
977 1858 1016 1897 in
1044 1872 1112 1898 eos
1140 1861 1236 1899 fines
1263 1867 1426 1911 propter
1453 1873 1553 1912 quos
1569 1864 1695 1902 aDeo
1711 1863 1961 1902 Sacramenta
1981 1862 2087 1902 insti-

135 1918 218 1950 tuta
244 1917 345 1950 sunt.
375 1910 514 1949 Futilia
541 1910 655 1961 igitur
677 1923 723 1949 ac
738 1910 868 1949 inania
882 1918 993 1963 sunt,
1010 1924 1268 1963 quaecunque
1284 1914 1476 1964 Pontificij
1494 1916 1543 1954 de
1560 1928 1680 1966 opere
1695 1923 1858 1967 operato
1874 1923 2081 1967 nugantur.

190 1967 227 2003 8.
281 1966 433 2002 Forma
461 1964 623 2014 duplex,
652 1965 823 2002 Externa
850 1964 885 2002 &
912 1967 1083 2006 Interna.
1112 1968 1315 2007 Eaeterna:
1358 1968 1477 2007 Actio
1506 1968 1571 2007 illa
1587 1970 1684 2019 {tota
1712 1969 1890 2009 sensibus
1919 1968 2088 2008 externis

136 2017 292 2056 obiecta
320 2017 491 2068 legitime
519 2018 740 2056 obseruata.
769 2018 957 2056 laterna.-
984 2019 1121 2058 relatio
1150 2021 1441 2060 sacramentalis
1471 2021 1650 2061 omnium
1680 2022 1995 2062 antecedentium
2017 2035 2088 2073 per

136 2069 406 2121 operationem
434 2070 598 2121 Spiritus
626 2070 778 2122 Sancti,
807 2070 1026 2110 consistens
1055 2072 1095 2111 in
1123 2073 1264 2112 arcana
1292 2074 1357 2113 illa
1385 2075 1585 2115 bonorum
1615 2075 1845 2116 coelestium
1860 2087 1951 2115 cum
1965 2075 2086 2127 signis

136 2123 403 2174 similitudine,
434 2123 683 2163 ordinatione
711 2124 747 2162 &
775 2124 1053 2174 applicatione.

189 2191 224 2228 9.
279 2177 416 2226 Neque
445 2180 538 2216 vero
567 2178 695 2216 forma
722 2176 795 2216 ista
822 2177 931 2228 signa
958 2178 1108 2218 ratione
1138 2181 1198 2218 vel
1226 2180 1465 2220 substantiae
1496 2182 1556 2220 vel
1580 2181 1776 2231 qualitatis
1791 2181 2000 2233 naturalis,
2026 2183 2088 2220 vel

137 2229 360 2281 quantitatis
397 2237 538 2269 mutat:
576 2230 645 2269 sed
673 2231 801 2269 solum
830 2231 980 2271 ratione
1009 2243 1100 2272 vsus
1129 2235 1164 2272 δι
1192 2233 1298 2281 finis,
1329 2233 1437 2274 cuius
1465 2234 1589 2285 gratia
1616 2235 1656 2273 in
1685 2235 1864 2274 Ecclesia
1892 2234 1968 2274 Dei
1998 2248 2088 2286 pro-

135 2290 346 2334 ponuntur.
389 2284 510 2332 Quod
553 2283 657 2322 enim
698 2283 808 2334 signa
849 2291 939 2323 sunt
966 2298 1096 2324 rerum
1125 2287 1354 2326 coelestium
1381 2289 1418 2326 &
1446 2287 1686 2339 diuinarum,
1715 2288 1810 2328 illud
1840 2301 1923 2328 non
1952 2301 1999 2327 ex
2029 2288 2087 2328 sui

135 2336 293 2387 natura,
323 2336 393 2375 sed
422 2350 469 2375 ex
498 2336 747 2376 ordinatione
775 2336 850 2376 Dei
879 2338 1040 2378 habent.

192 2403 251 2429 10.
306 2391 417 2427 Finis
459 2397 518 2429 est
553 2397 619 2429 aut
648 2390 874 2441 primarius,
902 2398 968 2430 aut
996 2392 1259 2431 secundarius.
1289 2395 1518 2432 primarius
1547 2400 1623 2433 est:
1652 2407 1734 2433 non
1762 2396 1913 2433 tantum
1943 2401 1984 2432 vt
2014 2393 2091 2433 sint

136 2443 266 2493 signa,
296 2444 430 2481 verum
458 2443 575 2482 etiam
602 2443 726 2494 sigilla
752 2443 898 2494 gratiae
926 2447 962 2483 δι
989 2445 1294 2495 promissionum
1322 2446 1543 2486 diuinarum
1557 2459 1658 2497 quae
1674 2455 1924 2499 exponuntur
1939 2448 2088 2497 verbo,

132 2495 295 2546 perinde
323 2504 363 2534 vt
390 2495 558 2546 sigillum
581 2497 793 2547 obsignans
818 2497 1099 2547 promissiones
1120 2499 1160 2537 in
1182 2499 1395 2549 diplomate
1411 2507 1629 2540 contentas.
1658 2502 1947 2540 Secundarius:
1977 2499 2088 2550 isque

133 2548 379 2599 potissimum
407 2549 558 2598 triplex.
592 2563 622 2588 1.
654 2557 694 2588 vt
721 2550 797 2588 sint
823 2551 1047 2590 testimonia
1072 2559 1230 2591 nostrae
1258 2553 1431 2602 pietatis,
1453 2553 1722 2604 gratitudinis,
1746 2553 1947 2604 debitique
1964 2553 2090 2592 nostri

133 2615 225 2652 erga
252 2603 379 2640 Deum
409 2602 541 2652 officij.
570 2617 604 2641 2.
635 2610 674 2642 vt
702 2603 778 2641 sint
805 2602 916 2654 signa
947 2611 1104 2644 mutuae
1132 2605 1172 2643 in
1201 2606 1378 2645 Ecclesia
1406 2607 1618 2646 charitatis.
1648 2620 1682 2657 3.
1709 2614 1752 2646 vt
1773 2607 1850 2646 sint
1867 2607 1979 2658 quasi
1996 2613 2093 2646 nota

134 2662 382 2705 segregantes
409 2668 543 2694 veram
571 2656 792 2695 Ecclesiam
821 2659 844 2695 a
872 2658 990 2709 falsa,
1019 2658 1283 2697 Christianam
1312 2661 1336 2698 a
1362 2672 1443 2699 non
1477 2660 1710 2700 Christiana.

192 2721 251 2746 11.
306 2709 644 2748 Sacramentorem
680 2710 755 2748 alia
791 2716 880 2749 sunt
916 2712 966 2750 V.
993 2711 1068 2750 alia
1097 2713 1146 2750 N.
1176 2713 1224 2751 T.
1269 2713 1450 2762 Quorum
1479 2714 1520 2763 (f.
1556 2716 1671 2764 1726)
1701 2714 1875 2753 notanda
1903 2723 2005 2763 quae
2035 2713 2083 2751 sit

134 2760 428 2813 conuenientia,
469 2774 568 2813 quae
604 2762 698 2802 item
726 2762 954 2804 differentia.
984 2764 1238 2804 Conueniunt
1267 2766 1427 2816 quidem
1461 2780 1493 2807 1.
1521 2767 1561 2806 in
1589 2779 1707 2806 causa
1733 2766 1955 2818 efficiente,
1983 2776 2085 2858 qtgae

1924 2826 2011 2859 vtro
2041 2833 2095 2870 lq.
