2334 3020
230 105 305 152 326
861 110 1074 138 THESES
1116 109 1550 139 THnoLooicAE.

284 234 343 259 22.
396 220 440 256 In
480 218 703 257 hominibus
742 232 817 257 non
862 219 1100 266 regeneratis
1138 218 1304 256 liberum
1348 217 1560 257 Arbitrium
1596 218 1641 268 (si
1669 218 1721 257 ita
1747 219 1967 259 dicendum
1997 224 2068 271 est)
2104 223 2155 261 ad

230 275 374 312 malum
415 279 471 310 est
511 279 677 322 tantum,
715 273 793 310 hoc
835 278 891 309 est
929 283 974 307 ea
1002 270 1159 309 libertas
1187 270 1225 308 in
1254 271 1413 309 homine
1441 271 1600 310 demum
1629 271 1761 311 relicta
1789 280 1847 311 est
1875 284 1974 323 quae
2003 274 2058 312 nil
2087 275 2160 314 nisi

230 327 374 364 malum
401 325 520 374 idque
547 325 647 363 male
674 331 741 363 aut
767 324 859 362 velit
885 329 951 361 aut
978 325 1078 362 velle
1107 323 1242 373 possit.

284 391 344 427 23.
399 379 471 415 Per
516 379 666 427 lapsum
707 378 811 416 enim
857 376 1073 426 primorum
1115 384 1320 426 parentum
1360 376 1499 415 amissa
1529 385 1586 416 est
1613 378 1678 416 illa
1706 378 1855 429 integra
1883 380 1957 417 Dei
1985 380 2160 430 cognitio

231 444 330 481 quae
357 436 439 468 erat
466 429 504 468 in
534 437 683 481 mente,
711 437 827 480 atque
855 430 895 468 in
923 430 1002 469 eius
1028 430 1160 467 locum
1176 429 1865 479 successitignorantia&dubitatim
1894 432 1934 471 in
1948 435 2161 472 Voluntate

229 487 322 522 vero
351 485 387 522 &
415 484 534 521 corde
562 483 718 522 dilectio
746 485 782 522 δε
810 483 926 521 timor
954 482 1114 521 Domini
1143 482 1383 532 desiuerunt,
1412 488 1673 533 successitque
1701 485 1889 523 inlocum
1905 485 1985 524 eius
2000 485 2159 525 odiosus

230 542 448 575 contemtus
490 538 525 574 &
565 537 813 575 contumacia
849 537 1032 575 aduersus
1070 537 1199 574 Deum
1215 565 1224 582 ‚
1267 538 1303 575 Sc
1342 547 1462 585 praua
1503 535 1699 575 inclinatio
1731 538 1782 576 ad
1811 539 1954 576 malum
1977 545 2159 589 meraque

230 588 460 639 impotentia
495 589 546 627 ad
573 591 737 629 bonum.

285 656 346 690 24.
399 643 680 681 Verumtamen
717 643 749 682 si
775 642 897 692 magis
924 641 1081 692 proprie
1108 642 1159 680 de
1188 641 1261 680 isto
1289 641 1493 680 hominum
1521 655 1662 692 genere
1688 644 1932 693 loquendum
1961 651 2043 695 est,
2078 658 2159 683 non

231 703 288 734 est
326 695 476 733 homini
516 696 669 746 ψυχικῷ
711 709 758 734 ac
789 708 871 734 non
899 702 1127 746 regenerato
1155 694 1322 733 liberum
1349 694 1572 746 arbitrium,
1601 696 1690 745 quia
1716 709 1790 735 nec
1819 697 2019 735 arbitrium
2042 699 2159 737 habet

229 762 302 788 nec
331 748 430 787 liber
457 756 514 787 est
541 751 591 786 ad
618 748 818 787 obiectum
845 748 964 798 illius,
994 747 1104 786 cuius
1133 755 1312 798 respectu
1340 747 1542 786 arbitrium
1569 748 1734 787 liberum
1763 751 1988 800 appellatur,

286 813 346 849 25.
401 803 492 840 Non
525 802 645 840 habet
685 802 907 851 arbitrium,
950 815 1041 839 nam
1071 801 1161 839 cum
1189 800 1387 839 obiectum
1414 801 1462 839 sit
1489 801 1635 851 duplex
1662 814 1730 851 per
1758 802 2061 842 disiunctionem
2091 817 2157 852 op-

229 855 421 906 positum,
448 861 514 893 aut
544 856 694 893 bonum
723 862 816 905 puta
842 862 908 893 aut
936 855 1104 899 malum,
1132 855 1295 893 omnino
1322 853 1523 892 arbitrium
1553 855 1592 892 in
1608 856 1807 894 voluntate
1822 857 1988 906 spectari
2004 870 2161 896 necesse

229 915 306 960 est,
347 921 428 946 non
468 910 545 958 qua
586 909 766 947 voluntas
807 907 1014 958 naturalis,
1057 907 1126 946 sed
1160 909 1237 956 qua
1265 907 1427 945 electiua
1454 913 1529 958 est,
1573 908 1760 946 vtrumuis
1789 909 1987 947 obiectum
2016 909 2158 960 eligere

230 969 385 1012 potens.

285 1016 345 1054 26.
399 1016 535 1053 Homo
563 1020 693 1052 autem
722 1014 889 1063 ψυχικὸς
916 1027 997 1052 non
1026 1012 1129 1063 capit
1157 1024 1258 1063 quae
1286 1019 1374 1052 sunt
1402 1013 1499 1064 Dei,
1528 1015 1564 1052 ἅτ
1593 1013 1631 1051 in
1662 1013 1761 1064 ipso.
1791 1013 1817 1053 i.
1845 1014 1884 1052 in
1912 1028 2029 1054 carne
2057 1015 2156 1062 eius,

230 1081 308 1106 non
352 1067 499 1106 habitat
540 1067 750 1118 quicquam
792 1067 911 1115 boni,
951 1080 998 1105 ac
1038 1066 1204 1116 proinde
1244 1079 1318 1104 nec
1359 1066 1611 1117 intelligentia
1644 1067 1762 1117 boni,
1802 1081 1875 1106 nec
1904 1070 2081 1107 voluntas
2109 1070 2160 1107 ad

228 1123 398 1170 bonum,
427 1133 500 1159 nec
528 1120 667 1159 electio
696 1120 791 1159 boni
818 1119 1071 1158 arbitriumue
1099 1121 1149 1157 ad
1181 1119 1308 1169 ipsum
1338 1119 1567 1169 pertinet.(f.
1588 1123 1717 1169 1784.)

286 1185 346 1223 27.
400 1175 497 1211 Non
540 1180 596 1212 est
628 1175 725 1211 liber
752 1173 802 1211 ad
831 1172 996 1222 duplicis
1025 1172 1168 1211 obiecti
1195 1174 1314 1211 velle:
1352 1186 1444 1211 nam
1470 1173 1540 1211 etsi
1562 1175 1761 1212 voluntate
1787 1175 1951 1212 naturali
1978 1174 2076 1213 liber
2103 1182 2160 1213 est

232 1227 271 1265 in
313 1240 396 1266 sese
437 1227 577 1270 (malus
612 1233 742 1265 autem
775 1233 832 1264 est
865 1226 905 1264 in
940 1227 1043 1264 malo
1073 1225 1238 1276 positus)
1268 1226 1443 1264 Electiua
1470 1232 1601 1264 tamen
1628 1227 1827 1264 voluntate
1855 1239 1933 1265 non
1959 1235 2014 1266 est
2042 1227 2160 1277 liber,

232 1281 320 1318 oiim
349 1280 581 1318 electionem
609 1292 689 1318 non
709 1280 853 1318 habeat
878 1279 996 1328 boni,
1023 1281 1130 1318 velut
1156 1279 1326 1318 absentis
1353 1279 1403 1317 ab
1431 1291 1480 1317 eo
1509 1281 1545 1318 &
1571 1280 1695 1330 ignoti
1723 1282 1759 1318 &
1788 1280 1895 1318 exosi
1922 1281 1957 1318 &
1984 1280 2161 1331 impossi-

230 1333 338 1382 bilis,
368 1334 437 1371 sed
463 1339 553 1370 actu
580 1332 665 1383 ipso
695 1339 769 1383 est,
799 1346 845 1371 ac
872 1345 952 1370 non
980 1331 1155 1381 potentia
1178 1338 1243 1370 aut
1271 1331 1484 1383 electione,
1513 1334 1649 1371 malus.

287 1389 346 1424 28.
404 1386 594 1435 Quamuis
620 1385 735 1436 igitur
761 1397 886 1435 neque
914 1386 1111 1423 intellectu
1137 1387 1252 1436 plane
1280 1384 1508 1424 destituatur
1535 1386 1656 1424 homo
1673 1416 1683 1435 ,
1711 1399 1784 1424 nec
1812 1387 2032 1437 voluntate,
2072 1387 2162 1436 quia

231 1448 361 1478 tamen
402 1440 613 1488 deprauata
653 1445 783 1477 mente
822 1438 1046 1487 iudicioque
1088 1441 1268 1477 voluntas
1308 1438 1381 1477 nisi
1421 1438 1518 1476 boni
1553 1440 1694 1490 eligere
1732 1440 1768 1476 δε
1804 1439 1988 1488 amplecti
2014 1446 2161 1489 potest,

232 1492 403 1541 sequitur
442 1491 481 1530 in
522 1492 681 1530 homine
709 1504 789 1529 non
816 1498 1043 1542 regenerato
1072 1492 1228 1542 proprie
1256 1504 1336 1529 non
1365 1503 1447 1530 esse
1475 1491 1641 1530 liberum
1656 1491 1878 1538 arbitrium,
1908 1493 1976 1530 sed
2006 1505 2162 1531 seruum

231 1558 316 1584 esse
344 1544 512 1595 peccati:
546 1551 611 1583 aut
639 1545 670 1583 si
697 1545 809 1583 datur
836 1545 1002 1583 liberum
1029 1545 1230 1583 arbitrium
1259 1545 1298 1582 in
1327 1558 1374 1583 eo
1403 1557 1485 1583 esse
1514 1546 1824 1596 καταχρηςικῶς,
1866 1544 2032 1584 liberum
2060 1545 2159 1583 arbi-

231 1598 345 1636 trium
389 1611 472 1636 esse
511 1599 562 1636 ad
603 1599 748 1636 malum
779 1599 928 1636 tantum
970 1598 1007 1636 in
1046 1599 1162 1637 rebus
1190 1598 1453 1648 spiritualibus
1481 1610 1547 1636 seu
1576 1598 1716 1636 diuinis
1745 1598 1901 1647 etiamq.
1928 1599 1968 1636 in
1996 1599 2161 1637 externis

232 1659 310 1701 atq.
340 1651 530 1689 ciuilibus.

288 1718 347 1754 29,
403 1706 448 1742 In
480 1703 741 1754 spiritualibus
771 1703 929 1753 quidem
958 1707 993 1743 δε
1020 1703 1180 1753 diuinis,
1209 1703 1299 1752 quia
1326 1715 1446 1753 purus
1473 1710 1587 1754 putus
1614 1704 1736 1741 homo
1759 1715 1839 1741 non
1855 1705 2006 1742 tantum
2028 1706 2158 1743 Deum

230 1771 303 1796 nec
343 1758 519 1807 agnoscit
553 1759 664 1807 vere,
703 1769 776 1795 nec
805 1765 931 1807 amat,
966 1770 1039 1796 nec
1067 1756 1258 1795 voluntati
1285 1756 1366 1795 eius
1394 1756 1471 1806 qua
1500 1757 1617 1795 debet
1647 1756 1870 1795 obedientia
1894 1758 2161 1807 obtemperat,

231 1811 299 1849 sed
339 1823 389 1849 ne
426 1817 554 1848 motus
595 1810 753 1859 quidem
788 1811 915 1848 bonos
957 1811 1007 1849 ad
1048 1811 1125 1848 hoc
1151 1809 1295 1848 iudicio
1324 1809 1463 1848 mentis
1492 1821 1605 1859 suae,
1647 1810 1683 1847 &
1711 1810 1918 1848 voluntatis
1946 1809 2160 1861 electione,

230 1870 357 1914 potest
384 1863 582 1902 inchoare.

283 1930 345 1965 30.
400 1918 445 1954 In
473 1915 651 1954 ciuilibus
679 1923 808 1953 autem
837 1916 873 1953 &
901 1915 1067 1954 externis
1095 1915 1146 1953 ad
1173 1917 1318 1954 malum
1347 1922 1496 1954 tantum
1524 1915 1623 1954 liber
1652 1922 1724 1953 est:
1763 1915 1853 1965 quia
1881 1922 1922 1953 vt
1951 1915 2017 1953 hic
2045 1917 2160 1966 paulo

231 1971 316 2020 plus
343 1975 477 2007 cernat
505 1969 719 2007 secundum
747 1980 976 2006 communes
1004 1968 1186 2007 notiones
1213 1969 1344 2007 insitas
1372 1968 1411 2006 in
1439 1968 1596 2017 natura,
1625 1976 1755 2006 tamen
1783 1982 1856 2007 nec
1884 1980 1936 2006 ex
1963 1969 2040 2006 fide
2056 1969 2160 2017 facit,

227 2036 300 2060 nec
327 2022 377 2060 ad
406 2035 539 2060 verum
566 2023 684 2060 finem
712 2021 914 2059 contendit
940 2022 1055 2060 boni:
1084 2021 1270 2072 quicquid
1298 2029 1429 2060 autem
1457 2023 1499 2060 fit
1526 2022 1608 2060 sine
1636 2022 1714 2059 fide
1742 2028 1948 2071 peccatum
1977 2029 2048 2061 est.

283 2089 346 2124 31.
400 2077 502 2113 Nam
542 2074 583 2113 id
623 2075 781 2113 demum
817 2077 909 2112 vere
949 2076 1099 2113 bonum
1140 2082 1219 2125 est,
1260 2075 1368 2113 cuius
1396 2076 1477 2112 laus
1505 2081 1562 2112 est
1591 2087 1637 2113 ex
1663 2075 1774 2123 Deo,
1812 2088 1954 2124 nempe
1981 2074 2005 2112 a
2031 2074 2161 2114 radice

229 2128 355 2179 bona,
383 2128 497 2167 bonis
525 2128 660 2166 mediis
688 2128 737 2165 ad
765 2128 914 2165 bonum
943 2129 1060 2165 finem
1089 2139 1308 2177 assurgens:
1337 2128 1368 2166 si
1395 2127 1504 2166 cuius
1531 2134 1659 2165 autem
1687 2127 1782 2166 boni
1795 2128 1877 2166 laus
1900 2135 1957 2166 est
1969 2141 2015 2166 ex
2040 2128 2161 2166 homi-

231 2181 344 2220 nibus
381 2182 528 2231 solum,
569 2181 610 2219 id
651 2181 690 2218 in
732 2181 847 2218 rebus
888 2181 1066 2218 humanis
1106 2182 1255 2219 bonum
1293 2180 1432 2219 dicitur
1460 2180 1696 2230 aequiuoee„v
1739 2187 1900 2231 propter
1926 2180 2097 2231 speciem
2126 2183 2160 2219 &

230 2234 457 2284 opinionem
486 2233 606 2284 boni,
636 2233 813 2283 quamuis
840 2246 920 2271 non
951 2233 998 2272 sit
1025 2246 1065 2271 re
1093 2234 1128 2271 ἃ
1156 2233 1314 2272 veritate
1346 2236 1504 2272 bonum.

283 2300 345 2336 32.
399 2289 584 2325 [seminis
614 2288 835 2336 regenerati
859 2286 1024 2324 liberum
1053 2286 1254 2324 arbitrium
1283 2294 1339 2325 est
1368 2287 1506 2336 partim
1524 2287 1574 2324 ad
1588 2288 1760 2333 bonum,
1784 2286 1921 2336 partim
1938 2287 1988 2325 ad
2003 2287 2160 2324 malum.

283 2353 345 2389 33.
401 2341 465 2377 Ad
507 2341 675 2389 bonum,
718 2338 794 2389 qua
834 2347 1080 2388 regeneratus
1109 2340 1144 2376 δε
1172 2339 1356 2378 liberatus
1384 2343 1407 2377 a
1436 2340 1613 2378 dominio
1642 2340 1812 2389 peccati,
1855 2339 1944 2389 quia
1973 2340 2062 2377 cum
2090 2351 2163 2377 nos

231 2394 392 2442 Spiritus
430 2394 466 2430 S.
495 2400 715 2442 regenerat,
759 2391 938 2430 accendit
976 2392 1090 2430 simul
1119 2393 1156 2430 in
1186 2399 1314 2431 mente
1341 2399 1472 2431 nostra
1500 2405 1643 2431 nouam
1671 2394 1799 2430 lucem
1827 2392 2099 2442 intelligentiae
2128 2393 2163 2429 &

231 2445 485 2496 cognitionis,
522 2445 560 2483 in
599 2447 799 2484 voluntate
835 2447 928 2483 vero
966 2445 1107 2483 excitat
1134 2457 1260 2483 nouos
1289 2452 1417 2484 motus
1445 2447 1480 2484 &
1508 2445 1777 2484 inclinationes
1805 2457 1894 2483 curn
1922 2446 2007 2495 lege
2034 2443 2165 2482 diuina

235 2505 510 2548 congruentes,
541 2498 681 2548 quibus
711 2498 787 2536 iam
815 2498 1021 2548 cooperari
1048 2500 1135 2536 Deo
1165 2498 1385 2548 incipimus.

284 2565 346 2600 34.
402 2551 465 2588 Ad
493 2553 635 2589 malum
665 2558 816 2600 autem,
845 2550 918 2599 qufi
947 2552 1076 2589 adhuc
1105 2551 1230 2601 agitur
1257 2559 1422 2601 peccato
1451 2551 1488 2589 in
1511 2553 1552 2600 (f.
1575 2553 1688 2601 1785)
1714 2551 1798 2600 ipso
1828 2550 2048 2600 habitante,
2075 2549 2165 2599 quia

232 2604 474 2654 regeneratio
515 2611 646 2642 nostra
687 2604 725 2641 in
767 2605 841 2642 hac
882 2604 959 2642 vita
995 2603 1202 2642 inchoatur
1228 2606 1376 2652 solum,
1419 2607 1454 2643 δι
1482 2605 1519 2642 in
1551 2604 1665 2642 nobis
1693 2604 1878 2653 reliquiae
1907 2602 2165 2653 corruptionis

232 2656 450 2694 habitantes
478 2664 698 2706 remanent,
727 2656 959 2705 quibuscum
988 2670 1058 2706 per
1080 2670 1237 2695 omnem
1265 2658 1368 2695 hanc
1391 2657 1509 2695 vitam
1537 2657 1791 2707 pugnandum
1821 2657 1936 2694 nobis
1964 2662 2031 2694 est.

286 2720 348 2759 35.
404 2712 462 2746 Ex
485 2722 563 2759 quo
590 2710 685 2747 illud
707 2708 976 2760 consequitur,
1005 2710 1199 2747 neminem
1229 2710 1390 2749 omnino
1419 2710 1618 2748 hominem
1645 2711 1772 2759 legem
1786 2709 1860 2747 Dei
1880 2709 1919 2746 in
1939 2709 2017 2746 hoc
2032 2709 2163 2746 seculo

234 2762 396 2812 implere
424 2775 563 2813 posse,
592 2762 659 2800 vbi
690 2775 781 2800 caro
809 2764 995 2801 aduersus
1024 2763 1200 2813 spiritum
1230 2770 1399 2815 pugnat,
1427 2764 1463 2802 δι
1492 2762 1645 2813 spiritus
1674 2763 1860 2801 aduersus
1889 2774 2059 2800 carnem.

1862 2816 1925 2864 36.
1985 2815 2163 2854 Liberum
