2334 3020
769 91 835 118 DE
879 91 1021 118 VERA
1062 91 1415 120 THEOLOGIA.
2021 82 2106 119 81¹

127 200 268 238 adferri
308 199 447 248 possit7
492 199 603 247 quod
648 210 726 235 non
771 204 932 246 Vtraque
970 198 1043 235 hac
1072 199 1156 248 lege
1184 199 1385 236 communi
1412 205 1601 237 teneatur.
1631 197 1707 236 Sed
1736 204 1866 236 tamen
1897 198 1968 236 etsi
1996 199 2069 237 hae

129 254 228 291 duae
269 253 374 302 leges
414 252 453 289 in
494 251 678 289 omnibus
716 257 805 288 sunt
842 258 1073 300 perpetuae7
1115 253 1150 289 ἃς
1179 252 1229 289 ad
1258 252 1389 289 omnia
1417 258 1607 301 perpetuo
1636 251 1906 290 adhibendae:
1941 258 2072 290 tamen

130 306 283 344 diuersa
310 305 460 343 ratione
487 310 693 353 Vtrumque
722 303 872 342 dicitur.
900 316 990 341 nam
1019 303 1048 341 si
1076 304 1170 353 quid
1189 316 1274 342 esse
1302 305 1541 350 dicimus,id
1556 305 1593 341 in
1610 317 1651 342 re
1666 304 2072 354 contemplamur7sin

130 366 262 398 autem
291 370 426 396 verum
455 369 538 395 esse
566 356 858 406 praedicamus,
889 358 1202 406 contemplamur
1228 358 1268 396 id
1296 358 1404 407 quod
1433 364 1490 396 est
1516 357 1555 395 in
1582 357 1780 395 intellectu
1807 364 1957 396 nostro.
2006 359 2076 395 Est

130 412 245 461 igitur
273 411 413 449 veritas
440 416 524 447 tum
553 421 688 447 eorum
719 421 819 458 quae
847 416 958 459 sunt,
987 416 1070 447 tum
1100 411 1214 448 etiam
1242 410 1442 460 signorum
1471 410 1612 459 quibus
1640 422 1687 448 ea
1715 422 1815 459 quae
1838 418 1926 448 sunt
1941 410 2075 449 dicun-

129 472 191 502 tur
219 477 325 503 esse:
355 463 436 501 siue
465 465 522 511 (vt
549 463 704 501 breuius
732 463 930 513 (1166111115,
959 476 1005 500 ac
1033 464 1132 501 forte
1160 464 1412 513 euidentius7)
1440 463 1580 501 veritas
1609 470 1665 501 est
1692 475 1844 514 rerum,
1872 470 1937 502 aut
1960 464 2074 502 orati-

130 517 215 555 onis
243 518 292 555 de
319 517 435 554 rebus
463 516 703 554 enunciatae.
733 516 878 553 Earum
907 519 999 554 vero
1029 528 1157 554 rerum
1186 529 1286 567 quae
1314 524 1421 565 sunt7
1450 517 1595 566 duplex
1624 522 1681 554 est
1707 516 1830 554 ratio:
1861 529 1951 554 nam
1975 517 2072 555 aliae

130 571 169 608 in
199 582 238 608 re
267 576 376 619 sunt,
405 569 503 606 aliae
531 568 570 606 in
597 568 809 607 intellectu.
836 571 880 606 In
909 581 950 607 re
979 577 1069 608 sunt
1097 571 1142 607 τά
1174 572 1256 609 καθ’
1280 570 1419 619 ἕκαςα,
1449 569 1490 608 id
1505 569 2074 619 est„singularia&indiuidua‚

130 635 203 673 pro
229 629 270 660 vt
298 635 343 660 ea
371 628 459 659 sunt
487 633 587 670 quae
615 622 878 671 percipiuntur
906 634 1044 660 sensu:
1073 622 1113 659 in
1140 623 1340 660 intellectu
1368 626 1485 670 vero„
1515 629 1604 660 sunt
1631 623 1798 670 formae,
1829 624 1919 660 cum
1941 634 2073 661 earum

130 688 259 714 rerum
287 686 384 724 quas
413 675 607 725 sigillatim
637 687 751 713 sensu
780 675 1048 725 percepimus,
1078 681 1161 712 tum
1189 675 1351 713 aliarum
1380 676 1577 721 omnium„
1608 687 1704 724 quas
1733 675 1809 714 alio
1837 687 2076 725 quocunque

130 729 264 767 modo.
294 730 354 766 Ac
383 728 550 777 proinde
577 728 718 766 veritas
746 739 875 765 rerum
904 731 961 777 (vt
988 735 1180 766 vocantur
1208 730 1343 778 vulgo)
1371 728 1690 779 intelligibilium
1720 728 1801 766 siue
1817 741 1916 778 quae
1931 729 2077 766 cadunt

129 782 169 819 in
210 782 451 819 intellectum
493 788 693 830 nostrum5
733 782 851 831 longe
893 781 1047 831 dignior
1089 788 1207 830 atque
1249 781 1415 830 amplior
1442 789 1519 831 est,
1563 793 1679 831 quam
1709 793 1840 819 earum
1870 794 1999 820 rerum
2028 781 2076 819 sit

130 835 291 885 veritas,
321 846 421 893 quae
449 834 486 871 in
516 847 556 872 re
584 834 849 884 percipiuntur
876 835 981 872 foris.
1010 835 1111 872 Nam
1142 836 1177 872 δε
1204 837 1251 872 eo
1279 835 1446 883 amplior
1473 841 1551 884 est⁷
1580 835 1689 883 quod
1719 834 1926 884 singularia
1953 837 2076 884 aeque

113 901 179 942 ,ac
221 887 445 926 communia
486 887 524 924 in
566 900 607 926 se
648 887 942 951 complectitur:
986 890 1021 925 ἃ
1061 889 1109 925 6ὸ
1138 887 1292 937 dignior
1321 893 1397 937 est,
1427 899 1506 936 quo
1536 900 1596 925 res
1625 899 1854 927 communes
1879 887 2077 947 digniores

124 932 412 991 singularibuS‚
442 942 476 978 ἅν
505 941 656 978 formae
681 942 704 977 a
731 940 890 978 materia
917 941 1135 978 abstractae
1163 947 1279 989 atque
1294 917 1505 999 deptiratae
1519 939 1716 990 digniores
1731 941 1938 979 materiatis
1952 943 2080 991 rebus,

132 1006 298 1044 quarum
335 993 535 1043 generatio
577 995 613 1031 &
647 993 871 1031 constitutio
899 1006 947 1031 ex
975 993 1241 1031 differentibus
1268 991 1466 1042 principiis
1492 993 1592 1030 inter
1618 1006 1659 1031 se
1688 994 1930 1045 composita,
1960 994 2078 1032 mani-

133 1049 232 1085 festo
262 1048 425 1097 clamat,
453 1059 533 1084 non
563 1058 645 1084 esse
674 1059 792 1096 penes
822 1059 885 1084 eas
913 1059 974 1084 res
1002 1045 1158 1095 proprie
1187 1048 1222 1083 &
1250 1058 1320 1094 per
1348 1058 1388 1083 se
1417 1046 1632 1083 veritatem.

185 1100 268 1138 Etsi
309 1106 438 1138 autem
481 1099 534 1137 ita
574 1112 615 1137 se
646 1100 764 1137 habet
790 1099 950 1149 veritas,
985 1110 1086 1148 quae
1113 1099 1287 1136 humano
1315 1098 1515 1136 intellectu
1543 1099 1734 1147 prehendi
1761 1106 1912 1150 potest,
1947 1106 2076 1139 tamen

133 1153 356 1203 longissime
381 1164 497 1202 supra
525 1151 728 1190 veritatem
755 1153 878 1198 hanc,
908 1164 1026 1201 quam
1045 1151 1205 1189 ⁴omneis
1233 1158 1370 1189 natura
1398 1151 1535 1193 docet„
1564 1151 1714 1189 extollit
1742 1165 1825 1190 sese
1846 1154 1985 1191 veritas
2000 1153 2076 1203 illa,

133 1218 250 1255 quam
278 1207 450 1243 dim'mzm
478 1206 733 1255 appellamus.
760 1206 862 1242 Nam
891 1204 1072 1254 singulari
1098 1205 1172 1241 hac
1199 1204 1461 1253 appellatione
1484 1204 1686 1243 veritatem
1715 1206 1920 1244 formalem
1948 1207 2078 1244 Theo-

133 1259 260 1309 logiae
301 1259 542 1297 vindicamus
584 1258 635 1295 ab
677 1257 786 1295 omni
826 1258 1042 1295 mutatione
1083 1258 1119 1295 δι
1160 1257 1416 1295 mutabilitate
1457 1264 1640 1308 naturae,
1684 1260 1719 1296 δι
1755 1269 1873 1308 supra
1900 1265 2077 1296 naturam

132 1313 245 1349 huius
286 1312 544 1350 vniuersitatis
571 1313 778 1359 rerumque
806 1310 1006 1360 omnium,
1033 1322 1133 1359 quae
1160 1311 1200 1347 in
1229 1309 1476 1348 vniuersitate
1504 1317 1615 1361 sunt,
1644 1323 1730 1349 eam
1760 1311 1966 1350 efferimus.
2009 1313 2079 1349 Est

133 1365 235 1403 enim
277 1367 411 1402 diuina
451 1366 616 1413 veritas,
658 1375 739 1401 non
781 1375 827 1400 ea
867 1364 994 1401 solum
1024 1375 1124 1412 quae
1153 1370 1283 1401 ortum
1311 1365 1334 1400 a
1363 1365 1451 1402 Deo
1480 1364 1649 1402 veritatis
1677 1365 1797 1403 habet
1825 1367 1932 1413 (nam
1961 1365 2077 1403 etiam

132 1419 271 1456 veritas
307 1424 467 1455 naturae
503 1417 798 1465 intellectusque
826 1416 1008 1454 naturalis
1036 1419 1060 1454 a
1087 1417 1175 1454 Deo
1204 1423 1289 1455 orta
1317 1419 1389 1466 est)
1415 1417 1483 1455 sed
1511 1430 1557 1455 ea
1587 1418 1747 1455 demum
1775 1418 1917 1456 veritas
1946 1418 2079 1456 diuina

133 1483 204 1509 suo
233 1471 429 1521 quodam,
456 1469 616 1519 proprio
645 1483 692 1507 ac
719 1469 904 1519 singulari
930 1470 1012 1508 iure
1039 1472 1063 1507 a
1091 1470 1207 1508 nobis
1234 1471 1472 1520 appellatur,
1501 1482 1601 1520 quae
1630 1471 1776 1521 reipsa,
1792 1472 1992 1510 &ratione
2007 1471 2079 1519 5111,

135 1526 169 1562 δι
199 1523 326 1562 modis
355 1523 556 1573 omnibus,
584 1523 623 1560 in
651 1535 692 1560 se
720 1523 755 1559 δε
782 1523 821 1560 in
851 1523 1025 1572 partibus
1054 1523 1130 1561 suis
1159 1523 1354 1574 omnibus⁷
1385 1524 1420 1561 δι
1439 1524 1478 1561 111
1495 1523 1668 1572 qualibet
1683 1524 1933 1563 ordinatione
1947 1524 2078 1574 ipsius,

131 1577 262 1614 diuina
290 1583 359 1615 est.
402 1576 504 1614 Cum
531 1582 664 1614 autem
693 1575 826 1614 diuina
850 1576 990 1614 veritas
1020 1576 1176 1615 duobus
1204 1576 1332 1615 modis
1360 1590 1401 1615 se
1429 1578 1596 1615 habeat:
1626 1577 1794 1625 infinite,
1824 1580 1902 1627 qua
1928 1578 1967 1615 in
1991 1579 2078 1616 Deo

133 1629 343 1667 essentialis
373 1637 451 1679 est,
481 1632 516 1668 δε
542 1630 671 1680 finite,
700 1631 778 1678 qua
807 1640 897 1667 cum
926 1630 1042 1667 rebus
1070 1628 1208 1667 creatis
1235 1632 1258 1667 a
1286 1631 1374 1668 Deo
1397 1630 1688 1668 communicata
1716 1638 1794 1682 est,
1822 1638 2030 1680 Vtrumque
2057 1633 2081 1668 a

132 1683 247 1721 nobis
283 1682 575 1733 diligentissime
617 1682 656 1720 in
696 1682 917 1732 Theologia
944 1689 1080 1721 nostra
1108 1683 1285 1721 absolute
1313 1683 1417 1721 dicta
1444 1695 1545 1733 opus
1572 1690 1629 1722 est
1656 1684 1870 1722 obseruari.
1915 1686 2017 1722 Nam
2045 1686 2081 1722 &

133 1736 335 1774 veritatem
370 1736 581 1782 infinitam,
622 1742 664 1774 vt
704 1736 962 1786 archetypum
997 1735 1262 1785 immutabile,
1303 1737 1551 1786 formamque
1580 1737 1745 1786 primam
1771 1737 1942 1776 veritatis
1967 1738 2007 1775 in
2036 1749 2080 1775 ea

133 1788 472 1839 recognoscimus,
502 1791 537 1827 δι
570 1789 774 1828 veritatem
803 1789 1150 1839 communicatam„
1178 1791 1285 1827 velut
1308 1791 1531 1840 speculum,
1555 1803 1856 1840 expressamque
1870 1790 2081 1840 imaginem

132 1842 231 1881 illius
273 1843 507 1892 archetypae
545 1842 710 1880 colimus
751 1841 1048 1892 religiosissime.
1091 1843 1343 1892 Quapropter
1378 1844 1418 1881 in
1446 1844 1688 1894 Theologiae
1716 1844 1828 1882 huius
1855 1843 2081 1882 definitione

133 1908 214 1933 non
243 1895 312 1933 fuit
341 1895 566 1945 simpliciter
593 1898 615 1933 a
643 1895 757 1934 nobis
785 1896 933 1933 dictum
962 1896 1222 1946 Theologiam
1250 1896 1480 1946 sapientiam
1508 1909 1591 1935 esse
1621 1909 1747 1935 rerum
1768 1897 2002 1947 diuinarum,
2017 1903 2083 1934 aut

133 1948 362 1998 sapientiam
404 1949 559 1987 diuinae
595 1948 786 2000 veritati53
824 1950 894 1987 sed
921 1949 1161 1987 coniunctim
1187 1957 1396 1999 Vtrumque
1424 1949 1700 2000 expressimus,
1727 1951 1829 1988 lzanc
1855 1951 2082 2001 sapientiam

133 2015 211 2039 esse
236 2015 369 2040 rerum
398 2004 622 2040 diuinarum
649 2003 852 2040 secmzdlcm
879 2004 1074 2041 veritatem
1106 2004 1277 2040 dim‘nam
1306 2004 1331 2039 ὰ
1359 2004 1447 2041 Deo
1475 2005 1729 2054 inspiratam,
1755 2005 1835 2041 ὅγε.
1866 2005 1956 2042 Hac
1979 2003 2082 2041 enim

133 2055 283 2093 ratione
312 2055 544 2094 relationem
572 2055 783 2105 quamdam
809 2055 1068 2094 necessariam
1096 2056 1379 2107 expressimus,
1409 2068 1508 2106 quae
1537 2057 1636 2094 inter
1649 2057 1850 2095 veritatem
1865 2069 1948 2095 sese
1961 2055 2084 2106 expri-

132 2116 326 2158 mentem,
354 2110 390 2146 δι
419 2108 622 2147 veritatem
649 2121 873 2158 expressam
901 2108 1121 2148 intervenit.
1150 2109 1302 2147 Veritas
1324 2121 1408 2147 sese
1437 2108 1675 2160 exprimens,
1692 2118 1749 2148 est
1775 2117 1992 2159 conceptus
2019 2110 2084 2147 ille

133 2163 340 2211 formaque
366 2161 618 2200 immutabilis
646 2162 684 2200 in
710 2163 820 2212 Deo,
849 2165 968 2211 quam
995 2162 1058 2212 pie
1085 2163 1311 2200 adoramus:
1340 2162 1495 2200 Veritas
1518 2169 1648 2201 autem
1671 2175 1852 2213 expressa
1867 2163 1963 2200 nihil
1978 2162 2083 2201 aliud

134 2221 212 2265 est,
246 2216 365 2264 quam
401 2215 531 2265 imago
560 2216 754 2265 quaedam
782 2217 818 2253 δι
845 2216 1047 2265 speculum
1075 2216 1222 2265 primae
1249 2215 1350 2253 illius
1380 2223 1498 2265 atque
1525 2224 1706 2254 aeternae
1734 2216 1924 2267 veritatis⁷
1953 2216 2084 2265 quod,

134 2269 268 2318 quale,
297 2275 509 2319 quantum,
538 2281 618 2318 quo
648 2268 816 2317 denique
846 2269 968 2307 modo
997 2269 1244 2317 communi(f.
1279 2269 1513 2317 1406.)cauit
1540 2269 1748 2308 nobiscum
1776 2271 1906 2320 Deus7
1933 2270 1985 2307 ad
2012 2275 2084 2307 tes-

132 2321 356 2359 tificandam
385 2322 542 2360 laudem
570 2321 762 2372 gratiae„
741 2321 932 2360 oloriosae
956 2333 1068 2371 suae,
1084 2324 1119 2360 δε
1134 2323 1410 2371 exponendam
1426 2323 1589 2361 salutem
1605 2329 1792 2361 nostram.
1819 2324 1930 2361 Haec
1944 2321 2085 2360 veritas

134 2374 348 2412 secundum
374 2374 480 2412 illam
503 2382 580 2424 est,
611 2375 806 2424 perfectus
832 2375 937 2421 riuus
965 2376 1014 2414 de
1042 2377 1216 2425 peifecto
1245 2377 1375 2426 fonte,
1404 2376 1676 2426 perfectusque
1700 2376 1831 2414 radius
1845 2376 1894 2415 de
1909 2376 2084 2426 perfecto

135 2429 217 2465 sole
247 2427 435 2486 veritatis,
463 2429 637 2478 perfecta
664 2428 833 2477 denique
865 2429 995 2488 imago
1031 2442 1212 2478 expressa
1240 2442 1279 2466 m
1307 2429 1467 2488 speculo
1496 2429 1607 2468 verbi
1630 2429 1822 2476 veritatis,
1839 2441 1940 2478 quae
1954 2440 2084 2478 imago

133 2481 319 2530 tantisper
342 2480 530 2519 micatura
555 2488 632 2530 est,
656 2481 751 2519 dum
780 2482 1072 2541 peruenerimus
1097 2494 1235 2520 omnes
1259 2482 1310 2520 ad
1325 2482 1558 2532 principium
1578 2483 1675 2520 illud
1695 2482 1865 2521 veritatis
1887 2483 1927 2520 in
1951 2481 2084 2519 coelis.

187 2533 308 2581 Quod
335 2540 466 2572 autem
493 2534 542 2572 de
571 2535 722 2572 ratione
750 2535 920 2572 veritatis
948 2535 1061 2573 huius
1091 2535 1340 2585 dicebamus
1365 2548 1452 2574 eam
1474 2535 1651 2574 bifariam
1676 2535 1937 2574 conS1derar1
1928 2548 1967 2572 1n
1983 2535 2087 2572 The-

134 2587 265 2636 ologia
302 2593 455 2637 nostra7
491 2587 533 2625 id
566 2600 635 2637 per
670 2601 711 2626 se
740 2595 796 2626 est
824 2588 1194 2626 manifestissimum.
1231 2588 1387 2626 Etenim
1413 2588 1467 2626 ita
1495 2589 1713 2639 comparati
1739 2600 1871 2627 sumus
1898 2590 1923 2626 ὲ,
1950 2589 2087 2625 natura

132 2646 287 2699 nostra,
329 2646 391 2690 vt,
435 2652 674 2690 quocunque
712 2654 753 2679 se
790 2654 902 2679 mens
935 2649 1070 2679 nostra
1109 2643 1144 2679 Sc
1179 2641 1365 2691 cogitatio
1395 2642 1611 2692 conuertit,
1640 2642 1839 2681 obiectum
1866 2641 2087 2679 intellectus

131 2693 277 2742 nostri,
310 2692 350 2730 id
385 2699 464 2743 est,
499 2694 725 2744 veritatem,
760 2700 826 2732 aut
852 2695 1030 2733 vniuerse
1056 2694 1096 2732 in
1127 2702 1212 2733 toto
1230 2672 1376 2744 ”aliquo
1407 2696 1721 2745 contemplemur
1748 2695 1993 2755 simpliciter⁷
2021 2699 2088 2731 aut

134 2745 472 2796 comparationem
514 2746 627 2785 huius
671 2747 789 2785 totius
823 2759 914 2785 cum
948 2748 1016 2786 illo
1052 2747 1310 2786 instituamus.
1347 2748 1699 2796 Quemadmodum
1727 2749 1775 2787 si·
1785 2748 1893 2801 quis,
1920 2746 2088 2796 exempli

1100 2814 1143 2838 11
1948 2811 2087 2850 causa,
