2334 3020
817 118 1088 145 FRANCISCI
1128 118 1270 150 JUNII
1315 117 1440 142 VITA.
2045 117 2090 151 19

167 228 270 267 diem
311 230 480 266 futurum
520 226 674 274 dicens,
715 233 754 264 vt
792 227 954 264 domum
992 237 1166 264 reuersus
1203 231 1311 275 pater
1339 228 1488 262 tantum
1516 222 1565 258 ad
1594 235 1654 259 me
1684 220 1871 270 pecuniae
1901 221 2090 258 transmit-

167 288 262 320 teret
299 286 485 330 quantum
515 292 562 317 ex
599 290 669 316 vsu
706 278 778 328 ipsi
809 278 1013 317 videretur.
1054 280 1109 317 Vt
1136 285 1263 317 autem
1291 276 1459 326 primum
1486 274 1721 324 Lugdunum
1753 272 1858 322 veni,
1887 273 1963 311 iam
1991 274 2092 322 typis

168 346 389 384 expressam
425 330 571 371 offendi
604 331 770 381 primam
798 331 1116 380 protestationem
1143 330 1330 380 Principis
1361 327 1578 368 Condensis
1606 327 1971 375 foederatorumquc
1995 326 2094 364 illius

168 400 274 425 arma
313 384 659 433 conclamantium,
699 386 734 422 ἃ
775 385 823 422 de
861 384 1000 423 iniusta
1027 385 1064 423 vi
1100 391 1249 423 armata
1286 382 1548 430 caedibusque
1576 378 1850 427 atrocissimis,
1879 390 1974 428 quas
2003 379 2094 418 Gui-

167 440 275 479 siana
302 438 418 477 factio
446 437 602 486 iamque
631 444 870 487 patrauerat,
893 437 1214 486 conquerentium
1231 433 1580 475 vehementissime.
1610 433 1721 481 Quae
1741 445 1800 470 res
1822 431 2094 482 aliquantisper

166 493 216 530 ita
258 505 320 530 me
360 490 594 539 commouit,
634 497 675 528 vt
712 502 849 540 parum
889 491 1054 529 abfuerit
1091 490 1183 539 quin
1221 491 1271 528 ab
1304 488 1477 527 instituta
1504 484 1747 536 profectione
1776 485 1841 522 illa
1868 486 2091 523 retraheret.

167 543 322 583 Perrexi
350 551 480 582 tamen
508 551 668 581 auctore
696 544 731 580 ἃ*
757 544 857 582 duce
876 543 1073 593 Domino,
1102 544 1136 581 &
1165 543 1227 581 die
1255 553 1353 580 xvn.
1381 539 1510 588 Martij
1538 538 1628 577 veni
1650 538 1855 576 Geneuam
1873 537 2091 576 incolumis.

167 599 227 636 De
267 596 438 646 hospitio
481 597 516 633 &
558 596 660 634 victu
702 608 822 646 quum
866 596 958 634 mihi
993 603 1241 647 prospectum
1285 601 1405 644 esset,
1444 593 1565 631 libros
1606 591 1644 630 in
1673 590 1894 629 vniuersum
1922 597 2088 640 quatuor

166 649 260 688 milii
286 648 511 699 comparaui
538 650 684 699 (plures
712 649 816 688 enim
843 657 925 687 tum
952 661 1033 687 non
1060 656 1256 700 poteram,
1280 646 1489 698 impeditus
1517 643 1747 696 pecuniolae
1770 655 1880 682 meae
1896 642 2086 693 angustia)

166 704 215 742 de
255 702 338 741 aliis
374 701 549 740 emendis
584 702 740 752 insuper
773 709 854 740 tum
887 702 1045 740 demum
1074 702 1209 751 statui,
1237 712 1357 751 quum
1384 710 1579 750 regressus
1607 697 1768 736 domum
1796 695 1948 734 Lutetia
1975 703 2087 746 pater

165 756 304 794 iustam
338 754 544 805 pecuniam
587 755 636 793 ad
679 769 740 794 me
776 755 1060 794 transmisisset.
1101 757 1196 793 Hoc
1236 761 1365 792 autem
1393 754 1500 791 Deus
1528 751 1591 790 ille
1619 757 1701 801 opt.
1730 762 1830 788 max.
1860 750 1895 787 &
1937 749 2087 798 sapien-

165 808 333 848 tissimus
369 814 479 858 pater
513 809 564 846 ad
605 820 733 846 meum
781 808 1038 847 commodum
1088 807 1335 847 ordinauerat
1376 804 1622 855 prouidentia
1657 802 1805 842 infinita
1838 813 1926 841 sua:
1956 801 2023 851 qui
2049 801 2089 839 in

167 862 358 900 librorum
404 860 518 910 copia
564 861 720 900 fuissem
767 868 997 911 euagaturus
1044 860 1286 911 promiscue,
1333 858 1373 896 in
1421 857 1535 907 copia
1576 863 1704 894 autem
1745 855 1932 906 pecuniae
1973 854 2088 893 etiam

163 915 353 953 librorum
380 914 534 964 copiam
563 914 644 953 sine
671 913 815 952 iudicio
840 920 947 953 certo
974 925 1264 964 procurassem:
1294 911 1384 950 fecit
1410 917 1539 948 autem
1567 909 1752 959 pecuniae
1780 908 1931 958 inopia,
1956 914 1997 946 vt
2019 907 2092 945 illis

165 969 293 1007 solum
333 973 500 1016 quatuor
526 966 654 1017 libris,
695 980 741 1005 ac
768 980 848 1005 non
876 966 952 1005 alio
981 967 1083 1018 vllo,
1125 965 1289 1015 amplius
1316 975 1463 1002 annum
1490 969 1615 1001 vterer
1643 961 1944 1012 diligentissime.
1987 962 2090 998 Tum

167 1027 369 1059 momento
397 1033 474 1058 vno
502 1019 632 1058 bellici
658 1021 805 1058 furores
833 1020 960 1058 Gallia
987 1026 1069 1057 tota
1090 1018 1324 1067 inarserunt,
1355 1022 1568 1065 occupatae
1590 1016 1726 1059 vrbes,
1755 1015 1914 1053 obsessa
1936 1013 2092 1062 itinera,

167 1074 296 1122 nuncij
327 1072 551 1122 intercepti,
590 1079 764 1122 patratae
794 1073 954 1122 caedes,
994 1071 1133 1110 vastati
1160 1070 1260 1121 agri,
1302 1075 1502 1108 cruentata
1530 1068 1671 1106 omnia.
1703 1068 1971 1115 Quamobrem
2000 1066 2094 1104 noui

168 1126 328 1176 quidem
356 1138 532 1164 rumores
561 1126 765 1164 Geneuam
793 1124 966 1174 quotidie
994 1125 1288 1169 adferebantur.
1317 1122 1385 1161 sed
1413 1120 1635 1171 paucissimi
1663 1133 1710 1158 ex
1731 1119 1785 1158 eis
1800 1118 2096 1170 certi,pecunia

167 1181 282 1230 plane
323 1180 445 1217 nulla:
487 1191 534 1216 ac
575 1191 625 1216 ne
666 1178 850 1216 mandata
890 1177 1049 1227 quidem
1076 1180 1099 1215 a
1126 1176 1351 1227 parentibus
1379 1182 1444 1212 aut
1471 1173 1604 1212 amicis
1632 1173 1729 1221 vlla,
1764 1172 1904 1222 quibus
1931 1171 2096 1222 pecunia

168 1232 266 1270 mihi
291 1238 502 1270 curaretur.
530 1232 623 1269 Hoc
650 1237 767 1281 pacto
795 1243 858 1268 me
886 1231 937 1268 ad
963 1229 1157 1269 sinistram
1183 1228 1346 1268 tentatio
1375 1225 1595 1277 pergrauis,
1624 1238 1764 1275 vrgens
1793 1225 1897 1263 duris
1925 1225 1964 1262 in
1979 1226 2096 1263 rebus

168 1291 336 1336 egestas,
363 1296 542 1335 aggressa
570 1290 645 1328 est,
673 1289 882 1333 postquam
911 1283 1157 1321 dextrorsum
1184 1290 1264 1321 tam
1285 1281 1413 1320 variae
1427 1278 1682 1328 tentationes,
1709 1289 1804 1327 quas
1819 1280 1907 1316 ante
1922 1276 2097 1327 exposui.

170 1338 379 1376 irruissent.
408 1340 525 1375 Hanc
554 1343 765 1386 egestatem
791 1349 920 1374 meam
949 1337 1025 1374 duo
1054 1335 1293 1385 imprudenti
1312 1340 1500 1372 auxerunt
1514 1331 1790 1370 incommoda:
1820 1342 1958 1379 vnum,
1987 1330 2097 1380 quod

171 1390 440 1440 intempestiue
466 1390 532 1428 illo
561 1396 640 1428 tarn
669 1389 898 1427 calamitoso
926 1390 1158 1439 funestoque
1187 1396 1366 1438 ternpore
1395 1388 1444 1425 ab
1472 1384 1645 1424 honestis
1674 1383 1989 1422 adolescentibus
2017 1382 2099 1430 alijs

170 1444 402 1493 quibuscum
441 1443 642 1492 versabar,
681 1443 896 1492 appellatus
933 1449 1049 1492 atque
1083 1442 1275 1480 adductus
1303 1452 1407 1490 sum,
1436 1445 1477 1477 vt
1504 1436 1705 1476 Heluetici
1731 1443 1875 1475 tractus
1904 1435 2098 1474 inuisendi

167 1508 282 1535 causa
308 1508 371 1534 me
400 1495 474 1534 sibi
502 1495 688 1534 comitem
717 1494 989 1546 adiungerem,
1017 1506 1138 1545 quum
1166 1495 1244 1533 iam
1270 1496 1370 1544 pene
1385 1494 1592 1532 exhaustus
1607 1503 1747 1529 essem:
1777 1491 1961 1539 alterurn,
1990 1489 2098 1538 quod

168 1562 239 1599 pro
280 1562 326 1588 ea
368 1547 537 1587 amicitia
563 1560 662 1598 quae
690 1547 786 1586 mihi
811 1549 980 1586 fraterna
1006 1547 1275 1587 intercedebat
1303 1559 1394 1586 cum
1422 1544 1658 1595 Delphinate
1683 1543 1878 1594 quodam,
1920 1541 1982 1581 cui
2008 1545 2031 1580 a
2061 1542 2098 1580 S.

168 1603 352 1641 Ferreolo
387 1614 555 1652 nomen,
584 1601 734 1651 optimo
762 1600 847 1640 viro
876 1602 911 1639 &
939 1601 1082 1652 pietate
1108 1600 1425 1650 instructissimo,
1453 1596 1742 1637 communicaui
1769 1607 1859 1634 cum
1887 1609 1933 1634 eo
1961 1594 2098 1633 libera-

166 1655 309 1694 lissime
349 1653 536 1704 quicquid
577 1654 616 1692 in
657 1667 745 1693 aere
787 1653 875 1706 fuit,
917 1655 1045 1693 donec
1088 1661 1298 1693 coronatus
1339 1664 1437 1692 vnus
1482 1650 1548 1690 aut
1583 1651 1679 1689 alter
1704 1648 1914 1688 restitisset.
1952 1647 2100 1686 Inuitus

169 1708 305 1757 annui,
344 1715 382 1746 et
409 1707 696 1758 profectionem
732 1707 983 1746 Helueticam
1012 1707 1181 1758 suscepi:
1211 1707 1385 1757 pudebat
1412 1716 1612 1750 recusare,
1643 1701 1869 1753 praesertim
1898 1713 2018 1751 quum
2047 1700 2102 1738 illi

170 1762 470 1800 contubernales
511 1760 587 1799 mei
629 1773 788 1799 omnem
829 1773 1008 1811 operam,
1049 1761 1187 1811 fidem,
1224 1759 1409 1798 auxilium
1444 1758 1484 1796 in
1511 1759 1626 1796 rebus
1651 1755 1832 1794 omnibus
1861 1754 2100 1805 sponderent

171 1827 289 1864 quam
331 1813 620 1852 humanissime.
661 1814 949 1853 Hebdomadas
976 1814 1100 1864 quasi
1140 1821 1216 1852 tres
1243 1813 1283 1851 in
1322 1810 1566 1863 profectione
1595 1810 1660 1847 illa
1689 1815 1868 1858 suscepta
1895 1819 2101 1856 consump-

173 1868 310 1906 simus:
340 1869 376 1905 &
391 1868 632 1918 Musculum,
660 1868 943 1917 Hallerumque
967 1869 1136 1906 Bernae:
1152 1868 1389 1916 Martyrem,
1404 1864 1692 1914 Bullingermn,
1709 1863 1937 1900 Gualterum
1952 1859 2104 1910 Tiguri:

171 1920 363 1959 Neocomi
395 1921 609 1970 Farellum,
651 1919 748 1959 alios
776 1918 869 1958 alibi
897 1919 1167 1971 salutauimus,
1209 1931 1288 1969 quo
1317 1926 1493 1968 tempore
1522 1917 1571 1955 de
1600 1918 1826 1964 Turonum,
1863 1913 2104 1963 Pictauii'que

172 1973 392 2024 deditione,
433 1974 468 2011 δι
509 1973 716 2012 obsidione
753 1973 920 2012 ciuitatis
947 1986 1059 2012 meae
1087 1972 1219 2021 nuncij
1250 1972 1540 2011 adferebantur.
1569 1970 1710 2007 Postea
1736 1968 1787 2006 ad
1814 1967 2009 2017 hospitem
2036 1979 2105 2003 no-

170 2034 291 2066 strum
332 2026 526 2066 desiderio
554 2038 708 2065 summo
736 2027 880 2065 reuersi
907 2038 1060 2077 sumus,
1089 2025 1254 2076 pertaesi
1282 2024 1427 2064 itineris
1456 2025 1491 2062 &
1519 2029 1764 2072 sumptuum,
1792 2031 1891 2071 quos
1919 2019 2105 2070 opinione

173 2079 339 2118 maiores
381 2081 611 2118 feceramus.
651 2079 733 2117 Hic
774 2086 940 2129 quatuor
968 2079 1042 2117 illis
1069 2079 1234 2118 lucernis
1263 2078 1380 2128 meis,
1422 2077 1464 2116 id
1491 2083 1571 2126 est,
1616 2074 1722 2113 libris
1750 2073 1898 2112 illustro
1927 2073 2106 2111 tenebras

174 2146 279 2172 meas
320 2135 356 2172 &
383 2133 490 2171 solor
517 2139 729 2183 egestatem
758 2146 907 2183 meam,
935 2134 1067 2183 legens
1095 2134 1130 2170 δι
1159 2132 1382 2182 expendens
1411 2141 1488 2181 qua
1514 2135 1692 2179 poteram
1719 2126 1937 2177 diligentia:
1979 2125 2105 2164 Biblia

173 2185 320 2237 perlegi
360 2185 585 2235 aliquoties:
627 2185 916 2227 Institutionem
944 2185 1096 2225 Caluini
1124 2184 1377 2224 consimiliter
1405 2195 1495 2222 cum
1524 2181 1759 2220 lectionibus
1788 2181 1822 2218 &
1852 2178 2108 2218 concionibus

173 2239 348 2278 eiusdem
375 2238 580 2288 aliquoties
607 2239 774 2278 contuli:
805 2239 855 2278 de
881 2239 1128 2278 Institutione
1154 2237 1329 2288 excerpsi
1343 2237 1392 2276 ad
1407 2248 1518 2275 vsum
1533 2246 1664 2274 meum
1679 2233 1852 2272 seeundo
1869 2231 2109 2280 aduersaria,

175 2292 289 2331 tertio
331 2291 530 2342 epitomen
558 2292 790 2342 quamdam,
831 2303 948 2342 quam
975 2299 1066 2343 post
1091 2291 1186 2330 illud
1213 2299 1366 2341 tempus
1406 2292 1456 2328 D.
1498 2286 1683 2327 Michaeli
1710 2286 1833 2337 Nigro
1861 2285 1966 2324 fideli
1995 2295 2109 2323 seruo

177 2345 250 2384 Dei
278 2348 411 2395 (quem
437 2356 543 2383 nunc
569 2344 610 2383 in
637 2345 823 2384 Heluetia
849 2359 964 2395 agere
993 2345 1125 2395 audio)
1149 2345 1256 2383 dono
1278 2341 1535 2383 dedianobis
1551 2341 1784 2380 discessuro.
1813 2337 2110 2378 Confessionem

177 2401 324 2448 Bezae,
360 2399 465 2436 velut
490 2397 663 2436 indicem
691 2399 742 2437 ad
771 2398 924 2437 Caluini
951 2410 1050 2448 opus
1077 2400 1299 2448 frequenter
1326 2396 1583 2436 adhibebam:
1625 2394 1665 2432 ir:
1694 2392 2001 2432 Grammaticam
2030 2391 2111 2428 He-

177 2453 334 2490 braeam
362 2451 566 2500 Ceuallerij
596 2463 687 2490 meo
716 2453 843 2490 Marte
870 2451 1171 2502 incumbebam,
1201 2452 1296 2489 dum
1324 2455 1558 2501 praeceptor
1588 2446 1730 2486 defuit:
1760 2453 1843 2485 tum
1872 2444 1977 2484 enim
2006 2443 2111 2481 aliud

178 2503 333 2554 publice
359 2504 529 2543 docebat
557 2504 806 2543 Ceuallerius.
836 2507 926 2555 pest
952 2508 1046 2543 vero
1075 2503 1258 2554 priuatim
1286 2503 1486 2553 Philippus
1513 2501 1757 2551 Bignoneus,
1773 2499 1931 2537 natione
1947 2499 2110 2535 Aremo-

179 2557 282 2596 ricus
323 2556 405 2606 (qui
445 2568 551 2595 nunc
590 2558 782 2608 Rupellae
825 2557 932 2607 viuit)
972 2570 1062 2596 cum
1104 2557 1187 2596 aliis
1222 2556 1437 2596 candidatis
1466 2556 1674 2593 Hebraeae
1701 2553 1858 2603 linguae
1886 2563 1950 2589 me
1979 2548 2109 2598 coepit

176 2609 388 2649 instituere.
429 2610 630 2658 Quaerens
669 2609 709 2648 in
748 2610 808 2650 his
849 2610 985 2649 studiis
1024 2612 1156 2649 fallere
1197 2617 1375 2660 tempus,
1417 2610 1452 2646 &
1494 2609 1684 2647 deuorare
1716 2604 1889 2645 taedium
1925 2601 2108 2653 egestatis

177 2675 308 2714 meae,
337 2662 565 2701 calamitatis
593 2663 793 2715 publicae,
822 2666 857 2702 &
885 2664 1056 2714 priuatae
1083 2663 1353 2702 sollicitudinis
1378 2662 1427 2701 de
1450 2660 1675 2712 parentibus
1691 2658 1914 2707 familiaque
1928 2655 2107 2694 vniuersa

177 2723 332 2766 nostra,
359 2716 519 2754 tandem
546 2718 594 2754 eo
621 2716 762 2755 deueni
790 2716 1010 2767 angustiae,
1039 2723 1081 2755 vt
1109 2715 1203 2755 mihi
1231 2715 1398 2756 Octobri
1427 2727 1560 2753 mense
1589 2712 1671 2763 (qui
1699 2719 1782 2750 tum
1798 2710 1958 2761 frigidus
1974 2709 2106 2747 admo-

177 2769 271 2808 dum
299 2768 456 2818 exstitit)
482 2781 556 2807 nec
584 2769 764 2821 vestium,
791 2783 865 2809 nec
892 2769 1081 2820 pecuniae
1110 2769 1332 2809 commodis
1359 2769 1567 2818 instructo,
1595 2767 1634 2804 in
1662 2765 1844 2804 vniuerso
1872 2775 1959 2802 aere
1985 2761 2103 2803 nihil.

1840 2822 2108 2866 praeterquam
