<?xml version="1.0" encoding="UTF-8"?>
<!DOCTYPE html PUBLIC "-//W3C//DTD XHTML 1.0 Transitional//EN"
    "http://www.w3.org/TR/xhtml1/DTD/xhtml1-transitional.dtd">
<html xmlns="http://www.w3.org/1999/xhtml" xml:lang="en" lang="en">
 <head>
  <title>
</title>
<meta http-equiv="Content-Type" content="text/html;charset=utf-8" />
  <meta name='ocr-system' content='tesseract 3.04.00' />
  <meta name='ocr-capabilities' content='ocr_page ocr_carea ocr_par ocr_line ocrx_word'/>
</head>
<body>
  <div class='ocr_page' id='page_1' title='image "./opusculatheologi00juni/opusculatheologi00juni_0100.png"; bbox 0 0 2334 3020; ppageno 0'>
   <div class='ocr_carea' id='block_1_1' title="bbox 219 63 1494 115">
    <p class='ocr_par' dir='ltr' id='par_1_1' title="bbox 219 63 1494 115">
     <span class='ocr_line' id='line_1_1' title="bbox 219 63 1494 115; baseline -0.009 -14"><span class='ocrx_word' id='word_1_1' title='bbox 219 79 266 115; x_wconf 88' lang='lat'><strong>70</strong></span> <span class='ocrx_word' id='word_1_2' title='bbox 848 69 914 95; x_wconf 89' lang='lat' dir='ltr'><strong>DE</strong></span> <span class='ocrx_word' id='word_1_3' title='bbox 954 66 1100 93; x_wconf 86' lang='lat' dir='ltr'>VERA</span> <span class='ocrx_word' id='word_1_4' title='bbox 1138 63 1494 91; x_wconf 83' lang='lat' dir='ltr'><strong>THEOLOGIA.</strong></span> 
     </span>
    </p>
   </div>
   <div class='ocr_carea' id='block_1_2' title="bbox 212 168 2156 1760">
    <p class='ocr_par' dir='ltr' id='par_1_2' title="bbox 212 168 2156 1760">
     <span class='ocr_line' id='line_1_2' title="bbox 215 168 2142 235; baseline -0.008 -13"><span class='ocrx_word' id='word_1_5' title='bbox 215 184 356 235; x_wconf 87' lang='lat' dir='ltr'><strong>agitur,</strong></span> <span class='ocrx_word' id='word_1_6' title='bbox 397 180 467 219; x_wconf 88' lang='lat' dir='ltr'><strong>tria</strong></span> <span class='ocrx_word' id='word_1_7' title='bbox 503 176 669 227; x_wconf 86' lang='lat' dir='ltr'><strong>expendi</strong></span> <span class='ocrx_word' id='word_1_8' title='bbox 712 179 995 224; x_wconf 88' lang='lat' dir='ltr'><strong>praeceperunt</strong></span> <span class='ocrx_word' id='word_1_9' title='bbox 1033 171 1212 228; x_wconf 49' lang='grc' dir='ltr'><strong>δύραμμιζ,</strong></span> <span class='ocrx_word' id='word_1_10' title='bbox 1241 168 1367 219; x_wconf 63' lang='grc' dir='ltr'><em>ἔργον,</em></span> <span class='ocrx_word' id='word_1_11' title='bbox 1397 171 1460 205; x_wconf 87' lang='grc' dir='ltr'><strong>καὶ</strong></span> <span class='ocrx_word' id='word_1_12' title='bbox 1489 171 1634 219; x_wconf 69' lang='grc' dir='ltr'><em>πάθος,</em></span> <span class='ocrx_word' id='word_1_13' title='bbox 1662 168 1898 219; x_wconf 81' lang='lat' dir='ltr'><strong>potentiam,</strong></span> <span class='ocrx_word' id='word_1_14' title='bbox 1926 168 2142 218; x_wconf 91' lang='lat' dir='ltr'><strong>actionem,</strong></span> 
     </span>
     <span class='ocr_line' id='line_1_3' title="bbox 215 220 2147 288; baseline -0.014 -12"><span class='ocrx_word' id='word_1_15' title='bbox 215 234 580 288; x_wconf 85' lang='lat' dir='ltr'><strong>perpessionemque</strong></span> <span class='ocrx_word' id='word_1_16' title='bbox 621 229 802 278; x_wconf 90' lang='lat' dir='ltr'><strong>ipsarum.</strong></span> <span class='ocrx_word' id='word_1_17' title='bbox 846 229 908 265; x_wconf 91' lang='lat' dir='ltr'><strong>De</strong></span> <span class='ocrx_word' id='word_1_18' title='bbox 936 229 1111 275; x_wconf 84' lang='lat' dir='ltr'><strong>potentla</strong></span> <span class='ocrx_word' id='word_1_19' title='bbox 1137 228 1254 271; x_wconf 90' lang='lat' dir='ltr'><strong>1g1tur</strong></span> <span class='ocrx_word' id='word_1_20' title='bbox 1281 221 1394 260; x_wconf 90' lang='lat' dir='ltr'><strong>huius</strong></span> <span class='ocrx_word' id='word_1_21' title='bbox 1421 220 1662 271; x_wconf 89' lang='lat' dir='ltr'><strong>Theologiae</strong></span> <span class='ocrx_word' id='word_1_22' title='bbox 1690 221 1871 260; x_wconf 85' lang='lat' dir='ltr'><strong>dicuntur</strong></span> <span class='ocrx_word' id='word_1_23' title='bbox 1900 220 1991 259; x_wconf 74' lang='lat' dir='ltr'><strong>ista:</strong></span> <span class='ocrx_word' id='word_1_24' title='bbox 2032 222 2147 259; x_wconf 64' lang='lat' dir='ltr'><strong>Haec</strong></span> 
     </span>
     <span class='ocr_line' id='line_1_4' title="bbox 222 273 2146 334; baseline -0.008 -7"><span class='ocrx_word' id='word_1_25' title='bbox 222 288 431 334; x_wconf 67' lang='lat' dir='ltr'><strong>Theologia</strong></span> <span class='ocrx_word' id='word_1_26' title='bbox 473 284 572 321; x_wconf 69' lang='lat' dir='ltr'><em>nihil</em></span> <span class='ocrx_word' id='word_1_27' title='bbox 610 282 760 319; x_wconf 64' lang='lat' dir='ltr'><strong>manino</strong></span> <span class='ocrx_word' id='word_1_28' title='bbox 795 282 851 318; x_wconf 82' lang='lat' dir='ltr'><strong>ad</strong></span> <span class='ocrx_word' id='word_1_29' title='bbox 879 278 1150 330; x_wconf 75' lang='lat' dir='ltr'><em>perfectionem</em></span> <span class='ocrx_word' id='word_1_30' title='bbox 1171 279 1299 323; x_wconf 75' lang='lat' dir='ltr'><strong>potest</strong></span> <span class='ocrx_word' id='word_1_31' title='bbox 1317 275 1542 324; x_wconf 77' lang='lat' dir='ltr'><em>perducere.</em></span> <span class='ocrx_word' id='word_1_32' title='bbox 1578 287 1652 312; x_wconf 92' lang='lat' dir='ltr'><strong>nec</strong></span> <span class='ocrx_word' id='word_1_33' title='bbox 1679 274 1841 324; x_wconf 87' lang='lat' dir='ltr'><strong>mirum,</strong></span> <span class='ocrx_word' id='word_1_34' title='bbox 1870 275 1960 312; x_wconf 78' lang='lat' dir='ltr'><strong>cum</strong></span> <span class='ocrx_word' id='word_1_35' title='bbox 1986 273 2070 323; x_wconf 88' lang='lat' dir='ltr'><strong>ipsa</strong></span> <span class='ocrx_word' id='word_1_36' title='bbox 2096 273 2146 311; x_wconf 91' lang='lat' dir='ltr'><strong>ad</strong></span> 
     </span>
     <span class='ocr_line' id='line_1_5' title="bbox 216 323 2145 392; baseline -0.009 -12"><span class='ocrx_word' id='word_1_37' title='bbox 216 339 494 392; x_wconf 83' lang='lat' dir='ltr'><strong>perfectionem</strong></span> <span class='ocrx_word' id='word_1_38' title='bbox 521 334 650 373; x_wconf 89' lang='lat' dir='ltr'><strong>venire</strong></span> <span class='ocrx_word' id='word_1_39' title='bbox 677 345 756 370; x_wconf 92' lang='lat' dir='ltr'><strong>non</strong></span> <span class='ocrx_word' id='word_1_40' title='bbox 786 331 929 382; x_wconf 84' lang='lat' dir='ltr'><strong>possit,</strong></span> <span class='ocrx_word' id='word_1_41' title='bbox 957 330 1054 368; x_wconf 91' lang='lat' dir='ltr'><strong>alios</strong></span> <span class='ocrx_word' id='word_1_42' title='bbox 1081 327 1284 376; x_wconf 88' lang='lat' dir='ltr'><strong>quomodo</strong></span> <span class='ocrx_word' id='word_1_43' title='bbox 1309 326 1500 376; x_wconf 87' lang='lat' dir='ltr'><strong>prouehat</strong></span> <span class='ocrx_word' id='word_1_44' title='bbox 1523 325 1574 364; x_wconf 90' lang='lat' dir='ltr'><strong>ad</strong></span> <span class='ocrx_word' id='word_1_45' title='bbox 1597 326 1878 376; x_wconf 89' lang='lat' dir='ltr'><strong>perfectionem</strong></span> <span class='ocrx_word' id='word_1_46' title='bbox 1892 323 2056 364; x_wconf 85' lang='lat' dir='ltr'><strong>iustam?</strong></span> <span class='ocrx_word' id='word_1_47' title='bbox 2083 327 2145 364; x_wconf 93' lang='lat' dir='ltr'><strong>De</strong></span> 
     </span>
     <span class='ocr_line' id='line_1_6' title="bbox 217 378 2146 444; baseline -0.008 -12"><span class='ocrx_word' id='word_1_48' title='bbox 217 405 334 444; x_wconf 84' lang='lat' dir='ltr'><strong>opere</strong></span> <span class='ocrx_word' id='word_1_49' title='bbox 369 390 448 428; x_wconf 89' lang='lat' dir='ltr'><strong>siue</strong></span> <span class='ocrx_word' id='word_1_50' title='bbox 477 387 646 436; x_wconf 89' lang='lat' dir='ltr'><strong>actione,</strong></span> <span class='ocrx_word' id='word_1_51' title='bbox 676 384 840 423; x_wconf 88' lang='lat' dir='ltr'>dicimus</span> <span class='ocrx_word' id='word_1_52' title='bbox 867 385 969 422; x_wconf 90' lang='lat' dir='ltr'><strong>hanc</strong></span> <span class='ocrx_word' id='word_1_53' title='bbox 998 394 1073 420; x_wconf 80' lang='lat' dir='ltr'><strong>non</strong></span> <span class='ocrx_word' id='word_1_54' title='bbox 1090 381 1303 429; x_wconf 73' lang='lat' dir='ltr'><em>perducere</em></span> <span class='ocrx_word' id='word_1_55' title='bbox 1329 390 1502 428; x_wconf 89' lang='lat' dir='ltr'><strong>vnquam</strong></span> <span class='ocrx_word' id='word_1_56' title='bbox 1529 379 1579 416; x_wconf 91' lang='lat' dir='ltr'><strong>ad</strong></span> <span class='ocrx_word' id='word_1_57' title='bbox 1605 378 1886 429; x_wconf 85' lang='lat' dir='ltr'><strong>perfectionem</strong></span> <span class='ocrx_word' id='word_1_58' title='bbox 1915 378 2146 428; x_wconf 90' lang='lat' dir='ltr'><strong>quicquam:</strong></span> 
     </span>
     <span class='ocr_line' id='line_1_7' title="bbox 217 431 2146 497; baseline -0.008 -13"><span class='ocrx_word' id='word_1_59' title='bbox 217 458 316 497; x_wconf 86' lang='lat' dir='ltr'><strong>quae</strong></span> <span class='ocrx_word' id='word_1_60' title='bbox 342 457 403 482; x_wconf 89' lang='lat' dir='ltr'><strong>res</strong></span> <span class='ocrx_word' id='word_1_61' title='bbox 431 440 536 491; x_wconf 90' lang='lat' dir='ltr'><strong>apud</strong></span> <span class='ocrx_word' id='word_1_62' title='bbox 563 451 699 478; x_wconf 89' lang='lat' dir='ltr'><strong>omnes</strong></span> <span class='ocrx_word' id='word_1_63' title='bbox 726 437 875 475; x_wconf 83' lang='lat' dir='ltr'><strong>ratione</strong></span> <span class='ocrx_word' id='word_1_64' title='bbox 902 434 1126 482; x_wconf 91' lang='lat' dir='ltr'><strong>iudicioque</strong></span> <span class='ocrx_word' id='word_1_65' title='bbox 1153 431 1352 481; x_wconf 86' lang='lat' dir='ltr'><strong>praeditos</strong></span> <span class='ocrx_word' id='word_1_66' title='bbox 1382 439 1489 470; x_wconf 86' lang='lat' dir='ltr'><strong>extra</strong></span> <span class='ocrx_word' id='word_1_67' title='bbox 1516 432 1824 471; x_wconf 86' lang='lat' dir='ltr'><strong>controuersiam</strong></span> <span class='ocrx_word' id='word_1_68' title='bbox 1846 444 2005 470; x_wconf 88' lang='lat' dir='ltr'><strong>omnem</strong></span> <span class='ocrx_word' id='word_1_69' title='bbox 2019 433 2146 469; x_wconf 89' lang='lat' dir='ltr'><strong>futura</strong></span> 
     </span>
     <span class='ocr_line' id='line_1_8' title="bbox 217 483 2145 548; baseline -0.008 -12"><span class='ocrx_word' id='word_1_70' title='bbox 217 506 292 548; x_wconf 69' lang='lat' dir='ltr'><strong>est,</strong></span> <span class='ocrx_word' id='word_1_71' title='bbox 335 493 559 547; x_wconf 89' lang='lat' dir='ltr'><strong>praesertim</strong></span> <span class='ocrx_word' id='word_1_72' title='bbox 600 493 630 530; x_wconf 93' lang='lat' dir='ltr'><strong>si</strong></span> <span class='ocrx_word' id='word_1_73' title='bbox 671 489 927 540; x_wconf 89' lang='lat' dir='ltr'><strong>cogitauerint</strong></span> <span class='ocrx_word' id='word_1_74' title='bbox 962 501 1008 526; x_wconf 85' lang='lat' dir='ltr'><strong>ex</strong></span> <span class='ocrx_word' id='word_1_75' title='bbox 1037 496 1154 525; x_wconf 90' lang='lat' dir='ltr'><strong>causa</strong></span> <span class='ocrx_word' id='word_1_76' title='bbox 1187 484 1436 534; x_wconf 87' lang='lat' dir='ltr'><strong>imperfecta,</strong></span> <span class='ocrx_word' id='word_1_77' title='bbox 1474 483 1654 533; x_wconf 85' lang='lat' dir='ltr'><strong>adeoque</strong></span> <span class='ocrx_word' id='word_1_78' title='bbox 1680 484 2035 535; x_wconf 76' lang='lat' dir='ltr'><strong>imperfectissima,</strong></span> <span class='ocrx_word' id='word_1_79' title='bbox 2065 496 2145 522; x_wconf 93' lang='lat' dir='ltr'><strong>non</strong></span> 
     </span>
     <span class='ocr_line' id='line_1_9' title="bbox 215 535 2144 602; baseline -0.008 -12"><span class='ocrx_word' id='word_1_80' title='bbox 215 563 331 602; x_wconf 87' lang='lat' dir='ltr'><strong>posse</strong></span> <span class='ocrx_word' id='word_1_81' title='bbox 367 550 525 587; x_wconf 84' lang='lat' dir='ltr'><strong>effectus</strong></span> <span class='ocrx_word' id='word_1_82' title='bbox 561 544 658 582; x_wconf 89' lang='lat' dir='ltr'><strong>alios</strong></span> <span class='ocrx_word' id='word_1_83' title='bbox 693 554 810 592; x_wconf 88' lang='lat' dir='ltr'><strong>quarn</strong></span> <span class='ocrx_word' id='word_1_84' title='bbox 838 542 1086 592; x_wconf 89' lang='lat' dir='ltr'><strong>imperfectos</strong></span> <span class='ocrx_word' id='word_1_85' title='bbox 1115 537 1315 576; x_wconf 83' lang='lat' dir='ltr'><strong>exsistere:</strong></span> <span class='ocrx_word' id='word_1_86' title='bbox 1344 535 1518 586; x_wconf 90' lang='lat' dir='ltr'><strong>alioquin</strong></span> <span class='ocrx_word' id='word_1_87' title='bbox 1545 537 1650 575; x_wconf 91' lang='lat' dir='ltr'><strong>enim</strong></span> <span class='ocrx_word' id='word_1_88' title='bbox 1680 538 1803 587; x_wconf 91' lang='lat' dir='ltr'><strong>(quod</strong></span> <span class='ocrx_word' id='word_1_89' title='bbox 1832 544 1890 576; x_wconf 91' lang='lat' dir='ltr'><strong>est</strong></span> <span class='ocrx_word' id='word_1_90' title='bbox 1917 536 2144 576; x_wconf 87' lang='lat' dir='ltr'><strong>absurdissi-</strong></span> 
     </span>
     <span class='ocr_line' id='line_1_10' title="bbox 215 589 2145 651; baseline -0.009 -8"><span class='ocrx_word' id='word_1_91' title='bbox 215 605 338 650; x_wconf 89' lang='lat' dir='ltr'><strong>mum)</strong></span> <span class='ocrx_word' id='word_1_92' title='bbox 366 601 557 651; x_wconf 88' lang='lat' dir='ltr'><strong>perfectos</strong></span> <span class='ocrx_word' id='word_1_93' title='bbox 585 599 730 635; x_wconf 90' lang='lat' dir='ltr'><strong>fructus</strong></span> <span class='ocrx_word' id='word_1_94' title='bbox 760 597 878 634; x_wconf 91' lang='lat' dir='ltr'><strong>arbor</strong></span> <span class='ocrx_word' id='word_1_95' title='bbox 904 594 1132 643; x_wconf 89' lang='lat' dir='ltr'><strong>imperfecta</strong></span> <span class='ocrx_word' id='word_1_96' title='bbox 1160 592 1332 640; x_wconf 89' lang='lat' dir='ltr'><strong>proferre</strong></span> <span class='ocrx_word' id='word_1_97' title='bbox 1358 589 1565 628; x_wconf 88' lang='lat' dir='ltr'><strong>diceretur.</strong></span> <span class='ocrx_word' id='word_1_98' title='bbox 1592 589 1747 629; x_wconf 88' lang='lat' dir='ltr'><strong>Tertius</strong></span> <span class='ocrx_word' id='word_1_99' title='bbox 1764 592 2002 640; x_wconf 82' lang='lat' dir='ltr'><strong>verolocus,</strong></span> <span class='ocrx_word' id='word_1_100' title='bbox 2027 601 2145 638; x_wconf 91' lang='lat' dir='ltr'><strong>quem</strong></span> 
     </span>
     <span class='ocr_line' id='line_1_11' title="bbox 217 641 2146 698; baseline -0.008 -3"><span class='ocrx_word' id='word_1_101' title='bbox 217 659 266 696; x_wconf 92' lang='lat' dir='ltr'><strong>de</strong></span> <span class='ocrx_word' id='word_1_102' title='bbox 294 652 458 694; x_wconf 90' lang='lat' dir='ltr'><strong>naturali</strong></span> <span class='ocrx_word' id='word_1_103' title='bbox 485 653 558 689; x_wconf 87' lang='lat' dir='ltr'><strong>hac</strong></span> <span class='ocrx_word' id='word_1_104' title='bbox 585 648 803 698; x_wconf 88' lang='lat' dir='ltr'><strong>Theologia</strong></span> <span class='ocrx_word' id='word_1_105' title='bbox 830 649 1085 694; x_wconf 86' lang='lat' dir='ltr'><strong>affirmamus,</strong></span> <span class='ocrx_word' id='word_1_106' title='bbox 1114 645 1276 682; x_wconf 79' lang='lat' dir='ltr'><strong>fortasse</strong></span> <span class='ocrx_word' id='word_1_107' title='bbox 1304 641 1500 680; x_wconf 90' lang='lat' dir='ltr'><strong>nonnullis</strong></span> <span class='ocrx_word' id='word_1_108' title='bbox 1528 641 1684 691; x_wconf 87' lang='lat' dir='ltr'><strong>grauior</strong></span> <span class='ocrx_word' id='word_1_109' title='bbox 1712 645 1747 681; x_wconf 86' lang='lat'>&amp;</span> <span class='ocrx_word' id='word_1_110' title='bbox 1775 643 1970 681; x_wconf 90' lang='lat' dir='ltr'><strong>difficilior</strong></span> <span class='ocrx_word' id='word_1_111' title='bbox 1998 642 2146 680; x_wconf 89' lang='lat' dir='ltr'><strong>creditu</strong></span> 
     </span>
     <span class='ocr_line' id='line_1_12' title="bbox 218 694 2146 754; baseline -0.009 -5"><span class='ocrx_word' id='word_1_112' title='bbox 218 723 302 749; x_wconf 88' lang='lat' dir='ltr'><strong>esse</strong></span> <span class='ocrx_word' id='word_1_113' title='bbox 324 706 537 754; x_wconf 89' lang='lat' dir='ltr'><strong>videbitur,</strong></span> <span class='ocrx_word' id='word_1_114' title='bbox 560 702 626 752; x_wconf 91' lang='lat' dir='ltr'><strong>qui</strong></span> <span class='ocrx_word' id='word_1_115' title='bbox 647 714 728 740; x_wconf 89' lang='lat' dir='ltr'><strong>non</strong></span> <span class='ocrx_word' id='word_1_116' title='bbox 752 707 915 751; x_wconf 87' lang='lat' dir='ltr'><strong>possunt</strong></span> <span class='ocrx_word' id='word_1_117' title='bbox 936 701 1054 749; x_wconf 88' lang='lat' dir='ltr'><strong>ferre,</strong></span> <span class='ocrx_word' id='word_1_118' title='bbox 1077 703 1118 735; x_wconf 91' lang='lat' dir='ltr'><strong>vt</strong></span> <span class='ocrx_word' id='word_1_119' title='bbox 1131 703 1291 734; x_wconf 87' lang='lat' dir='ltr'><strong>naturae</strong></span> <span class='ocrx_word' id='word_1_120' title='bbox 1306 701 1460 733; x_wconf 90' lang='lat' dir='ltr'><strong>nostrae</strong></span> <span class='ocrx_word' id='word_1_121' title='bbox 1475 695 1712 745; x_wconf 87' lang='lat' dir='ltr'><strong>derogentur</strong></span> <span class='ocrx_word' id='word_1_122' title='bbox 1725 695 1875 745; x_wconf 90' lang='lat' dir='ltr'><strong>omnia,</strong></span> <span class='ocrx_word' id='word_1_123' title='bbox 1897 697 1932 733; x_wconf 88' lang='lat'>&amp;</span> <span class='ocrx_word' id='word_1_124' title='bbox 1953 694 2146 746; x_wconf 82' lang='lat' dir='ltr'><strong>gloriosae</strong></span> 
     </span>
     <span class='ocr_line' id='line_1_13' title="bbox 218 747 2146 810; baseline -0.009 -8"><span class='ocrx_word' id='word_1_125' title='bbox 218 762 294 801; x_wconf 93' lang='lat' dir='ltr'><strong>Dei</strong></span> <span class='ocrx_word' id='word_1_126' title='bbox 321 758 466 810; x_wconf 85' lang='lat' dir='ltr'><strong>gratiae</strong></span> <span class='ocrx_word' id='word_1_127' title='bbox 493 762 733 805; x_wconf 89' lang='lat' dir='ltr'><strong>arrogentur.</strong></span> <span class='ocrx_word' id='word_1_128' title='bbox 761 753 925 792; x_wconf 88' lang='lat' dir='ltr'><strong>dicimus</strong></span> <span class='ocrx_word' id='word_1_129' title='bbox 952 752 1056 791; x_wconf 88' lang='lat' dir='ltr'><strong>enim</strong></span> <span class='ocrx_word' id='word_1_130' title='bbox 1079 751 1294 788; x_wconf 86' lang='lat' dir='ltr'><strong>naturalem</strong></span> <span class='ocrx_word' id='word_1_131' title='bbox 1308 749 1410 786; x_wconf 88' lang='lat' dir='ltr'><strong>hanc</strong></span> <span class='ocrx_word' id='word_1_132' title='bbox 1424 747 1683 798; x_wconf 89' lang='lat' dir='ltr'><strong>Theologiam</strong></span> <span class='ocrx_word' id='word_1_133' title='bbox 1699 754 1778 798; x_wconf 77' lang='lat' dir='ltr'><strong>per</strong></span> <span class='ocrx_word' id='word_1_134' title='bbox 1804 750 1965 798; x_wconf 75' lang='lat' dir='ltr'><strong>seipsam</strong></span> <span class='ocrx_word' id='word_1_135' title='bbox 1991 761 2037 786; x_wconf 76' lang='lat' dir='ltr'><strong>ne</strong></span> <span class='ocrx_word' id='word_1_136' title='bbox 2058 754 2146 797; x_wconf 77' lang='lat' dir='ltr'><strong>per-</strong></span> 
     </span>
     <span class='ocr_line' id='line_1_14' title="bbox 212 801 2146 865; baseline -0.008 -13"><span class='ocrx_word' id='word_1_137' title='bbox 212 815 393 865; x_wconf 73' lang='lat' dir='ltr'><strong>fectionis</strong></span> <span class='ocrx_word' id='word_1_138' title='bbox 419 811 564 860; x_wconf 75' lang='lat' dir='ltr'><strong>quidem</strong></span> <span class='ocrx_word' id='word_1_139' title='bbox 594 809 667 845; x_wconf 67' lang='lat' dir='ltr'><strong>sibi</strong></span> <span class='ocrx_word' id='word_1_140' title='bbox 690 808 987 857; x_wconf 64' lang='lat' dir='ltr'><strong>superaffluentis</strong></span> <span class='ocrx_word' id='word_1_141' title='bbox 1002 807 1026 842; x_wconf 76' lang='grc' dir='ltr'><em>ὰ</em></span> <span class='ocrx_word' id='word_1_142' title='bbox 1036 804 1196 853; x_wconf 77' lang='lat' dir='ltr'><strong>gratia,</strong></span> <span class='ocrx_word' id='word_1_143' title='bbox 1224 808 1397 851; x_wconf 72' lang='lat' dir='ltr'><strong>capacem</strong></span> <span class='ocrx_word' id='word_1_144' title='bbox 1414 813 1514 839; x_wconf 85' lang='lat' dir='ltr'><strong>esse:</strong></span> <span class='ocrx_word' id='word_1_145' title='bbox 1542 801 1590 838; x_wconf 90' lang='lat' dir='ltr'><strong>Id</strong></span> <span class='ocrx_word' id='word_1_146' title='bbox 1606 807 1685 851; x_wconf 86' lang='lat' dir='ltr'><strong>est,</strong></span> <span class='ocrx_word' id='word_1_147' title='bbox 1712 802 1858 839; x_wconf 90' lang='lat' dir='ltr'><strong>nullam</strong></span> <span class='ocrx_word' id='word_1_148' title='bbox 1872 814 1940 851; x_wconf 88' lang='lat' dir='ltr'><strong>per</strong></span> <span class='ocrx_word' id='word_1_149' title='bbox 1955 813 1995 839; x_wconf 88' lang='lat' dir='ltr'><strong>se</strong></span> <span class='ocrx_word' id='word_1_150' title='bbox 2009 806 2146 838; x_wconf 89' lang='lat' dir='ltr'><strong>natura</strong></span> 
     </span>
     <span class='ocr_line' id='line_1_15' title="bbox 222 852 2146 910; baseline -0.007 -6"><span class='ocrx_word' id='word_1_151' title='bbox 222 875 287 905; x_wconf 85' lang='lat' dir='ltr'><strong>aut</strong></span> <span class='ocrx_word' id='word_1_152' title='bbox 313 865 451 904; x_wconf 85' lang='lat' dir='ltr'><strong>virtute</strong></span> <span class='ocrx_word' id='word_1_153' title='bbox 479 874 547 900; x_wconf 90' lang='lat' dir='ltr'><strong>sua</strong></span> <span class='ocrx_word' id='word_1_154' title='bbox 573 860 839 910; x_wconf 85' lang='lat' dir='ltr'><strong>affectionem,</strong></span> <span class='ocrx_word' id='word_1_155' title='bbox 868 866 933 897; x_wconf 88' lang='lat' dir='ltr'><strong>aut</strong></span> <span class='ocrx_word' id='word_1_156' title='bbox 960 857 1188 897; x_wconf 83' lang='lat' dir='ltr'><strong>relationem</strong></span> <span class='ocrx_word' id='word_1_157' title='bbox 1217 854 1457 904; x_wconf 85' lang='lat' dir='ltr'><strong>ordinatam,</strong></span> <span class='ocrx_word' id='word_1_158' title='bbox 1485 859 1551 891; x_wconf 88' lang='lat' dir='ltr'><strong>aut</strong></span> <span class='ocrx_word' id='word_1_159' title='bbox 1580 852 1876 903; x_wconf 88' lang='lat' dir='ltr'><strong>dispositionem</strong></span> <span class='ocrx_word' id='word_1_160' title='bbox 1904 856 1960 902; x_wconf 90' lang='lat' dir='ltr'><strong>(vt</strong></span> <span class='ocrx_word' id='word_1_161' title='bbox 1986 855 2146 900; x_wconf 87' lang='lat' dir='ltr'><strong>vocant)</strong></span> 
     </span>
     <span class='ocr_line' id='line_1_16' title="bbox 222 905 2148 967; baseline -0.007 -9"><span class='ocrx_word' id='word_1_162' title='bbox 222 921 383 967; x_wconf 81' lang='lat' dir='ltr'><strong>habere,</strong></span> <span class='ocrx_word' id='word_1_163' title='bbox 414 928 492 966; x_wconf 87' lang='lat' dir='ltr'><strong>qua</strong></span> <span class='ocrx_word' id='word_1_164' title='bbox 519 913 702 963; x_wconf 87' lang='lat' dir='ltr'><strong>suscipiat</strong></span> <span class='ocrx_word' id='word_1_165' title='bbox 726 913 831 951; x_wconf 88' lang='lat' dir='ltr'><strong>illam</strong></span> <span class='ocrx_word' id='word_1_166' title='bbox 858 910 1158 962; x_wconf 62' lang='lat' dir='ltr'><strong>perfectionem„</strong></span> <span class='ocrx_word' id='word_1_167' title='bbox 1187 919 1287 957; x_wconf 88' lang='lat' dir='ltr'><strong>quae</strong></span> <span class='ocrx_word' id='word_1_168' title='bbox 1315 905 1606 956; x_wconf 86' lang='lat' dir='ltr'><strong>superfunditur</strong></span> <span class='ocrx_word' id='word_1_169' title='bbox 1633 906 1795 945; x_wconf 89' lang='lat' dir='ltr'><strong>coelesti</strong></span> <span class='ocrx_word' id='word_1_170' title='bbox 1817 906 1951 955; x_wconf 69' lang='lat' dir='ltr'><strong>gratia.</strong></span> <span class='ocrx_word' id='word_1_171' title='bbox 1979 905 2148 944; x_wconf 90' lang='lat' dir='ltr'><strong>Proinde</strong></span> 
     </span>
     <span class='ocr_line' id='line_1_17' title="bbox 224 958 2148 1021; baseline -0.008 -11"><span class='ocrx_word' id='word_1_172' title='bbox 224 980 264 1012; x_wconf 92' lang='lat' dir='ltr'><strong>vt</strong></span> <span class='ocrx_word' id='word_1_173' title='bbox 304 970 458 1021; x_wconf 87' lang='lat' dir='ltr'><strong>quiduis</strong></span> <span class='ocrx_word' id='word_1_174' title='bbox 498 967 538 1006; x_wconf 94' lang='lat' dir='ltr'><strong>in</strong></span> <span class='ocrx_word' id='word_1_175' title='bbox 577 973 714 1005; x_wconf 89' lang='lat' dir='ltr'><strong>natura</strong></span> <span class='ocrx_word' id='word_1_176' title='bbox 753 967 788 1003; x_wconf 70' lang='grc' dir='ltr'><strong>δι</strong></span> <span class='ocrx_word' id='word_1_177' title='bbox 828 967 851 1003; x_wconf 80' lang='lat' dir='ltr'><strong>a</strong></span> <span class='ocrx_word' id='word_1_178' title='bbox 893 971 1029 1003; x_wconf 88' lang='lat' dir='ltr'><strong>natura</strong></span> <span class='ocrx_word' id='word_1_179' title='bbox 1061 960 1244 1011; x_wconf 87' lang='lat' dir='ltr'><strong>suscipiat</strong></span> <span class='ocrx_word' id='word_1_180' title='bbox 1279 959 1495 999; x_wconf 81' lang='lat' dir='ltr'><strong>secundum</strong></span> <span class='ocrx_word' id='word_1_181' title='bbox 1523 970 1644 1009; x_wconf 87' lang='lat' dir='ltr'><strong>genus</strong></span> <span class='ocrx_word' id='word_1_182' title='bbox 1672 958 1767 997; x_wconf 91' lang='lat' dir='ltr'><strong>illud</strong></span> <span class='ocrx_word' id='word_1_183' title='bbox 1794 959 2010 1009; x_wconf 87' lang='lat' dir='ltr'><strong>potentiae,</strong></span> <span class='ocrx_word' id='word_1_184' title='bbox 2039 959 2148 1008; x_wconf 90' lang='lat' dir='ltr'><strong>quod</strong></span> 
     </span>
     <span class='ocr_line' id='line_1_18' title="bbox 223 1011 2149 1076; baseline -0.008 -13"><span class='ocrx_word' id='word_1_185' title='bbox 223 1024 420 1076; x_wconf 89' lang='lat' dir='ltr'><strong>passiuum</strong></span> <span class='ocrx_word' id='word_1_186' title='bbox 460 1027 621 1070; x_wconf 83' lang='lat' dir='ltr'><strong>vocant,</strong></span> <span class='ocrx_word' id='word_1_187' title='bbox 650 1033 697 1058; x_wconf 82' lang='lat' dir='ltr'><strong>ex</strong></span> <span class='ocrx_word' id='word_1_188' title='bbox 723 1018 923 1057; x_wconf 89' lang='lat' dir='ltr'><strong>habilitate</strong></span> <span class='ocrx_word' id='word_1_189' title='bbox 950 1019 985 1055; x_wconf 86' lang='lat'>&amp;</span> <span class='ocrx_word' id='word_1_190' title='bbox 1014 1013 1269 1066; x_wconf 86' lang='lat' dir='ltr'><strong>dispositione</strong></span> <span class='ocrx_word' id='word_1_191' title='bbox 1294 1019 1454 1051; x_wconf 90' lang='lat' dir='ltr'><strong>naturae</strong></span> <span class='ocrx_word' id='word_1_192' title='bbox 1482 1019 1656 1050; x_wconf 87' lang='lat' dir='ltr'><strong>nostrae:</strong></span> <span class='ocrx_word' id='word_1_193' title='bbox 1687 1019 1818 1050; x_wconf 88' lang='lat' dir='ltr'><strong>tamen</strong></span> <span class='ocrx_word' id='word_1_194' title='bbox 1845 1011 1877 1050; x_wconf 93' lang='lat' dir='ltr'><strong>si</strong></span> <span class='ocrx_word' id='word_1_195' title='bbox 1903 1013 1955 1050; x_wconf 84' lang='lat' dir='ltr'><strong>ad</strong></span> <span class='ocrx_word' id='word_1_196' title='bbox 1981 1013 2149 1049; x_wconf 89' lang='lat' dir='ltr'><strong>fructum</strong></span> 
     </span>
     <span class='ocr_line' id='line_1_19' title="bbox 223 1064 2150 1128; baseline -0.008 -12"><span class='ocrx_word' id='word_1_197' title='bbox 223 1076 591 1128; x_wconf 87' lang='lat' dir='ltr'><strong>perceptionemque</strong></span> <span class='ocrx_word' id='word_1_198' title='bbox 618 1071 829 1122; x_wconf 83' lang='lat' dir='ltr'><strong>respexeris</strong></span> <span class='ocrx_word' id='word_1_199' title='bbox 858 1069 1086 1109; x_wconf 88' lang='lat' dir='ltr'><strong>coelestium</strong></span> <span class='ocrx_word' id='word_1_200' title='bbox 1113 1067 1268 1106; x_wconf 86' lang='lat' dir='ltr'><strong>illorum</strong></span> <span class='ocrx_word' id='word_1_201' title='bbox 1296 1064 1630 1116; x_wconf 86' lang='lat' dir='ltr'><strong>spiritualiumque</strong></span> <span class='ocrx_word' id='word_1_202' title='bbox 1658 1065 1875 1115; x_wconf 88' lang='lat' dir='ltr'><strong>donorum,</strong></span> <span class='ocrx_word' id='word_1_203' title='bbox 1909 1076 2008 1114; x_wconf 89' lang='lat' dir='ltr'><strong>quae</strong></span> <span class='ocrx_word' id='word_1_204' title='bbox 2041 1065 2150 1102; x_wconf 89' lang='lat' dir='ltr'><strong>Deus</strong></span> 
     </span>
     <span class='ocr_line' id='line_1_20' title="bbox 222 1115 2147 1176; baseline -0.008 -7"><span class='ocrx_word' id='word_1_205' title='bbox 222 1129 457 1170; x_wconf 89' lang='lat' dir='ltr'><strong>reuelatione</strong></span> <span class='ocrx_word' id='word_1_206' title='bbox 490 1125 672 1176; x_wconf 84' lang='lat' dir='ltr'><strong>singulari</strong></span> <span class='ocrx_word' id='word_1_207' title='bbox 700 1137 789 1163; x_wconf 92' lang='lat' dir='ltr'><strong>cum</strong></span> <span class='ocrx_word' id='word_1_208' title='bbox 817 1123 1041 1163; x_wconf 89' lang='lat' dir='ltr'><strong>hominibus</strong></span> <span class='ocrx_word' id='word_1_209' title='bbox 1071 1119 1355 1169; x_wconf 76' lang='lat' dir='ltr'><strong>communicat,</strong></span> <span class='ocrx_word' id='word_1_210' title='bbox 1383 1118 1474 1156; x_wconf 87' lang='lat' dir='ltr'><strong>huic</strong></span> <span class='ocrx_word' id='word_1_211' title='bbox 1502 1117 1744 1167; x_wconf 87' lang='lat' dir='ltr'><strong>Theologiae</strong></span> <span class='ocrx_word' id='word_1_212' title='bbox 1773 1118 1879 1155; x_wconf 90' lang='lat' dir='ltr'><strong>nulla</strong></span> <span class='ocrx_word' id='word_1_213' title='bbox 1901 1124 1957 1156; x_wconf 89' lang='lat' dir='ltr'><strong>est</strong></span> <span class='ocrx_word' id='word_1_214' title='bbox 1971 1115 2147 1167; x_wconf 89' lang='lat' dir='ltr'><strong>potentia</strong></span> 
     </span>
     <span class='ocr_line' id='line_1_21' title="bbox 222 1169 2151 1234; baseline -0.008 -12"><span class='ocrx_word' id='word_1_215' title='bbox 222 1183 374 1234; x_wconf 89' lang='lat' dir='ltr'><strong>passiua</strong></span> <span class='ocrx_word' id='word_1_216' title='bbox 413 1195 483 1232; x_wconf 90' lang='lat' dir='ltr'><strong>per</strong></span> <span class='ocrx_word' id='word_1_217' title='bbox 522 1192 579 1228; x_wconf 87' lang='lat' dir='ltr'><strong>se,</strong></span> <span class='ocrx_word' id='word_1_218' title='bbox 621 1179 727 1216; x_wconf 85' lang='lat' dir='ltr'><strong>nulla</strong></span> <span class='ocrx_word' id='word_1_219' title='bbox 767 1176 1002 1226; x_wconf 86' lang='lat' dir='ltr'><strong>susceptiua,</strong></span> <span class='ocrx_word' id='word_1_220' title='bbox 1044 1175 1149 1212; x_wconf 89' lang='lat' dir='ltr'><strong>nulla</strong></span> <span class='ocrx_word' id='word_1_221' title='bbox 1190 1171 1462 1211; x_wconf 88' lang='lat' dir='ltr'><strong>obedientialis</strong></span> <span class='ocrx_word' id='word_1_222' title='bbox 1504 1173 1561 1219; x_wconf 93' lang='lat' dir='ltr'><strong>(vt</strong></span> <span class='ocrx_word' id='word_1_223' title='bbox 1602 1177 1746 1209; x_wconf 89' lang='lat' dir='ltr'><strong>vocant</strong></span> <span class='ocrx_word' id='word_1_224' title='bbox 1773 1169 2018 1218; x_wconf 90' lang='lat' dir='ltr'><strong>Scholastici)</strong></span> <span class='ocrx_word' id='word_1_225' title='bbox 2045 1170 2151 1207; x_wconf 89' lang='lat' dir='ltr'><strong>nulla</strong></span> 
     </span>
     <span class='ocr_line' id='line_1_22' title="bbox 223 1222 2149 1285; baseline -0.009 -9"><span class='ocrx_word' id='word_1_226' title='bbox 223 1236 391 1285; x_wconf 89' lang='lat' dir='ltr'><strong>denique</strong></span> <span class='ocrx_word' id='word_1_227' title='bbox 433 1231 656 1283; x_wconf 84' lang='lat' dir='ltr'><strong>dispositio,</strong></span> <span class='ocrx_word' id='word_1_228' title='bbox 698 1242 775 1279; x_wconf 91' lang='lat' dir='ltr'><strong>qua</strong></span> <span class='ocrx_word' id='word_1_229' title='bbox 808 1229 991 1268; x_wconf 91' lang='lat' dir='ltr'><strong>naturalis</strong></span> <span class='ocrx_word' id='word_1_230' title='bbox 1019 1225 1239 1276; x_wconf 88' lang='lat' dir='ltr'><strong>Theologia</strong></span> <span class='ocrx_word' id='word_1_231' title='bbox 1267 1223 1547 1275; x_wconf 86' lang='lat' dir='ltr'><strong>supernaturali</strong></span> <span class='ocrx_word' id='word_1_232' title='bbox 1575 1223 1852 1262; x_wconf 87' lang='lat' dir='ltr'><strong>communicet.</strong></span> <span class='ocrx_word' id='word_1_233' title='bbox 1892 1225 1963 1262; x_wconf 90' lang='lat' dir='ltr'><strong>Est</strong></span> <span class='ocrx_word' id='word_1_234' title='bbox 1990 1222 2149 1272; x_wconf 91' lang='lat' dir='ltr'><strong>quidem</strong></span> 
     </span>
     <span class='ocr_line' id='line_1_23' title="bbox 224 1274 2152 1334; baseline -0.008 -6"><span class='ocrx_word' id='word_1_235' title='bbox 224 1300 432 1329; x_wconf 88' lang='lat' dir='ltr'><strong>commune</strong></span> <span class='ocrx_word' id='word_1_236' title='bbox 476 1285 628 1334; x_wconf 90' lang='lat' dir='ltr'><strong>vtrique</strong></span> <span class='ocrx_word' id='word_1_237' title='bbox 657 1283 893 1330; x_wconf 84' lang='lat' dir='ltr'><strong>subiectum,</strong></span> <span class='ocrx_word' id='word_1_238' title='bbox 922 1281 1025 1320; x_wconf 87' lang='lat' dir='ltr'><strong>circa</strong></span> <span class='ocrx_word' id='word_1_239' title='bbox 1055 1279 1163 1330; x_wconf 91' lang='lat' dir='ltr'><strong>quod</strong></span> <span class='ocrx_word' id='word_1_240' title='bbox 1189 1285 1379 1317; x_wconf 88' lang='lat' dir='ltr'><strong>versatur:</strong></span> <span class='ocrx_word' id='word_1_241' title='bbox 1409 1279 1488 1316; x_wconf 88' lang='lat' dir='ltr'><strong>Sed</strong></span> <span class='ocrx_word' id='word_1_242' title='bbox 1514 1283 1677 1326; x_wconf 85' lang='lat' dir='ltr'><strong>vtraque</strong></span> <span class='ocrx_word' id='word_1_243' title='bbox 1704 1277 1802 1314; x_wconf 91' lang='lat' dir='ltr'><strong>haec</strong></span> <span class='ocrx_word' id='word_1_244' title='bbox 1830 1275 2025 1325; x_wconf 88' lang='lat' dir='ltr'><strong>Sapientia</strong></span> <span class='ocrx_word' id='word_1_245' title='bbox 2052 1274 2152 1313; x_wconf 88' lang='lat' dir='ltr'><strong>inter</strong></span> 
     </span>
     <span class='ocr_line' id='line_1_24' title="bbox 225 1327 2151 1388; baseline -0.008 -8"><span class='ocrx_word' id='word_1_246' title='bbox 225 1356 265 1381; x_wconf 88' lang='lat' dir='ltr'><strong>se</strong></span> <span class='ocrx_word' id='word_1_247' title='bbox 294 1342 473 1380; x_wconf 86' lang='lat' dir='ltr'><strong>differunt</strong></span> <span class='ocrx_word' id='word_1_248' title='bbox 500 1341 556 1388; x_wconf 90' lang='lat' dir='ltr'><strong>(vt</strong></span> <span class='ocrx_word' id='word_1_249' title='bbox 584 1337 636 1375; x_wconf 86' lang='lat' dir='ltr'><strong>ita</strong></span> <span class='ocrx_word' id='word_1_250' title='bbox 663 1337 886 1385; x_wconf 86' lang='lat' dir='ltr'><strong>loquamur)</strong></span> <span class='ocrx_word' id='word_1_251' title='bbox 913 1333 1102 1373; x_wconf 90' lang='lat' dir='ltr'><strong>totalitate</strong></span> <span class='ocrx_word' id='word_1_252' title='bbox 1131 1338 1290 1370; x_wconf 85' lang='lat' dir='ltr'><strong>naturae</strong></span> <span class='ocrx_word' id='word_1_253' title='bbox 1318 1343 1421 1369; x_wconf 89' lang='lat' dir='ltr'><strong>suae.</strong></span> <span class='ocrx_word' id='word_1_254' title='bbox 1449 1331 1586 1379; x_wconf 89' lang='lat' dir='ltr'><strong>Neque</strong></span> <span class='ocrx_word' id='word_1_255' title='bbox 1615 1329 1718 1368; x_wconf 92' lang='lat' dir='ltr'><strong>enim</strong></span> <span class='ocrx_word' id='word_1_256' title='bbox 1747 1328 1927 1367; x_wconf 87' lang='lat' dir='ltr'><strong>scientias</strong></span> <span class='ocrx_word' id='word_1_257' title='bbox 1955 1327 2046 1366; x_wconf 87' lang='lat' dir='ltr'><strong>facit</strong></span> <span class='ocrx_word' id='word_1_258' title='bbox 2060 1340 2151 1366; x_wconf 91' lang='lat' dir='ltr'><strong>con-</strong></span> 
     </span>
     <span class='ocr_line' id='line_1_25' title="bbox 225 1381 2151 1446; baseline -0.008 -12"><span class='ocrx_word' id='word_1_259' title='bbox 225 1407 384 1446; x_wconf 85' lang='lat' dir='ltr'><strong>generes</strong></span> <span class='ocrx_word' id='word_1_260' title='bbox 421 1390 584 1432; x_wconf 88' lang='lat' dir='ltr'><strong>subiecti</strong></span> <span class='ocrx_word' id='word_1_261' title='bbox 611 1389 785 1428; x_wconf 90' lang='lat' dir='ltr'><strong>eiusdem</strong></span> <span class='ocrx_word' id='word_1_262' title='bbox 814 1385 1136 1436; x_wconf 90' lang='lat' dir='ltr'><strong>communicatio,</strong></span> <span class='ocrx_word' id='word_1_263' title='bbox 1165 1385 1234 1423; x_wconf 89' lang='lat' dir='ltr'><strong>sed</strong></span> <span class='ocrx_word' id='word_1_264' title='bbox 1260 1384 1402 1422; x_wconf 90' lang='lat' dir='ltr'><strong>modus</strong></span> <span class='ocrx_word' id='word_1_265' title='bbox 1429 1382 1624 1432; x_wconf 88' lang='lat' dir='ltr'><strong>ipsarum:</strong></span> <span class='ocrx_word' id='word_1_266' title='bbox 1655 1382 1990 1431; x_wconf 90' lang='lat' dir='ltr'><strong>quemadmodum</strong></span> <span class='ocrx_word' id='word_1_267' title='bbox 2017 1381 2057 1419; x_wconf 92' lang='lat' dir='ltr'><strong>in</strong></span> <span class='ocrx_word' id='word_1_268' title='bbox 2083 1391 2151 1418; x_wconf 91' lang='lat' dir='ltr'><strong>nu-</strong></span> 
     </span>
     <span class='ocr_line' id='line_1_26' title="bbox 225 1433 2151 1492; baseline -0.009 -5"><span class='ocrx_word' id='word_1_269' title='bbox 225 1448 335 1487; x_wconf 87' lang='lat' dir='ltr'><strong>meris</strong></span> <span class='ocrx_word' id='word_1_270' title='bbox 358 1445 616 1486; x_wconf 86' lang='lat' dir='ltr'><strong>communiter</strong></span> <span class='ocrx_word' id='word_1_271' title='bbox 641 1448 882 1492; x_wconf 86' lang='lat' dir='ltr'><strong>occupantur</strong></span> <span class='ocrx_word' id='word_1_272' title='bbox 903 1440 1077 1479; x_wconf 91' lang='lat' dir='ltr'><strong>Musicus</strong></span> <span class='ocrx_word' id='word_1_273' title='bbox 1102 1441 1137 1477; x_wconf 83' lang='lat'>&amp;</span> <span class='ocrx_word' id='word_1_274' title='bbox 1160 1436 1456 1485; x_wconf 90' lang='lat' dir='ltr'><strong>Arithmeticus,</strong></span> <span class='ocrx_word' id='word_1_275' title='bbox 1485 1435 1555 1473; x_wconf 91' lang='lat' dir='ltr'><strong>sed</strong></span> <span class='ocrx_word' id='word_1_276' title='bbox 1577 1434 1817 1473; x_wconf 87' lang='lat' dir='ltr'><strong>tractationis</strong></span> <span class='ocrx_word' id='word_1_277' title='bbox 1837 1436 1948 1483; x_wconf 89' lang='lat' dir='ltr'><strong>mo(f.</strong></span> <span class='ocrx_word' id='word_1_278' title='bbox 1967 1433 2151 1484; x_wconf 84' lang='lat' dir='ltr'><strong>1396.)do</strong></span> 
     </span>
     <span class='ocr_line' id='line_1_27' title="bbox 225 1487 2151 1540; baseline -0.008 -1"><span class='ocrx_word' id='word_1_279' title='bbox 225 1502 323 1540; x_wconf 91' lang='lat' dir='ltr'><strong>inter</strong></span> <span class='ocrx_word' id='word_1_280' title='bbox 363 1514 403 1539; x_wconf 90' lang='lat' dir='ltr'><strong>se</strong></span> <span class='ocrx_word' id='word_1_281' title='bbox 444 1498 637 1537; x_wconf 87' lang='lat' dir='ltr'><strong>differunt.</strong></span> <span class='ocrx_word' id='word_1_282' title='bbox 678 1496 974 1533; x_wconf 88' lang='lat' dir='ltr'><strong>Demonstratur</strong></span> <span class='ocrx_word' id='word_1_283' title='bbox 1011 1491 1113 1531; x_wconf 90' lang='lat' dir='ltr'><strong>istud</strong></span> <span class='ocrx_word' id='word_1_284' title='bbox 1149 1491 1210 1529; x_wconf 90' lang='lat' dir='ltr'><strong>vel</strong></span> <span class='ocrx_word' id='word_1_285' title='bbox 1243 1502 1322 1528; x_wconf 82' lang='lat' dir='ltr'><strong>vno</strong></span> <span class='ocrx_word' id='word_1_286' title='bbox 1351 1487 1652 1538; x_wconf 88' lang='lat' dir='ltr'><strong>comparationis</strong></span> <span class='ocrx_word' id='word_1_287' title='bbox 1680 1487 1778 1525; x_wconf 89' lang='lat' dir='ltr'><strong>inter</strong></span> <span class='ocrx_word' id='word_1_288' title='bbox 1805 1488 1902 1525; x_wconf 87' lang='lat' dir='ltr'><strong>haec</strong></span> <span class='ocrx_word' id='word_1_289' title='bbox 1928 1487 2012 1537; x_wconf 88' lang='lat' dir='ltr'><strong>ipsa</strong></span> <span class='ocrx_word' id='word_1_290' title='bbox 2039 1497 2151 1535; x_wconf 88' lang='lat' dir='ltr'><strong>argu-</strong></span> 
     </span>
     <span class='ocr_line' id='line_1_28' title="bbox 226 1538 2153 1593; baseline -0.009 -1"><span class='ocrx_word' id='word_1_291' title='bbox 226 1560 376 1592; x_wconf 86' lang='lat' dir='ltr'><strong>mento:</strong></span> <span class='ocrx_word' id='word_1_292' title='bbox 419 1554 565 1590; x_wconf 90' lang='lat' dir='ltr'><strong>Natura</strong></span> <span class='ocrx_word' id='word_1_293' title='bbox 605 1548 710 1587; x_wconf 89' lang='lat' dir='ltr'><strong>enim</strong></span> <span class='ocrx_word' id='word_1_294' title='bbox 746 1560 827 1586; x_wconf 91' lang='lat' dir='ltr'><strong>non</strong></span> <span class='ocrx_word' id='word_1_295' title='bbox 867 1546 940 1585; x_wconf 91' lang='lat' dir='ltr'><strong>nisi</strong></span> <span class='ocrx_word' id='word_1_296' title='bbox 978 1559 1025 1584; x_wconf 88' lang='lat' dir='ltr'><strong>ex</strong></span> <span class='ocrx_word' id='word_1_297' title='bbox 1060 1543 1221 1582; x_wconf 89' lang='lat' dir='ltr'><strong>materia</strong></span> <span class='ocrx_word' id='word_1_298' title='bbox 1247 1542 1353 1593; x_wconf 87' lang='lat' dir='ltr'><strong>prius</strong></span> <span class='ocrx_word' id='word_1_299' title='bbox 1382 1542 1568 1580; x_wconf 89' lang='lat' dir='ltr'><strong>existente</strong></span> <span class='ocrx_word' id='word_1_300' title='bbox 1596 1539 1892 1589; x_wconf 87' lang='lat' dir='ltr'><strong>dispositionem</strong></span> <span class='ocrx_word' id='word_1_301' title='bbox 1920 1539 2045 1589; x_wconf 89' lang='lat' dir='ltr'><strong>elicit,</strong></span> <span class='ocrx_word' id='word_1_302' title='bbox 2073 1538 2153 1588; x_wconf 90' lang='lat' dir='ltr'><strong>Spi—</strong></span> 
     </span>
     <span class='ocr_line' id='line_1_29' title="bbox 225 1593 2153 1647; baseline -0.009 -2"><span class='ocrx_word' id='word_1_303' title='bbox 225 1607 319 1645; x_wconf 91' lang='lat' dir='ltr'><strong>ritus</strong></span> <span class='ocrx_word' id='word_1_304' title='bbox 346 1612 474 1644; x_wconf 88' lang='lat' dir='ltr'><strong>autem</strong></span> <span class='ocrx_word' id='word_1_305' title='bbox 500 1603 576 1642; x_wconf 90' lang='lat' dir='ltr'><strong>Dei</strong></span> <span class='ocrx_word' id='word_1_306' title='bbox 602 1600 733 1641; x_wconf 83' lang='lat' dir='ltr'><strong>onmia</strong></span> <span class='ocrx_word' id='word_1_307' title='bbox 759 1600 799 1638; x_wconf 94' lang='lat' dir='ltr'><strong>in</strong></span> <span class='ocrx_word' id='word_1_308' title='bbox 828 1599 1011 1639; x_wconf 89' lang='lat' dir='ltr'><strong>omnibus</strong></span> <span class='ocrx_word' id='word_1_309' title='bbox 1039 1603 1234 1647; x_wconf 85' lang='lat' dir='ltr'><strong>operatur.</strong></span> <span class='ocrx_word' id='word_1_310' title='bbox 1273 1597 1410 1644; x_wconf 85' lang='lat' dir='ltr'><strong>Itaque·</strong></span> <span class='ocrx_word' id='word_1_311' title='bbox 1424 1594 1474 1633; x_wconf 89' lang='lat' dir='ltr'><strong>ad</strong></span> <span class='ocrx_word' id='word_1_312' title='bbox 1491 1593 1750 1643; x_wconf 88' lang='lat' dir='ltr'><strong>Theologiam</strong></span> <span class='ocrx_word' id='word_1_313' title='bbox 1765 1593 2000 1643; x_wconf 74' lang='lat' dir='ltr'><strong>naturalem,</strong></span> <span class='ocrx_word' id='word_1_314' title='bbox 2016 1598 2153 1630; x_wconf 90' lang='lat' dir='ltr'><strong>natura</strong></span> 
     </span>
     <span class='ocr_line' id='line_1_30' title="bbox 226 1643 2154 1702; baseline -0.009 -4"><span class='ocrx_word' id='word_1_315' title='bbox 226 1662 261 1698; x_wconf 83' lang='lat'>&amp;</span> <span class='ocrx_word' id='word_1_316' title='bbox 301 1659 538 1698; x_wconf 87' lang='lat' dir='ltr'><strong>intellectum</strong></span> <span class='ocrx_word' id='word_1_317' title='bbox 578 1654 758 1701; x_wconf 91' lang='lat' dir='ltr'><strong>adhibet,</strong></span> <span class='ocrx_word' id='word_1_318' title='bbox 800 1654 836 1691; x_wconf 67' lang='grc' dir='ltr'><strong>δι,</strong></span> <span class='ocrx_word' id='word_1_319' title='bbox 864 1651 1145 1702; x_wconf 88' lang='lat' dir='ltr'><strong>principiorum</strong></span> <span class='ocrx_word' id='word_1_320' title='bbox 1173 1647 1320 1688; x_wconf 86' lang='lat' dir='ltr'><strong>semina</strong></span> <span class='ocrx_word' id='word_1_321' title='bbox 1346 1649 1397 1686; x_wconf 85' lang='lat' dir='ltr'><strong>ad</strong></span> <span class='ocrx_word' id='word_1_322' title='bbox 1424 1646 1721 1696; x_wconf 89' lang='lat' dir='ltr'><strong>dispositionem</strong></span> <span class='ocrx_word' id='word_1_323' title='bbox 1749 1645 1847 1684; x_wconf 91' lang='lat' dir='ltr'><strong>illius</strong></span> <span class='ocrx_word' id='word_1_324' title='bbox 1874 1651 2059 1695; x_wconf 88' lang='lat' dir='ltr'><strong>occupat:</strong></span> <span class='ocrx_word' id='word_1_325' title='bbox 2089 1643 2154 1681; x_wconf 79' lang='lat' dir='ltr'><strong>Ad</strong></span> 
     </span>
     <span class='ocr_line' id='line_1_31' title="bbox 225 1695 2156 1760; baseline -0.009 -9"><span class='ocrx_word' id='word_1_326' title='bbox 225 1713 329 1751; x_wconf 87' lang='lat' dir='ltr'><strong>illam</strong></span> <span class='ocrx_word' id='word_1_327' title='bbox 357 1715 450 1751; x_wconf 83' lang='lat' dir='ltr'><strong>vero</strong></span> <span class='ocrx_word' id='word_1_328' title='bbox 480 1708 830 1760; x_wconf 71' lang='lat' dir='ltr'><strong>supernaturalem,</strong></span> <span class='ocrx_word' id='word_1_329' title='bbox 859 1705 1020 1756; x_wconf 87' lang='lat' dir='ltr'><strong>Spiritus</strong></span> <span class='ocrx_word' id='word_1_330' title='bbox 1049 1703 1124 1742; x_wconf 92' lang='lat' dir='ltr'><strong>Dei</strong></span> <span class='ocrx_word' id='word_1_331' title='bbox 1152 1714 1288 1741; x_wconf 91' lang='lat' dir='ltr'><strong>omnes</strong></span> <span class='ocrx_word' id='word_1_332' title='bbox 1316 1707 1443 1751; x_wconf 87' lang='lat' dir='ltr'><strong>partes</strong></span> <span class='ocrx_word' id='word_1_333' title='bbox 1471 1699 1544 1738; x_wconf 90' lang='lat' dir='ltr'><strong>sibi</strong></span> <span class='ocrx_word' id='word_1_334' title='bbox 1572 1699 1734 1738; x_wconf 91' lang='lat' dir='ltr'><strong>omnino</strong></span> <span class='ocrx_word' id='word_1_335' title='bbox 1763 1697 1953 1750; x_wconf 90' lang='lat' dir='ltr'><strong>vindicat,</strong></span> <span class='ocrx_word' id='word_1_336' title='bbox 1980 1705 2021 1737; x_wconf 92' lang='lat' dir='ltr'><strong>vt</strong></span> <span class='ocrx_word' id='word_1_337' title='bbox 2048 1695 2156 1735; x_wconf 91' lang='lat' dir='ltr'><strong>omni</strong></span> 
     </span>
    </p>
   </div>
   <div class='ocr_carea' id='block_1_3' title="bbox 227 1760 887 1817">
    <p class='ocr_par' dir='ltr' id='par_1_3' title="bbox 227 1760 887 1817">
     <span class='ocr_line' id='line_1_32' title="bbox 227 1760 887 1817; baseline -0.011 -13"><span class='ocrx_word' id='word_1_338' title='bbox 227 1765 307 1804; x_wconf 91' lang='lat' dir='ltr'><strong>iure</strong></span> <span class='ocrx_word' id='word_1_339' title='bbox 333 1761 630 1817; x_wconf 86' lang='lat' dir='ltr'><strong>supernaturalis</strong></span> <span class='ocrx_word' id='word_1_340' title='bbox 657 1760 887 1810; x_wconf 88' lang='lat' dir='ltr'><strong>appelletur.</strong></span> 
     </span>
    </p>
   </div>
   <div class='ocr_carea' id='block_1_4' title="bbox 1016 2003 1366 2042">
    <p class='ocr_par' dir='ltr' id='par_1_4' title="bbox 1016 2003 1366 2042">
     <span class='ocr_line' id='line_1_33' title="bbox 1016 2003 1366 2042; baseline -0.011 0"><span class='ocrx_word' id='word_1_341' title='bbox 1016 2003 1243 2042; x_wconf 90' lang='lat' dir='ltr'>CAPVT</span> <span class='ocrx_word' id='word_1_342' title='bbox 1283 2003 1366 2039; x_wconf 94' lang='lat' dir='ltr'><strong>XI.</strong></span> 
     </span>
    </p>
   </div>
   <div class='ocr_carea' id='block_1_5' title="bbox 870 2121 1513 2173">
    <p class='ocr_par' dir='ltr' id='par_1_5' title="bbox 870 2121 1513 2173">
     <span class='ocr_line' id='line_1_34' title="bbox 870 2121 1513 2173; baseline -0.008 -10"><span class='ocrx_word' id='word_1_343' title='bbox 870 2126 936 2163; x_wconf 84' lang='lat' dir='ltr'><strong>De</strong></span> <span class='ocrx_word' id='word_1_344' title='bbox 973 2124 1179 2172; x_wconf 67' lang='lat' dir='ltr'><em>Theologia</em></span> <span class='ocrx_word' id='word_1_345' title='bbox 1209 2121 1513 2173; x_wconf 71' lang='lat' dir='ltr'><strong>supernaturali.</strong></span> 
     </span>
    </p>
   </div>
   <div class='ocr_carea' id='block_1_6' title="bbox 227 2226 2162 2804">
    <p class='ocr_par' dir='ltr' id='par_1_6' title="bbox 227 2226 2162 2760">
     <span class='ocr_line' id='line_1_35' title="bbox 285 2226 2158 2283; baseline -0.005 -10"><span class='ocrx_word' id='word_1_346' title='bbox 285 2237 489 2273; x_wconf 75' lang='lat' dir='ltr'><strong>ExposlTA</strong></span> <span class='ocrx_word' id='word_1_347' title='bbox 535 2233 757 2272; x_wconf 86' lang='lat' dir='ltr'><strong>infirmitate</strong></span> <span class='ocrx_word' id='word_1_348' title='bbox 797 2235 909 2273; x_wconf 90' lang='lat' dir='ltr'><strong>huius</strong></span> <span class='ocrx_word' id='word_1_349' title='bbox 953 2241 1113 2273; x_wconf 85' lang='lat' dir='ltr'><strong>naturae</strong></span> <span class='ocrx_word' id='word_1_350' title='bbox 1147 2241 1324 2283; x_wconf 89' lang='lat' dir='ltr'><strong>nostrae,</strong></span> <span class='ocrx_word' id='word_1_351' title='bbox 1362 2245 1408 2270; x_wconf 88' lang='lat' dir='ltr'><strong>ex</strong></span> <span class='ocrx_word' id='word_1_352' title='bbox 1437 2242 1513 2280; x_wconf 87' lang='lat' dir='ltr'><strong>qua</strong></span> <span class='ocrx_word' id='word_1_353' title='bbox 1539 2228 1779 2278; x_wconf 87' lang='lat' dir='ltr'><strong>Theologiae</strong></span> <span class='ocrx_word' id='word_1_354' title='bbox 1806 2226 1990 2265; x_wconf 89' lang='lat' dir='ltr'><strong>naturalis</strong></span> <span class='ocrx_word' id='word_1_355' title='bbox 2017 2226 2158 2264; x_wconf 91' lang='lat' dir='ltr'><strong>modus</strong></span> 
     </span>
     <span class='ocr_line' id='line_1_36' title="bbox 232 2281 2157 2338; baseline -0.005 -12"><span class='ocrx_word' id='word_1_356' title='bbox 232 2291 338 2327; x_wconf 84' lang='lat' dir='ltr'><strong>certo</strong></span> <span class='ocrx_word' id='word_1_357' title='bbox 382 2286 619 2337; x_wconf 87' lang='lat' dir='ltr'><strong>deprehendi</strong></span> <span class='ocrx_word' id='word_1_358' title='bbox 656 2294 805 2338; x_wconf 80' lang='lat' dir='ltr'><strong>potest3</strong></span> <span class='ocrx_word' id='word_1_359' title='bbox 846 2289 962 2326; x_wconf 90' lang='lat' dir='ltr'><strong>Nunc</strong></span> <span class='ocrx_word' id='word_1_360' title='bbox 990 2288 1103 2327; x_wconf 90' lang='lat' dir='ltr'><strong>nobis</strong></span> <span class='ocrx_word' id='word_1_361' title='bbox 1130 2287 1344 2326; x_wconf 89' lang='lat' dir='ltr'><strong>videndum</strong></span> <span class='ocrx_word' id='word_1_362' title='bbox 1372 2290 1450 2335; x_wconf 89' lang='lat' dir='ltr'><strong>est,</strong></span> <span class='ocrx_word' id='word_1_363' title='bbox 1480 2282 1575 2333; x_wconf 91' lang='lat' dir='ltr'><strong>quid</strong></span> <span class='ocrx_word' id='word_1_364' title='bbox 1604 2281 1652 2321; x_wconf 93' lang='lat' dir='ltr'><strong>sit</strong></span> <span class='ocrx_word' id='word_1_365' title='bbox 1679 2281 1787 2330; x_wconf 93' lang='lat' dir='ltr'><strong>quod</strong></span> <span class='ocrx_word' id='word_1_366' title='bbox 1814 2286 1951 2317; x_wconf 89' lang='lat' dir='ltr'><strong>natura</strong></span> <span class='ocrx_word' id='word_1_367' title='bbox 1979 2285 2157 2329; x_wconf 86' lang='lat' dir='ltr'><strong>appetat,</strong></span> 
     </span>
     <span class='ocr_line' id='line_1_37' title="bbox 232 2331 2160 2392; baseline -0.006 -13"><span class='ocrx_word' id='word_1_368' title='bbox 232 2343 268 2379; x_wconf 68' lang='grc' dir='ltr'><strong>δε</strong></span> <span class='ocrx_word' id='word_1_369' title='bbox 296 2341 398 2379; x_wconf 88' lang='lat' dir='ltr'><strong>vnde</strong></span> <span class='ocrx_word' id='word_1_370' title='bbox 427 2341 569 2379; x_wconf 89' lang='lat' dir='ltr'><strong>modus</strong></span> <span class='ocrx_word' id='word_1_371' title='bbox 596 2341 860 2388; x_wconf 83' lang='lat' dir='ltr'><strong>assequendae</strong></span> <span class='ocrx_word' id='word_1_372' title='bbox 890 2341 944 2379; x_wconf 86' lang='lat' dir='ltr'><strong>rei</strong></span> <span class='ocrx_word' id='word_1_373' title='bbox 972 2341 1074 2392; x_wconf 85' lang='lat' dir='ltr'><strong>eius,</strong></span> <span class='ocrx_word' id='word_1_374' title='bbox 1104 2352 1220 2390; x_wconf 83' lang='lat' dir='ltr'><strong>quam</strong></span> <span class='ocrx_word' id='word_1_375' title='bbox 1249 2338 1412 2388; x_wconf 84' lang='lat' dir='ltr'><strong>appetit,</strong></span> <span class='ocrx_word' id='word_1_376' title='bbox 1441 2335 1564 2387; x_wconf 89' lang='lat' dir='ltr'><strong>possit</strong></span> <span class='ocrx_word' id='word_1_377' title='bbox 1577 2334 1816 2384; x_wconf 86' lang='lat' dir='ltr'><strong>contingere.</strong></span> <span class='ocrx_word' id='word_1_378' title='bbox 1843 2334 2032 2370; x_wconf 88' lang='lat' dir='ltr'><strong>Naturam</strong></span> <span class='ocrx_word' id='word_1_379' title='bbox 2046 2331 2160 2381; x_wconf 90' lang='lat' dir='ltr'><strong>igitur</strong></span> 
     </span>
     <span class='ocr_line' id='line_1_38' title="bbox 230 2384 2161 2453; baseline -0.006 -21"><span class='ocrx_word' id='word_1_380' title='bbox 230 2400 427 2453; x_wconf 78' lang='lat' dir='ltr'><strong>nostram,</strong></span> <span class='ocrx_word' id='word_1_381' title='bbox 470 2393 549 2432; x_wconf 90' lang='lat' dir='ltr'><strong>siue</strong></span> <span class='ocrx_word' id='word_1_382' title='bbox 593 2404 845 2431; x_wconf 89' lang='lat' dir='ltr'><strong>communem</strong></span> <span class='ocrx_word' id='word_1_383' title='bbox 886 2400 1059 2444; x_wconf 88' lang='lat' dir='ltr'><strong>spectes,</strong></span> <span class='ocrx_word' id='word_1_384' title='bbox 1096 2396 1174 2443; x_wconf 69' lang='lat' dir='ltr'><strong>quii</strong></span> <span class='ocrx_word' id='word_1_385' title='bbox 1209 2404 1346 2431; x_wconf 89' lang='lat' dir='ltr'><strong>omnes</strong></span> <span class='ocrx_word' id='word_1_386' title='bbox 1373 2391 1524 2429; x_wconf 88' lang='lat' dir='ltr'><strong>bonum</strong></span> <span class='ocrx_word' id='word_1_387' title='bbox 1552 2393 1743 2437; x_wconf 88' lang='lat' dir='ltr'><strong>appetunt</strong></span> <span class='ocrx_word' id='word_1_388' title='bbox 1771 2384 2049 2435; x_wconf 88' lang='lat' dir='ltr'><strong>communiter,</strong></span> <span class='ocrx_word' id='word_1_389' title='bbox 2079 2384 2161 2423; x_wconf 89' lang='lat' dir='ltr'><strong>siue</strong></span> 
     </span>
     <span class='ocr_line' id='line_1_39' title="bbox 229 2436 2159 2504; baseline -0.006 -19"><span class='ocrx_word' id='word_1_390' title='bbox 229 2453 345 2485; x_wconf 80' lang='lat' dir='ltr'><strong>etlam</strong></span> <span class='ocrx_word' id='word_1_391' title='bbox 377 2448 633 2504; x_wconf 76' lang='lat' dir='ltr'><strong>smgularem,</strong></span> <span class='ocrx_word' id='word_1_392' title='bbox 668 2456 745 2493; x_wconf 86' lang='lat' dir='ltr'><strong>qua</strong></span> <span class='ocrx_word' id='word_1_393' title='bbox 782 2445 920 2496; x_wconf 86' lang='lat' dir='ltr'><strong>singuli</strong></span> <span class='ocrx_word' id='word_1_394' title='bbox 946 2447 998 2485; x_wconf 88' lang='lat' dir='ltr'><strong>ad</strong></span> <span class='ocrx_word' id='word_1_395' title='bbox 1023 2447 1101 2485; x_wconf 91' lang='lat' dir='ltr'><strong>hoc</strong></span> <span class='ocrx_word' id='word_1_396' title='bbox 1128 2453 1193 2485; x_wconf 89' lang='lat' dir='ltr'><strong>aut</strong></span> <span class='ocrx_word' id='word_1_397' title='bbox 1220 2444 1316 2483; x_wconf 91' lang='lat' dir='ltr'><strong>illud</strong></span> <span class='ocrx_word' id='word_1_398' title='bbox 1341 2441 1602 2493; x_wconf 88' lang='lat' dir='ltr'><strong>appetendum</strong></span> <span class='ocrx_word' id='word_1_399' title='bbox 1629 2452 1702 2490; x_wconf 90' lang='lat' dir='ltr'><strong>pro</strong></span> <span class='ocrx_word' id='word_1_400' title='bbox 1730 2438 1957 2478; x_wconf 90' lang='lat' dir='ltr'><strong>conditione</strong></span> <span class='ocrx_word' id='word_1_401' title='bbox 1985 2436 2159 2487; x_wconf 87' lang='lat' dir='ltr'><strong>ipsorum</strong></span> 
     </span>
     <span class='ocr_line' id='line_1_40' title="bbox 227 2489 2159 2550; baseline -0.006 -12"><span class='ocrx_word' id='word_1_402' title='bbox 227 2501 502 2550; x_wconf 79' lang='lat' dir='ltr'><strong>traducuntur,</strong></span> <span class='ocrx_word' id='word_1_403' title='bbox 544 2498 720 2536; x_wconf 80' lang='lat' dir='ltr'><strong>Videmus</strong></span> <span class='ocrx_word' id='word_1_404' title='bbox 756 2501 804 2536; x_wconf 84' lang='lat' dir='ltr'><strong>eo</strong></span> <span class='ocrx_word' id='word_1_405' title='bbox 841 2511 993 2549; x_wconf 88' lang='lat' dir='ltr'><strong>semper</strong></span> <span class='ocrx_word' id='word_1_406' title='bbox 1029 2499 1139 2549; x_wconf 81' lang='lat' dir='ltr'><strong>ferri,</strong></span> <span class='ocrx_word' id='word_1_407' title='bbox 1174 2505 1214 2537; x_wconf 88' lang='lat' dir='ltr'><strong>vt</strong></span> <span class='ocrx_word' id='word_1_408' title='bbox 1241 2498 1347 2536; x_wconf 90' lang='lat' dir='ltr'><strong>bona</strong></span> <span class='ocrx_word' id='word_1_409' title='bbox 1374 2507 1442 2534; x_wconf 88' lang='lat' dir='ltr'><strong>sua</strong></span> <span class='ocrx_word' id='word_1_410' title='bbox 1469 2500 1716 2543; x_wconf 86' lang='lat' dir='ltr'><strong>assequatur,</strong></span> <span class='ocrx_word' id='word_1_411' title='bbox 1744 2494 1780 2531; x_wconf 62' lang='grc' dir='ltr'><strong>ὃ(</strong></span> <span class='ocrx_word' id='word_1_412' title='bbox 1807 2490 1928 2541; x_wconf 85' lang='lat' dir='ltr'><strong>fugiat</strong></span> <span class='ocrx_word' id='word_1_413' title='bbox 1954 2489 2159 2528; x_wconf 87' lang='lat' dir='ltr'><strong>contraria.</strong></span> 
     </span>
     <span class='ocr_line' id='line_1_41' title="bbox 227 2544 2162 2609; baseline -0.005 -19"><span class='ocrx_word' id='word_1_414' title='bbox 227 2554 358 2601; x_wconf 87' lang='lat' dir='ltr'><strong>Atque</strong></span> <span class='ocrx_word' id='word_1_415' title='bbox 400 2553 479 2590; x_wconf 90' lang='lat' dir='ltr'><strong>hoc</strong></span> <span class='ocrx_word' id='word_1_416' title='bbox 521 2557 682 2609; x_wconf 39' lang='lat' dir='ltr'><strong>natur-ae</strong></span> <span class='ocrx_word' id='word_1_417' title='bbox 710 2551 893 2608; x_wconf 37' lang='lat' dir='ltr'><strong>&#39;studium</strong></span> <span class='ocrx_word' id='word_1_418' title='bbox 926 2558 1131 2602; x_wconf 88' lang='lat' dir='ltr'><strong>tantopere</strong></span> <span class='ocrx_word' id='word_1_419' title='bbox 1167 2551 1207 2589; x_wconf 91' lang='lat' dir='ltr'><strong>in</strong></span> <span class='ocrx_word' id='word_1_420' title='bbox 1244 2551 1359 2589; x_wconf 89' lang='lat' dir='ltr'><strong>rebus</strong></span> <span class='ocrx_word' id='word_1_421' title='bbox 1396 2548 1513 2587; x_wconf 90' lang='lat' dir='ltr'><strong>etiam</strong></span> <span class='ocrx_word' id='word_1_422' title='bbox 1547 2545 1751 2585; x_wconf 87' lang='lat' dir='ltr'><strong>leuissimis</strong></span> <span class='ocrx_word' id='word_1_423' title='bbox 1777 2544 1946 2583; x_wconf 86' lang='lat' dir='ltr'><strong>emicare</strong></span> <span class='ocrx_word' id='word_1_424' title='bbox 1971 2544 2092 2592; x_wconf 90' lang='lat' dir='ltr'><strong>solet,</strong></span> <span class='ocrx_word' id='word_1_425' title='bbox 2119 2548 2162 2580; x_wconf 90' lang='lat' dir='ltr'><strong>vt</strong></span> 
     </span>
     <span class='ocr_line' id='line_1_42' title="bbox 232 2596 2161 2663; baseline -0.005 -21"><span class='ocrx_word' id='word_1_426' title='bbox 232 2617 350 2643; x_wconf 90' lang='lat' dir='ltr'><strong>nemo</strong></span> <span class='ocrx_word' id='word_1_427' title='bbox 394 2606 456 2663; x_wconf 80' lang='lat' dir='ltr'><strong>yel</strong></span> <span class='ocrx_word' id='word_1_428' title='bbox 497 2604 805 2661; x_wconf 40' lang='lat' dir='ltr'><strong>imperltlss-lmus</strong></span> <span class='ocrx_word' id='word_1_429' title='bbox 841 2617 923 2642; x_wconf 93' lang='lat' dir='ltr'><strong>non</strong></span> <span class='ocrx_word' id='word_1_430' title='bbox 958 2605 1115 2655; x_wconf 88' lang='lat' dir='ltr'><strong>sentiat,</strong></span> <span class='ocrx_word' id='word_1_431' title='bbox 1149 2611 1287 2642; x_wconf 89' lang='lat' dir='ltr'><strong>natura</strong></span> <span class='ocrx_word' id='word_1_432' title='bbox 1320 2603 1420 2641; x_wconf 90' lang='lat' dir='ltr'><strong>duce</strong></span> <span class='ocrx_word' id='word_1_433' title='bbox 1457 2602 1603 2640; x_wconf 91' lang='lat' dir='ltr'><strong>bonum</strong></span> <span class='ocrx_word' id='word_1_434' title='bbox 1632 2598 1896 2648; x_wconf 89' lang='lat' dir='ltr'><strong>appetendum</strong></span> <span class='ocrx_word' id='word_1_435' title='bbox 1923 2609 2019 2634; x_wconf 88' lang='lat' dir='ltr'><strong>esse.</strong></span> <span class='ocrx_word' id='word_1_436' title='bbox 2061 2596 2161 2634; x_wconf 77' lang='lat' dir='ltr'><strong>Cum</strong></span> 
     </span>
     <span class='ocr_line' id='line_1_43' title="bbox 235 2648 2162 2715; baseline -0.006 -19"><span class='ocrx_word' id='word_1_437' title='bbox 235 2664 364 2696; x_wconf 89' lang='lat' dir='ltr'><strong>autem</strong></span> <span class='ocrx_word' id='word_1_438' title='bbox 392 2670 431 2694; x_wconf 92' lang='lat' dir='ltr'><strong>1n</strong></span> <span class='ocrx_word' id='word_1_439' title='bbox 460 2659 574 2696; x_wconf 89' lang='lat' dir='ltr'><strong>rebus</strong></span> <span class='ocrx_word' id='word_1_440' title='bbox 603 2656 785 2715; x_wconf 81' lang='lat' dir='ltr'><strong>omnlbus</strong></span> <span class='ocrx_word' id='word_1_441' title='bbox 816 2656 910 2695; x_wconf 92' lang='lat' dir='ltr'><strong>nihil</strong></span> <span class='ocrx_word' id='word_1_442' title='bbox 940 2664 1069 2696; x_wconf 88' lang='lat' dir='ltr'><strong>tantae</strong></span> <span class='ocrx_word' id='word_1_443' title='bbox 1097 2655 1357 2705; x_wconf 82' lang='lat' dir='ltr'><strong>necessitatis,</strong></span> <span class='ocrx_word' id='word_1_444' title='bbox 1385 2651 1861 2702; x_wconf 82' lang='lat' dir='ltr'><strong>Vtilitatis,dignitat1&#39;sque</strong></span> <span class='ocrx_word' id='word_1_445' title='bbox 1876 2662 1959 2687; x_wconf 90' lang='lat' dir='ltr'><strong>esse</strong></span> <span class='ocrx_word' id='word_1_446' title='bbox 1974 2648 2162 2697; x_wconf 91' lang='lat' dir='ltr'><strong>videatur,</strong></span> 
     </span>
     <span class='ocr_line' id='line_1_44' title="bbox 239 2704 2162 2760; baseline -0.005 -12"><span class='ocrx_word' id='word_1_447' title='bbox 239 2712 357 2760; x_wconf 77' lang='lat' dir='ltr'><strong>quam</strong></span> <span class='ocrx_word' id='word_1_448' title='bbox 386 2717 426 2748; x_wconf 93' lang='lat' dir='ltr'><strong>vt</strong></span> <span class='ocrx_word' id='word_1_449' title='bbox 452 2712 573 2749; x_wconf 93' lang='lat' dir='ltr'><strong>homo</strong></span> <span class='ocrx_word' id='word_1_450' title='bbox 601 2722 640 2748; x_wconf 91' lang='lat' dir='ltr'><strong>1n</strong></span> <span class='ocrx_word' id='word_1_451' title='bbox 667 2710 740 2747; x_wconf 89' lang='lat' dir='ltr'><strong>hac</strong></span> <span class='ocrx_word' id='word_1_452' title='bbox 770 2709 1017 2749; x_wconf 88' lang='lat' dir='ltr'><strong>vniuersitate</strong></span> <span class='ocrx_word' id='word_1_453' title='bbox 1047 2722 1176 2749; x_wconf 87' lang='lat' dir='ltr'><strong>rerum</strong></span> <span class='ocrx_word' id='word_1_454' title='bbox 1205 2709 1384 2760; x_wconf 84' lang='lat' dir='ltr'><strong>princeps</strong></span> <span class='ocrx_word' id='word_1_455' title='bbox 1413 2705 1666 2756; x_wconf 90' lang='lat' dir='ltr'><strong>constitutus,</strong></span> <span class='ocrx_word' id='word_1_456' title='bbox 1694 2705 1745 2743; x_wconf 91' lang='lat' dir='ltr'><strong>ad</strong></span> <span class='ocrx_word' id='word_1_457' title='bbox 1772 2704 1920 2742; x_wconf 90' lang='lat' dir='ltr'><strong>bonum</strong></span> <span class='ocrx_word' id='word_1_458' title='bbox 1943 2713 2054 2740; x_wconf 89' lang='lat' dir='ltr'><strong>suum</strong></span> <span class='ocrx_word' id='word_1_459' title='bbox 2077 2712 2162 2738; x_wconf 91' lang='lat' dir='ltr'><strong>eue-</strong></span> 
     </span>
    </p>

    <p class='ocr_par' dir='ltr' id='par_1_7' title="bbox 2024 2755 2159 2804">
     <span class='ocr_line' id='line_1_45' title="bbox 2024 2755 2159 2804; baseline -0.007 -12"><span class='ocrx_word' id='word_1_460' title='bbox 2024 2755 2159 2804; x_wconf 86' lang='lat' dir='ltr'><strong>hatur,</strong></span> 
     </span>
    </p>
   </div>
  </div>
 </body>
</html>
