2334 3020
716 90 931 116 THESES
974 88 1409 117 THEOLOGICAE.
1999 89 2071 125 213

114 199 273 245 nostris,
315 210 414 248 quae
456 198 571 236 nobis
610 198 771 235 offertur
799 197 835 234 δι
865 196 1084 246 applicatur
1112 195 1326 234 ministerio
1356 194 1578 245 Euangelij,
1609 194 1796 244 accipitur
1813 202 1947 233 autem
1964 196 2063 233 fide.

115 265 215 303 quae
256 252 339 302 ipsa
380 258 437 290 est
477 251 627 289 donum
673 249 756 288 Dei.
801 249 839 288 Si
882 250 1055 299 donum,
1096 262 1176 287 non
1203 256 1333 299 potest
1361 248 1439 286 dici
1469 261 1567 297 opus
1596 256 1772 286 nostrum
1803 249 1885 286 vllo
1917 249 2063 291 modo

113 320 203 355 neq.
228 305 358 355 iliquo
394 304 514 343 modo
539 317 609 354 per
637 316 723 341 eam
753 315 799 340 ex
830 302 998 352 propriis
1029 302 1304 340 satisfacimus.
1334 301 1413 340 imo
1443 303 1570 349 Deus,
1596 302 1755 351 ‹lumdo
1771 314 1857 339 eam
1883 310 2063 346 coronat,

115 371 226 398 suum
269 371 348 397 non
384 364 560 396 nostrum
597 368 696 406 opus
741 362 927 405 coronat,
967 356 1050 405 idq.
1093 368 1172 394 non
1211 355 1349 394 ordine
1386 354 1573 401 iustitiae,
1603 355 1672 393 sed
1696 362 1924 404 respectu«0
1915 355 2063 393 ratiae.

116 412 437 458 Distinctionem,
480 412 573 449 vero
608 409 713 447 illam
760 410 899 447 Conczl.
946 410 985 446 T
979 423 1030 446 rt
1014 410 1122 447 'lena
1162 422 1252 447 sess.
1298 410 1331 446 6.
1376 422 1408 447 c.
1455 422 1511 455 14.
1552 415 1639 457 post
1677 407 1876 445 remissam
1906 410 2063 458 culpam

118 477 320 503 remanere
361 477 530 514 poenam
572 463 846 513 temporalem
890 461 1098 501 reficimus.
1136 475 1227 500 narn
1268 463 1397 509 prum)
1438 461 1504 511 qui
1548 461 1813 510 temporaliter
1850 462 2064 509 puniuntur

118 526 278 578 propter
306 524 490 568 peccata,
520 516 574 554 illi
603 528 760 566 quoque
799 515 838 553 in
865 522 1066 553 aeternum
1096 515 1282 565 puniendi
1322 521 1430 553 sunt:
1462 516 1699 564 temporales
1728 513 1874 564 quippe
1908 526 2058 564 poenae

117 571 270 609 initium
299 577 387 609 sunt
410 577 677 615 aeternarum,
706 580 806 618 quae
835 571 927 607 vero
958 568 1234 618 castigationes
1264 568 1334 617 piis
1359 567 1619 606 immittuntur
1645 574 1734 617 post
1758 567 1963 607 remissum
1979 580 2066 618 pec-

118 631 270 669 61,1111111
310 636 462 672 poenae
493 622 569 661 dici
600 635 681 660 non
707 623 873 660 debent·
906 629 994 666 551,
1024 621 1054 660 51
1086 621 1142 659 516
1172 634 1313 659 vocaie
1344 621 1456 666 libet,
1487 633 1568 659 non
1599 620 1779 659 dicentur
1808 634 1959 670 poenae
1995 633 2068 680 pro

116 676 332 727 praeteritis
374 676 546 725 peccatis
590 674 823 725 purgandis
868 675 937 712 sed
979 687 1053 724 pro
1086 674 1223 713 futuris
1253 673 1432 712 vitandis.
1478 675 1676 718 Secundo„
1704 674 1881 712 Christus
1909 673 2071 712 remittit

118 729 232 768 nobis
276 729 409 768 omnia
450 729 606 778 debita,
642 729 790 766 M'attlc.
824 731 880 765 18.
910 740 971 776 32.
1003 727 1126 766 debiti
1156 736 1287 766 autem
1316 727 1476 766 nomine
1504 740 1585 765 non
1616 726 1775 777 proprie
1806 728 1909 766 venit
1938 728 2072 777 culpa,

119 784 188 821 sed
230 783 419 832 obligatio
460 782 509 820 ad
554 759 872 820 striis-faciendum
915 793 986 830 pro
1026 782 1153 830 culpa.
1192 782 1340 828 Terta),
1371 782 1454 818 vult
1481 788 1523 818 vt
1553 793 1626 819 nos
1658 781 1931 819 condonemus
1959 779 2074 818 nobis

119 839 275 884 mutuo,
312 835 364 873 ita
394 842 432 874 vt
463 835 640 874 Christus
677 833 918 872 condonauit
947 833 1074 872 nobis.
1105 834 1143 872 Si
1174 846 1266 884 ergo
1297 835 1404 871 Deus
1434 835 1589 883 culpam
1621 836 1656 872 Sc
1686 846 1766 872 non
1789 846 1950 873 omnem
1980 846 2071 884 poe-

117 903 208 928 nam
237 889 381 938 donat,
410 901 538 938 neque
572 901 644 926 nos
673 887 892 926 tenebimur
922 899 1081 925 omnem
1113 887 1300 926 vltionem
1331 886 1541 925 remittere.
1567 887 1932 936 Qn‹zrtc>,Christus
1949 889 2074 925 factus

118 950 177 981 est
207 942 321 981 nobis
351 943 466 991 plena
489 940 709 991 ledemptio
740 942 775 979 &
806 940 1038 978 satisfactio:
1069 953 1163 990 ergo
1193 939 1435 978 satisfactum
1469 947 1526 978 est
1543 952 1703 989 quoque
1718 953 1791 989 pro
1808 941 1916 979 omni
1932 954 2075 991 poena.

120 997 316 1045 Denique,
361 995 565 1045 quomodo
589 995 742 1032 sublata
771 1005 907 1039 65555,
939 993 1119 1032 videlicet
1149 995 1288 1043 culpa,
1317 992 1461 1042 poterit
1489 1005 1646 1031 manere
1675 994 1864 1039 effectus,
1893 995 1970 1033 hoc
1998 1000 2074 1040 est,

126 1046 282 1100 poena?

182 1115 238 1139 12.
296 1103 496 1152 Negamus
540 1099 819 1151 poenitentiam
861 1112 945 1137 esse
986 1100 1309 1144 Sacramentum,
1352 1098 1434 1136 51116
1476 1098 1690 1148 accipiatur
1720 1112 1792 1148 pro
1818 1101 1901 1138 sola
1933 1099 2072 1138 mentis

120 1155 381 1193 conuersione
423 1157 542 1204 atque
583 1154 733 1191 interna
769 1152 921 1202 peccati
955 1150 1231 1190 detestatione:
1273 1163 1353 1201 quo
1382 1164 1497 1189 sensu
1532 1151 1614 1201 ipse
1643 1152 1902 1192 Bellarminus
1933 1160 2070 1202 negat,

119 1210 165 1246 de
201 1210 344 1258 poemt.
387 1209 452 1247 lib.
499 1222 531 1246 1.
573 1213 656 1256 cap.
700 1209 736 1244 8.
779 1204 1067 1244 Poenitentiam
1112 1216 1197 1241 esse
1239 1211 1551 1250 556,15111651551
1581 1204 1663 1243 siue
1687 1213 1728 1243 vt
1757 1206 1877 1244 habet
1908 1214 2070 1244 externa

124 1261 235 1312 signa
277 1261 508 1307 coniuncta,
553 1271 796 1310 moerorem,
833 1259 1073 1307 lachrymas,
1115 1256 1358 1296 afflictiones.
1400 1257 1483 1295 Etsi
1527 1258 1631 1296 enim
1673 1266 1761 1297 sunt
1810 1259 1847 1297 in
1889 1273 1935 1297 ea
1964 1266 2074 1297 actus

124 1314 384 1380 poenitentis,
414 1315 534 1353 verba
557 1311 769 1351 sacerdotis
787 1289 1061 1360 absoluentis,
1090 1323 1170 1348 non
1201 1317 1331 1349 tamen
1366 1317 1529 1360 possunt
1558 1324 1643 1349 6556
1673 1311 1797 1361 signa.
1827 1313 1930 1351 Nam
1948 1324 2074 1362 neque

121 1382 143 1406 a
185 1368 343 1406 Christo
385 1367 558 1406 instituta
600 1372 710 1415 sunt,
739 1377 868 1415 neque
896 1341 1076 1403 naturam
1105 1363 1205 1413 signi
1233 1365 1400 1425 habent,
1431 1365 1540 1414 quod
1570 1365 1687 1403 (lebet
1717 1378 1795 1403 non
1828 1367 1957 1404 solum
1989 1379 2073 1404 esse

121 1421 311 1468 audibile,
342 1420 556 1459 sedetiam
585 1418 756 1458 visibile:
787 1420 870 1468 vel,
901 1424 940 1456 vt
968 1417 1181 1455 Durandus
1209 1416 1262 1455 ait
1290 1431 1329 1456 m
1362 1431 1397 1465 4.
1422 1423 1514 1455 sent.
1546 1419 1632 1455 dist.
1670 1419 1729 1457 16.
1758 1426 1888 1468 quoest.
1927 1433 1955 1458 1.
1987 1432 2070 1457 sen-

121 1474 250 1524 sibile,
278 1485 407 1525 neque
437 1474 590 1512 tantum
619 1471 734 1517 ritus,
766 1472 836 1510 sed
857 1473 1096 1510 elementum
1124 1477 1351 1512 externum
1383 1478 1423 1509 vt
1446 1483 1549 1521 aqua
1576 1470 1616 1509 in
1645 1471 1865 1522 baptismo,
1894 1473 2006 1522 panis
2036 1475 2070 1510 ἃ

123 1527 257 1566 vinum
298 1528 337 1566 in
381 1526 635 1566 Eucharistia.
676 1526 918 1564 Damnamus
946 1536 1106 1574 quoque
1140 1513 1402 1573 Nouatianos,
1434 1524 1500 1574 qui
1529 1524 1665 1575 Lapsis
1694 1533 1839 1584 negant
1866 1525 2071 1576 poeniten-

123 1581 368 1625 tiam,ci1m
414 1580 597 1619 omnibus
638 1579 789 1629 possint
829 1585 991 1628 peccata
1032 1576 1197 1623 remitti,
1242 1577 1285 1616 iis
1314 1579 1442 1616 solum
1472 1578 1667 1628 exceptis,
1698 1578 1765 1628 qui
1796 1579 1888 1627 toti,
1919 1579 1958 1617 id
1986 1586 2068 1627 est,

123 1634 373 1685 intelligentia
414 1636 451 1673 δε
492 1634 711 1680 voluntate,
754 1633 803 1670 de
838 1639 941 1681 tota,
970 1631 1010 1668 id
1038 1638 1113 1681 est,
1143 1630 1320 1669 doctrina
1352 1638 1434 1669 ‘iota
1463 1633 1498 1669 &
1527 1631 1735 1670 vocatione
1766 1632 1839 1670 Dei
1868 1635 2064 1692 bonisque

123 1688 265 1726 oblatis
294 1689 330 1725 &
361 1686 554 1738 perceptis
578 1663 770 1724 absistimt
799 1683 1034 1734 voluntarie,
1058 1685 1093 1722 &
1121 1683 1160 1721 in
1192 1691 1318 1722 totum
1348 1684 1553 1735 deficiunt,
1586 1693 1702 1734 atque
1725 1685 1763 1722 in
1783 1688 1910 1724 Deum
1939 1686 2067 1736 ipsum

125 1741 271 1779 malitia
313 1741 382 1780 sua
410 1743 601 1787 feruntur,
626 1740 735 1788 quod
765 1747 822 1777 est
850 1745 1057 1788 peccatum
1087 1737 1124 1775 in
1153 1737 1339 1786 Spiritum
1369 1739 1576 1785 Sanctum,
1608 1738 1717 1788 quod
1745 1741 1768 1777 a
1799 1741 1884 1777 Deo
1913 1739 2073 1789 punitur

126 1794 443 1843 impoenitentia
481 1794 647 1842 ideoque
676 1792 727 1830 ad
755 1794 860 1830 hunc
890 1794 1020 1829 locum
1049 1804 1130 1828 non
1160 1790 1346 1840 pertinet
1377 1805 1469 1829 nam
1502 1768 1579 1830 fieri
1609 1804 1689 1830 non
1720 1800 1873 1842 potest,
1907 1800 1946 1831 vt
1978 1794 2074 1830 tales

128 1855 368 1887 renouentur
396 1849 447 1886 ad
475 1845 784 1897 resipiscentiam
812 1848 835 1884 a
864 1847 979 1890 Deo,
1009 1845 1190 1883 Hebr.6
1197 1875 1203 1881 .
1236 1846 1270 1883 6.
1302 1846 1344 1894 (f.
1380 1847 1512 1893 1687).

220 2125 386 2162 XXXV.
438 2126 524 2162 DE
566 2127 1182 2165 IVSTIFICATIONE
1224 2127 1480 2164 MISERI
1525 2126 1983 2165 PECCATORIS

881 2196 1129 2235 CORAM
1173 2198 1324 2234 ΠΕΟ.

962 2316 1180 2353 THESIS
1222 2327 1248 2354 1.

176 2435 294 2471 TOTA
337 2432 565 2482 deprauatio
607 2433 645 2470 in
687 2433 865 2471 Articnlo
908 2433 1215 2481 Iustificationis,
1261 2436 1284 2471 a
1328 2433 1475 2483 duplici
1513 2445 1656 2472 caecae
1687 2432 1848 2471 rationis
1877 2432 2074 2470 axiomate

123 2486 287 2536 sumpsit
315 2485 528 2536 originem:
558 2485 750 2536 primum,
778 2488 907 2536 legem
930 2487 1077 2525 habere
1104 2486 1377 2524 conditionem
1407 2486 1587 2525 humanis
1620 2486 1767 2524 viribus
1800 2485 2080 2536 proportiona-

125 2549 223 2588 tam,
251 2539 357 2577 iuxta
385 2540 594 2577 barbarum
624 2540 878 2591 versiculum,
917 2542 1027 2580 Vltrcz
1048 2547 1166 2590 posse
1193 2541 1273 2578 viri
1298 2554 1374 2578 non
1402 2542 1487 2579 vult
1516 2541 1625 2577 Deles
1656 2542 1737 2579 vlla
1765 2541 1943 2589 requiri:
1972 2540 2078 2578 vnde

125 2593 337 2642 plausibilis
378 2592 513 2642 opinio
557 2606 649 2631 mox
691 2593 861 2643 gignitur
903 2594 952 2631 (16
1000 2593 1101 2631 facili
1136 2595 1172 2631 &
1203 2593 1378 2642 possibili
1412 2593 1639 2643 impletione
1669 2593 1783 2642 legis:
1815 2593 1871 2631 sic
1902 2594 2074 2642 populus

125 2646 220 2683 dicit
264 2645 365 2684 Mosi
408 2646 671 2695 promulganti
715 2648 866 2696 legem,
912 2647 1044 2684 Exest.
1084 2659 1142 2695 19.
1183 2649 1218 2684 8.
1265 2647 1418 2684 Cuncta
1447 2658 1548 2696 quae
1578 2648 1732 2685 locutus
1765 2653 1822 2684 est
1852 2646 2071 2694 Dominus,

129 2699 335 2746 faciemus,
364 2699 442 2737 1106
470 2706 548 2748 651,
583 2707 621 2737 vt
651 2700 701 2737 ‹le
726 2699 942 2749 Pelagianis
970 2699 1183 2749 aliquando
1213 2699 1478 2749 Augustinus,
1512 2714 1587 2738 non
1618 2702 1720 2737 deest
1744 2701 1814 2749 qui
1829 2699 1985 2748 saciat,
2009 2700 2080 2736 se]

130 2753 231 2790 deest
254 2754 323 2801 qui
347 2753 518 2802 imperet.
549 2754 743 2802 Alterum,
772 2760 829 2791 est
859 2753 1057 2802 persuasio
1088 2753 1213 2791 meriti
1244 2756 1279 2791 Sc
1309 2753 1491 2803 propriae
1522 2752 1686 2791 iustitiae
1719 2765 1766 2790 ex
1810 2752 2075 2802 praestatione

1985 2805 2081 2855 legis
