2334 3020
258 121 334 158 370
811 121 877 146 DF.
919 120 1208 149 POLITIAE
1245 121 1414 148 MOSIS
1453 121 1642 148 OBSER-

258 227 381 272 turos)
416 225 636 262 necessario
672 232 728 262 est
765 226 1056 276 obseruandus,
1086 235 1125 264 vt
1153 226 1224 265 rite
1252 240 1299 265 ex
1328 240 1376 265 eo
1407 234 1580 266 teneatur
1609 228 1666 266 ius
1696 228 2064 270 determinationum
2092 246 2193 282 quae

258 280 353 315 fiunt
394 277 564 315 humana
606 278 711 326 lege,
753 278 1073 327 quandoquidem
1116 280 1288 328 aequitas
1331 294 1378 318 ex
1420 293 1466 318 eo
1504 281 1624 319 modo
1653 282 1823 330 postulat
1851 283 2197 324 determinationes

258 330 361 379 fieri,
396 330 431 366 δι
467 329 547 367 sine
586 342 633 367 eo
662 329 817 379 iniquae
846 331 1189 370 determinationes
1218 345 1355 370 omnes
1384 334 1532 371 futurae
1561 342 1660 372 sunt.
1705 335 1824 382 Quod
1849 333 1978 384 itaque
2005 337 2196 387 principio

258 382 370 420 huius
412 382 547 431 capitis
589 381 835 433 dicebamus,
875 384 1070 434 duplicem
1113 398 1195 423 esse
1236 385 1395 424 rationis
1434 387 1594 424 modum
1632 399 1709 436 qua
1736 388 1911 425 feruntur
1939 390 2062 439 leges,
2091 390 2195 429 idem

256 435 372 473 etiam
415 434 464 472 de
506 435 550 473 iis
591 447 692 484 quae
733 438 896 475 subsunt
938 437 1174 476 ordinationi
1214 439 1344 488 legum
1386 440 1598 477 tenendum
1640 447 1707 477 est.
1750 441 1852 478 Nam
1893 454 2022 479 eorum
2062 445 2195 481 modus

258 489 307 525 ἐφ’
349 489 512 525 conditio
539 490 714 526 similiter
741 496 798 528 est
823 491 976 539 duplex,
1005 493 1211 528 communis
1239 498 1352 540 atque
1378 493 1595 540 singularis
1603 504 1618 538 ;
1647 495 1681 530 δε
1710 493 1761 530 ad
1790 493 1940 543 singula
1964 507 2010 532 ea
2034 496 2194 534 omnino

257 541 355 578 haec
398 540 537 579 diuisio
575 541 742 590 pertinet
785 555 885 591 quae
920 544 1081 581 subsunt
1110 544 1345 582 ordinationi
1373 545 1480 594 legis.
1529 545 1758 583 Communis
1787 547 1926 584 modus
1955 548 1990 584 &
2019 549 2194 587 conditio

257 593 418 643 dicitur,
460 605 559 642 quae
598 596 621 631 a
656 602 794 633 natura
822 603 899 644 est,
937 597 972 633 &
1002 596 1039 633 in
1069 597 1196 646 reipsa
1224 598 1449 647 simpliciter
1477 598 1678 648 singularis
1705 606 1781 648 est,
1810 612 1909 648 quae
1937 601 1988 638 ad
2016 609 2193 639 naturam

254 645 406 684 accedit
447 658 685 696 quocunque
726 649 867 699 modo,
909 650 943 686 &
972 649 1240 688 consideratur
1269 651 1483 688 secundnm
1513 651 1625 700 quid,
1654 651 1692 688 in
1723 664 1769 689 eo
1799 652 1907 700 quod
1936 654 2068 691 subest
2094 654 2195 692 ordi-

255 698 403 736 nationi
443 699 551 749 legis.
594 700 694 737 Cum
737 708 866 739 autem
904 714 1040 740 eorum
1079 703 1128 740 de
1157 704 1297 752 quibus
1324 706 1386 741 lex
1414 703 1568 742 ordinat
1595 717 1739 753 genera
1765 713 1932 753 quatuor
1960 707 2077 754 paulo
2106 711 2194 745 ante

256 751 399 790 fuerint
425 751 584 802 tradita,
613 760 781 802 praestat
809 753 884 791 iam
914 755 1082 804 expendi
1110 756 1147 793 in
1178 756 1336 806 singulis
1364 770 1410 794 ea
1438 769 1537 806 quae
1566 758 1615 794 de
1644 758 1764 795 modo
1794 759 1828 795 &
1852 758 2078 797 conditione
2093 759 2193 809 ipso-

256 817 341 842 rum
369 804 585 844 docuimus.
619 807 735 844 Thes.
767 818 827 856 25.
870 807 1021 846 Primus
1049 807 1163 858 igitur
1191 817 1248 847 est
1276 822 1530 858 personarum
1559 811 1690 859 locus,
1719 810 1768 847 de
1796 822 1961 859 quarum
1991 812 2112 850 modo
2141 813 2195 850 sic

254 857 387 906 paucis
415 857 636 896 statuimus:
665 861 871 897 conmnmz's
899 862 1032 898 modus
1060 863 1110 898 ἐφ’
1138 864 1300 900 conditio
1320 870 1585 913 personarum
1614 869 1685 911 est,
1710 876 1787 912 qua
1803 865 2195 916 consides-aleturper-

254 924 370 948 sonae
406 912 575 949 absolut&
610 913 922 962 simplicite‘rque,
961 920 1002 952 vt
1031 915 1222 965 homines,
1251 918 1290 952 m
1321 929 1453 953 reram
1482 922 1628 953 natura
1656 930 1703 953 ex
1730 919 1920 953 mmmmm·
1946 919 1995 955 ὧν
2021 919 2193 956 hmnmm

253 965 353 1011 lege:
392 964 640 1014 Singularis,
679 978 757 1014 qua
795 968 1087 1004 considerantur
1114 970 1318 1005 seczmdstm
1347 970 1458 1018 qvid,
1489 975 1531 1007 vt
1556 970 1698 1006 ludaei
1723 971 1850 1007 vocati
1872 971 1911 1006 m
1931 972 2075 1020 sedus,
2095 979 2193 1022 pro-

254 1018 468 1065 missiones,
499 1019 713 1067 veritatem,
742 1020 930 1064 ordinem,
962 1021 1011 1056 ὃ)
1038 1021 1152 1068 sagma
1175 1024 1346 1069 gratiae.
1375 1023 1455 1059 Hic
1484 1021 1588 1059 enim
1618 1022 1833 1059 subiectum
1863 1035 1982 1060 vnum
2010 1025 2046 1061 &
2066 1023 2193 1073 idem,

254 1070 362 1118 quod
388 1069 590 1108 hominem
618 1072 881 1121 appellamus,
911 1071 1161 1122 distinguitur
1187 1074 1388 1112 communi
1416 1077 1451 1112 &
1480 1074 1663 1124 singulari
1693 1075 1824 1112 modo.
1863 1075 2074 1113 Communi
2102 1078 2191 1114 sub-

255 1122 397 1160 iectum
439 1123 728 1173 consideratur,
771 1131 810 1161 vt
850 1126 971 1163 homo
1012 1126 1257 1175 simpliciter:
1298 1127 1480 1177 singulari
1515 1130 1608 1165 vero
1637 1128 1930 1176 consideratur,
1959 1135 1999 1166 vt
2028 1129 2194 1167 Iudaeus

255 1175 371 1225 olim,
401 1176 436 1212 &
464 1176 541 1214 hoc
570 1183 747 1226 tempore
776 1177 1027 1217 Christianus.
1063 1180 1128 1217 Ad
1156 1192 1406 1218 communem
1433 1187 1563 1218 autem
1594 1181 1695 1218 hanc
1723 1193 1974 1230 personarum
2002 1181 2193 1220 conditio—

255 1241 346 1265 nem
384 1229 672 1267 obseruandam
701 1230 894 1279 pertinent
930 1232 1033 1269 duo:
1064 1233 1360 1271 fundamentum
1389 1233 1626 1271 conditionis
1654 1233 1780 1284 istius,
1808 1235 1843 1271 δι
1871 1234 2191 1273 considerationis

255 1282 408 1319 modus.
451 1283 764 1321 Fundamentum
806 1292 862 1321 est
898 1293 1035 1322 natura
1072 1285 1247 1324 omnium
1285 1287 1487 1324 hominum
1516 1286 1614 1324 inter
1642 1300 1683 1325 se
1711 1287 1949 1332 communis,
1979 1289 2193 1326 secundum

256 1346 373 1382 quam
404 1347 540 1372 ornnes
569 1339 691 1384 aeque
722 1344 810 1374 sunt
838 1337 1038 1387 homines,
1067 1352 1142 1376 vna
1171 1339 1300 1388 specie
1329 1339 1619 1390 comprehensi,
1648 1341 1682 1377 &
1712 1340 1889 1378 obstricti
1916 1353 1993 1378 vna
2018 1340 2193 1378 humani-

255 1386 341 1424 tatis
384 1388 490 1437 lege:
533 1389 583 1426 ad
625 1401 742 1438 quam
782 1390 1064 1429 officiosissime
1094 1393 1299 1430 colendam
1328 1393 1640 1443 curandamque,
1667 1394 1883 1431 secundum
1911 1401 2088 1431 naturam
2115 1401 2194 1431 tam

254 1439 349 1477 olim
375 1441 542 1479 Iudaeus
571 1443 794 1490 tenebatur,
824 1443 859 1480 ὃς
889 1455 993 1481 1111116
1023 1452 1174 1482 tenetur
1202 1445 1465 1493 Christianus,
1494 1449 1610 1495 quam
1639 1446 1734 1484 alius
1763 1446 1980 1496 quisquam.
2009 1446 2195 1485 Conside—

257 1492 418 1531 rationis
448 1494 608 1544 modus,
640 1497 856 1533 secundnm
886 1509 1002 1545 quem
1032 1510 1285 1546 personarum
1315 1500 1582 1537 conditionem
1610 1502 1790 1537 accurate
1807 1507 1960 1548 aportet
1975 1499 2194 1545 obseruari,

253 1554 310 1582 est
347 1553 455 1584 recta
488 1546 552 1584 illa
580 1547 678 1585 ratio
708 1549 756 1586 de
785 1561 860 1598 qua
889 1552 978 1587 ante
1007 1550 1250 1602 dicebamu53
1280 1565 1378 1601 quae
1407 1553 1504 1590 ratio
1534 1552 1700 1601 primum
1730 1552 1888 1601 quidem
1917 1566 1962 1590 ex
1992 1552 2193 1590 communi

253 1606 412 1637 naturae
441 1600 526 1649 lege
555 1600 592 1637 in
623 1602 738 1639 rebus
767 1602 1065 1652 communibus,
1096 1603 1237 1642 deinde
1267 1607 1307 1653 (f.
1344 1610 1457 1654 1514)
1487 1608 1579 1642 vero
1611 1619 1657 1643 ex
1687 1606 1854 1643 humana
1869 1606 2190 1655 lege&humano

253 1651 390 1689 ordine
432 1653 624 1702 explorari
661 1655 771 1692 solet.
813 1656 914 1692 Nam
953 1655 991 1693 in
1033 1657 1137 1694 hunc
1181 1659 1341 1695 modum
1378 1660 1501 1707 aeque
1532 1659 1698 1696 Iudaeus
1727 1657 1840 1707 olim,
1869 1667 1934 1695 aut
1962 1658 2020 1696 his
2047 1658 2191 1696 vltimis

251 1704 494 1753 temporibus
533 1705 590 1743 vir
626 1707 866 1745 Christianus
897 1710 1138 1759 exploratur,
1171 1719 1287 1760 atque
1315 1711 1410 1749 alius
1439 1712 1664 1761 quisquam:
1694 1713 1729 1749 ἃ
1757 1710 2052 1760 recognoscitur
2078 1723 2191 1749 vnus-

252 1757 417 1805 quisque
444 1758 483 1795 in
512 1760 587 1796 hac
616 1759 717 1809 vita,
746 1772 823 1810 qua
850 1761 972 1799 homo
1005 1769 1079 1811 est,
1110 1763 1238 1812 specie
1265 1776 1355 1802 cum
1384 1764 1607 1802 hominibus
1635 1763 1717 1802 aliis
1733 1763 2047 1802 communicans:
2064 1765 2190 1801 Vtrum

252 1822 299 1846 ex
337 1810 486 1848 ratione
524 1820 630 1849 recta
658 1824 748 1850 cum
776 1813 860 1851 aliis
888 1814 1112 1853 hominibus
1141 1817 1176 1853 δε
1205 1817 1405 1854 communi
1433 1825 1592 1855 naturae
1620 1819 1726 1868 lege,
1755 1820 1790 1855 ἃ
1819 1818 1989 1855 humana
2017 1830 2191 1855 commu-

252 1862 367 1900 nicet.
409 1864 757 1911 Quemadmodum
795 1866 899 1904 enim
927 1880 973 1904 ex
1005 1880 1084 1917 quo
1113 1869 1279 1907 Iudaeus
1309 1878 1390 1907 erat
1418 1872 1559 1917 factus,
1589 1878 1655 1908 aut
1683 1883 1730 1907 ex
1758 1882 1835 1919 quo
1866 1869 2107 1908 Christianus
2136 1878 2192 1908 est

251 1915 480 1964 quis-quam,
510 1930 590 1955 non
620 1917 822 1957 desinebat
850 1919 933 1967 ille,
963 1929 1029 1958 aut
1056 1920 1118 1958 hic
1146 1935 1224 1959 non
1251 1923 1391 1960 desinit
1406 1923 1527 1961 homo
1543 1936 1644 1961 esse:
1671 1923 1723 1960 ita
1739 1923 1853 1960 etiam
1870 1936 1916 1960 ex
1931 1935 2009 1972 quo
2026 1923 2190 1961 Iudaeus

250 1978 314 2005 aut
351 1968 590 2008 Christianus
626 1979 704 2021 est,
741 1984 822 2010 non
848 1973 988 2010 desinit
1016 1975 1217 2012 communi
1243 1978 1277 2013 &
1306 1976 1476 2014 humana
1502 1978 1587 2025 lege
1615 1975 1796 2026 obligari:
1827 1977 1894 2014 sed
1923 1978 2082 2026 contra,
2111 1988 2190 2025 quo

249 2021 414 2070 amplius
455 2022 494 2060 in
537 2024 622 2061 Deo
665 2025 842 2075 proficit,
884 2038 932 2064 eo
972 2025 1188 2076 religiosius
1227 2041 1267 2066 se
1304 2029 1428 2078 ipsum
1458 2030 1575 2067 debet
1603 2029 1803 2067 communi
1831 2030 1867 2067 &
1896 2029 2088 2066 humanae
2114 2028 2190 2077 legi

249 2077 575 2124 accon1modare3
606 2089 654 2114 ne
683 2085 748 2115 aut
776 2079 959 2116 naturalis
987 2079 1085 2118 ratio
1115 2080 1150 2117 δε
1180 2082 1278 2119 01ᾶο
1302 2082 1493 2120 humanus
1508 2083 1558 2120 ab
1574 2081 1658 2132 ipso
1674 2089 2020 2132 oppugnetur,aut
2034 2081 2189 2119 libertas

249 2126 483 2177 Christiana,
526 2141 626 2177 quae
667 2129 717 2167 ad
745 2131 1055 2170 aedificationem
1085 2134 1175 2171 data
1203 2141 1279 2184 est,
1322 2136 1508 2173 scandalo
1538 2136 1573 2173 ἃ
1607 2135 1814 2173 offensioni
1842 2135 1909 2173 sit:
1939 2142 2057 2185 prout
2084 2141 2190 2172 recta

250 2179 400 2218 ratione
429 2181 538 2219 omni
566 2184 601 2220 &
629 2183 794 2221 naturali
822 2184 905 2233 ipsa
932 2185 1179 2234 praecipitur.

300 2232 511 2283 Singularis
555 2238 647 2273 vero
689 2248 944 2285 personarum
987 2240 1130 2277 modus
1165 2242 1200 2277 S:
1238 2239 1435 2289 conditio,
1474 2252 1574 2289 quae
1609 2240 1769 2289 quidem
1796 2242 1820 2277 a
1847 2240 1962 2278 nobis
1990 2241 2186 2278 hocloco

248 2284 373 2334 agitur
402 2289 508 2334 (nam
537 2296 776 2326 caeterarum
804 2290 1056 2329 affectionum
1084 2291 1123 2329 in
1154 2292 1377 2331 hominibus
1406 2293 1667 2332 consideratio
1695 2292 1791 2330 nihil
1818 2294 1870 2331 ad
1897 2304 2054 2331 causam
2078 2306 2186 2342 prae-

248 2345 396 2376 sentem
413 2339 564 2387 attinet)
582 2348 639 2378 est
653 2354 709 2391 ea,
727 2354 804 2391 qua
819 2343 1117 2382 considerantur
1131 2345 1309 2384 homines
1324 2347 1540 2384 secundum
1555 2346 1819 2385 accessionem
1834 2345 1979 2396 gratiae
1994 2345 2187 2395 salutaris,

246 2391 296 2427 ad
338 2403 456 2440 quam
492 2394 600 2431 Deus
629 2403 745 2432 vocat
774 2396 991 2434 Ecclesiam
1021 2409 1149 2448 suam,
1180 2405 1261 2436 tum
1290 2411 1338 2436 ex
1365 2399 1519 2437 Iudaeis
1548 2400 1642 2438 olim
1670 2407 1759 2437 ante
1787 2400 1999 2437 aduentum
2022 2398 2185 2444 Christi,

245 2449 328 2480 tum
370 2457 418 2482 ex
454 2445 682 2484 Christianis
710 2448 788 2485 hoc
816 2457 952 2488 nostro
981 2452 1133 2499 seculo,
1164 2464 1217 2499 ,ex
1246 2464 1324 2500 quo
1354 2454 1643 2502 promulgatum
1673 2460 1730 2490 est
1757 2452 2014 2501 Euangelium
2044 2450 2187 2489 Christi

244 2496 374 2544 priore
403 2498 575 2536 aduentu
603 2498 696 2537 eius.
726 2499 805 2538 Hic
834 2509 963 2540 autem
993 2503 1083 2552 quia
1115 2505 1163 2541 de
1190 2505 1340 2554 legibus
1367 2505 1490 2543 Mosis
1518 2518 1631 2555 agere
1660 2504 1951 2552 constituimus,
1979 2503 2185 2553 proprie&

245 2547 392 2587 directe
435 2552 490 2598 (vt
530 2552 583 2589 ita
625 2552 817 2602 dicamus)
859 2555 1155 2594 considerantur
1192 2557 1371 2596 homines
1409 2558 1590 2608 singulari
1618 2558 1739 2596 modo
1766 2559 1801 2596 &
1829 2557 2079 2606 conditione,
2108 2559 2185 2605 qua

243 2601 376 2639 Iudaei
411 2611 536 2645 erant,
584 2605 759 2643 obstricti
792 2607 877 2656 lege
909 2608 1031 2646 Mosis
1060 2611 1276 2647 secundum
1307 2610 1592 2649 ordinationem
1621 2611 1707 2649 Dei.
1748 2611 1850 2648 Nam
1877 2611 1955 2648 hoc
1982 2617 2183 2658 respectu,

239 2662 389 2701 praeter
419 2655 476 2693 ius
504 2656 598 2694 illud
627 2671 838 2698 commune
868 2662 976 2709 quod
1005 2665 1094 2699 ante
1123 2662 1311 2711 diximus,
1339 2662 1397 2702 ius
1412 2664 1606 2713 singulare
1620 2663 1773 2701 Iudaeis
1788 2662 1959 2712 oportuit
1974 2661 2184 2712 accedere,

241 2714 400 2755 propter
429 2709 661 2758 singularem
690 2712 791 2749 hanc
821 2713 1090 2752 conditionem
1116 2715 1310 2765 ipsorum,
1337 2729 1384 2754 eo
1413 2718 1519 2765 quod
1541 2716 1675 2755 Iudaei
1690 2724 1828 2754 essent.
1858 2717 1926 2754 Est
1941 2724 2071 2753 autem
2086 2715 2182 2752 haec

241 2759 435 2809 conditio,
465 2774 543 2799 non
575 2764 781 2814 naturalis,
818 2773 857 2802 vt
893 2768 1112 2804 communis
1140 2768 1219 2805 illa:
1247 2770 1314 2806 sed
1343 2769 1529 2819 gratiosa,
1556 2783 1602 2808 ac
1630 2769 1794 2819 proinde
1822 2782 1890 2818 per
1917 2768 1989 2806 Dei
2018 2767 2180 2825 gratiam

2137 2833 2177 2856 111
