2334 3020
273 144 350 186 354
823 138 891 165 DE
933 134 1210 164 POLITIAE
1250 134 1418 164 MOSIS
1459 135 1662 163 OBSER.

278 251 377 290 lium
404 250 455 287 ad
482 245 762 297 plenitudinem
787 251 1010 294 temporum
1038 242 1214 293 pertinet.
1242 242 1497 281 Perfectionis
1512 242 1616 281 enim
1631 249 1782 280 creatae
1797 241 1878 279 siue
1893 240 2202 280 communicatae

289 305 430 343 modus
455 308 512 339 est
538 301 699 349 duplex,
727 298 766 336 in
795 299 910 336 rebus
939 297 1119 335 omnibus
1147 308 1246 345 quae
1275 295 1554 333 mutationibus
1582 296 1742 333 infestae
1770 302 1877 333 sunt:
1908 306 2007 332 vnus
2034 302 2090 333 est
2117 307 2201 344 per-

279 355 456 395 fectionis
485 354 679 401 absolute,
708 353 805 389 alter
833 352 1058 400 comparate
1086 349 1225 387 dictae.
1263 349 1496 387 Absolutam
1525 348 1806 398 perfectionem
1837 360 1923 386 eam
1950 349 2202 398 appellamus,

274 410 313 448 in
344 420 421 459 qua
448 406 544 445 nihil
570 405 809 443 desideratur
838 404 945 452 quod
973 404 1024 440 ad
1044 403 1185 440 iustam
1213 402 1249 439 &
1278 403 1435 451 plenam
1462 401 1517 440 rei
1540 409 1719 439 naturam
1745 401 2058 439 constituendam
2085 400 2199 450 perti-

274 470 385 500 neat:
430 460 666 508 Comparate
707 459 800 495 vero
842 455 1122 506 perfectionem
1166 467 1253 492 eam
1294 456 1371 492 hoc
1410 456 1501 492 loco
1542 456 1802 503 appellamus,
1845 465 1944 503 quae
1983 453 2199 492 secundum

275 522 433 552 naturae
461 512 640 551 ordinem
668 509 782 548 certis
812 509 995 559 gradibus
1022 509 1074 546 ad
1102 507 1617 558 perfectionemdabsolutam
1633 506 1847 545 contendit.
1876 506 2057 556 Exempli
2070 517 2200 555 causa,

274 569 331 606 vir
358 573 482 605 aetate
510 565 608 603 iusta
634 562 916 613 perfectionem
944 562 1061 599 habet
1089 568 1247 599 naturae
1275 572 1365 599 suae
1394 561 1608 598 secundum
1636 560 1798 598 modum
1817 559 1955 609 ipsius:
1984 571 2080 608 puer
2103 562 2195 597 vero

275 619 553 670 perfectionem
593 618 712 655 habet
753 622 912 653 naturae
951 627 1041 652 suae
1083 614 1298 652 secundum
1338 613 1516 651 ordinem
1544 613 1646 651 eius:
1688 625 1788 662 quae
1814 611 2022 662 perfectio,
2051 611 2200 650 sicum

275 680 375 712 statu
405 671 503 710 virili
531 675 799 719 comparetur,
842 676 899 706 est
925 667 1189 717 imperfectio;
1228 666 1260 704 si
1287 666 1326 704 in
1354 679 1394 704 se
1422 666 1666 716 respiciatur,
1708 666 1894 715 perfectio
1922 665 2089 703 dicenda
2117 671 2195 702 est:

275 727 344 765 sed
386 732 517 763 tamen
560 735 658 772 quae
687 723 739 760 ad
765 720 1046 771 perfectionem
1077 721 1263 758 maiorem
1287 726 1424 757 natura
1450 720 1589 757 fertur:
1631 726 1749 768 prout
1776 729 1892 756 Omne
1922 718 2195 767 imperfectum

276 779 492 817 secundum
534 783 686 825 tempus
723 774 828 824 prius
869 787 953 812 esse
995 775 1169 822 perfecto
1210 774 1327 821 solet,
1364 775 1398 811 δε
1439 773 1490 810 ad
1532 771 1812 821 perfectionem
1847 770 1905 809 sui
1928 778 2087 808 naturae
2115 772 2201 820 lege

274 844 426 880 semper
455 830 702 868 contende1e.
733 828 1079 876 Quemadmodum
1107 834 1237 864 autem
1259 825 1478 863 successiua
1500 826 1797 874 (vtloquuntur)
1812 835 1940 862 rerum
1955 822 2200 861 mutabilium

276 898 315 923 se
343 886 462 922 habet
489 882 695 932 perfectio,
723 880 775 918 ita
803 880 920 918 etiam
949 880 1274 917 documentorum
1303 879 1353 916 ad
1382 891 1446 916 eas
1461 878 1746 927 pertinentium.
1773 879 1874 915 Nam
1889 876 1998 915 aliter
2011 875 2203 926 principia

276 939 441 975 docetur
480 948 593 985 puer,
634 934 743 972 aliter
784 933 854 971 viri
895 934 1087 971 docentur
1129 932 1410 982 perfectionem
1452 930 1634 969 scientiae
1645 948 1654 976 3
1697 930 1769 968 etsi
1809 936 1970 979 vterque
1999 929 2200 967 doctrinae

276 990 415 1028 modus
443 989 657 1028 secundum
687 986 878 1036 principia
908 986 1132 1035 seminaque
1160 985 1279 1034 ipsius
1307 998 1423 1022 vnam
1450 984 1732 1034 perfectionem
1760 984 1891 1021 habet.
1925 981 2094 1020 Proinde
2118 983 2201 1020 Lex

276 1043 398 1081 Mosis
426 1042 641 1080 secundum
670 1039 859 1089 principia
887 1039 1051 1077 eandem
1078 1038 1359 1088 perfectionem
1389 1038 1581 1087 continet,
1618 1048 1735 1086 quam
1763 1035 1978 1085 Euangelio
2007 1035 2201 1073 credimus

279 1095 488 1147 contineri,
518 1095 586 1132 sed
615 1101 743 1131 tamen
772 1093 987 1142 posteriore
1014 1091 1262 1141 perfectionis
1291 1091 1433 1129 modo:
1476 1089 1567 1139 quia
1595 1091 1790 1128 minorum
1819 1088 1928 1138 quasi
1953 1088 2203 1138 paedagogus

277 1150 366 1187 data
393 1156 467 1199 est,
497 1155 538 1185 vt
558 1147 608 1184 ad
637 1146 909 1195 perfectiorem
937 1145 1156 1183 doctrinam
1185 1151 1439 1194 assurgerent.
1471 1146 1599 1192 Atque
1627 1142 1690 1180 hic
1719 1143 1781 1180 ille
1797 1142 1938 1180 modus
1952 1140 2202 1191 perfectionis

277 1208 352 1251 est,
381 1202 596 1240 secundum
626 1211 742 1248 quem
770 1200 896 1248 legem
925 1197 1048 1236 Mosis
1076 1199 1290 1247 perfectum
1312 1198 1534 1246 exemplum
1550 1196 1644 1246 legis
1659 1195 1859 1244 naturalis,
1889 1194 2062 1243 diuinae,
2085 1201 2201 1243 atque

278 1257 471 1293 humanae
511 1254 771 1303 appellamus:
815 1260 855 1289 vt
894 1264 994 1301 quae
1022 1250 1182 1289 istarum
1209 1252 1338 1300 legum
1367 1250 1555 1299 principia
1583 1250 1753 1298 perfecte
1781 1248 1924 1296 tradat,
1965 1246 2110 1297 reipsa,
2136 1253 2203 1284 aut

277 1309 456 1357 exemplo
497 1319 587 1355 suo,
630 1307 665 1343 ἃ*
705 1305 813 1343 omni
849 1304 1142 1353 imperfectione
1173 1311 1318 1341 careat:
1355 1302 1674 1352 quandoquidem
1710 1303 1882 1350 perfecta
1912 1299 1988 1338 Dei
2016 1299 2202 1349 sapientia

277 1360 472 1399 ordinauit
512 1359 652 1409 ipsam,
689 1365 729 1396 vt
769 1359 819 1396 ad
849 1357 1126 1407 perfectionem
1164 1356 1365 1406 Euangelij
1404 1355 1621 1394 Ecclesiam
1648 1355 1766 1404 ipsius
1798 1354 2087 1392 adolescentem
2114 1365 2202 1402 pro-

279 1415 449 1452 ueheret.

331 1466 451 1515 Quod
485 1473 614 1503 autem
651 1465 865 1513 perfectum
904 1465 1127 1512 exemplum
1155 1476 1200 1501 ea
1226 1464 1311 1512 lege
1340 1462 1439 1500 tradi
1471 1469 1536 1500 aut
1564 1461 1689 1511 reipsa
1717 1467 1782 1498 aut
1810 1460 1989 1508 exemplo
2020 1458 2204 1508 dicimus,

277 1519 318 1557 id
360 1526 468 1557 certo
510 1517 673 1556 consilio
703 1518 958 1554 affirmamus:
1003 1517 1091 1565 quia
1118 1517 1300 1553 naturalis
1329 1515 1487 1564 quidem
1516 1528 1561 1553 ac
1589 1514 1742 1552 diuinae
1769 1513 1863 1563 legis
1893 1514 2115 1561 exemplum
2147 1518 2204 1549 est

277 1573 457 1621 ἔκτυπον,
492 1571 531 1609 id
561 1577 639 1619 est,
668 1583 715 1608 ex
742 1570 894 1607 illarum
921 1577 1015 1618 typo
1044 1570 1078 1606 &
1107 1568 1337 1606 immutabili
1364 1570 1497 1618 regula
1524 1579 1749 1617 expressum
1776 1568 2063 1614 formatumque
2092 1565 2203 1602 boni-

277 1631 355 1662 tate
382 1625 456 1662 Dei
483 1627 517 1662 &
539 1623 881 1673 imperuestigabili
908 1623 1110 1672 sapientia:
1139 1623 1268 1671 legum
1296 1624 1387 1659 vero
1417 1623 1672 1658 humanarum
1693 1621 1916 1668 exemplum
1930 1630 2011 1656 non
2028 1618 2203 1666 ἔκτυπον,

279 1678 349 1715 sed
377 1678 583 1714 ἀντίτυπον
611 1683 686 1714 est:
716 1689 795 1713 non
824 1689 871 1713 ex
900 1677 1032 1725 regula
1058 1675 1317 1712 humanarum
1345 1676 1474 1724 legum
1500 1677 1531 1711 a.
1550 1675 1663 1712 Mose
1691 1673 1883 1710 effictum:
1913 1671 1980 1709 sed
2011 1682 2100 1708 cum
2129 1670 2202 1707 illis

279 1743 327 1768 eo
370 1729 684 1780 communicans,
731 1730 839 1778 quod
881 1730 984 1778 leges
1026 1740 1163 1765 omnes
1192 1729 1382 1765 humanae
1412 1728 1589 1776 exempla
1616 1726 1768 1764 illarum
1796 1732 1903 1769 sunt,
1933 1736 2014 1762 non
2042 1723 2204 1760 aliarum

278 1785 408 1833 legum
444 1782 678 1831 exemplaria
717 1789 782 1819 aut
824 1782 906 1831 typi
947 1780 1163 1828 necessarij.
1220 1782 1269 1818 Et
1311 1782 1387 1818 hoc
1423 1782 1643 1829 exemplum
1675 1778 1758 1816 aliis
1785 1779 2044 1815 humanarum
2071 1777 2203 1825 legum

280 1835 466 1884 exemplis
507 1837 712 1884 propterea
753 1835 1073 1884 anteponendum
1115 1842 1192 1877 est,
1235 1834 1344 1882 quod
1385 1835 1600 1882 perfectum
1644 1845 1726 1870 esse
1755 1838 1908 1869 constat
1935 1829 2039 1879 apud
2066 1841 2204 1866 omnes

278 1889 407 1926 bonos
449 1888 488 1926 in
528 1899 598 1926 suo
641 1900 802 1937 genere:
845 1899 960 1937 quam
1003 1887 1159 1924 laudem
1196 1899 1314 1924 nemo
1343 1894 1422 1924 tam
1451 1889 1555 1924 certo
1583 1885 1665 1923 aliis
1691 1883 1871 1922 humanis
1900 1884 2050 1933 legibus
2076 1888 2205 1931 potest

277 1942 467 1992 tribuere,
501 1941 592 1990 quia
619 1941 716 1978 haec
743 1943 777 1991 a·
793 1942 879 1978 Deo
903 1941 1030 1990 posita
1045 1942 1080 1978 &
1104 1941 1344 1990 confirmata,
1364 1946 1480 1988 atque
1500 1939 1647 1977 sancita
1662 1945 1719 1976 est
1733 1935 1897 1976 solemni
1912 1935 2201 1975 testificatione:

279 1994 367 2033 illae
391 1997 484 2032 vero
512 2007 594 2032 non
617 1993 723 2033 item.
1471 2022 1475 2027 ,

331 2048 449 2085 Thes.
479 2060 515 2097 9.
550 2049 701 2084 Harum
725 2053 855 2084 autem
883 2048 1034 2097 legum,
1074 2046 1276 2095 naturalis,
1318 2045 1496 2095 inquam,
1538 2046 1573 2083 &
1603 2043 1776 2093 diuinae,
1815 2045 1850 2081 ἃ
1878 2043 2072 2080 humanae
2099 2039 2204 2078 varie

280 2107 476 2150 spectatur
502 2100 722 2138 auctoritas.
750 2101 852 2138 Nam
878 2100 1052 2149 illarum,
1079 2100 1262 2137 naturalis
1284 2099 1444 2148 inquam
1472 2099 1507 2136 δε
1535 2097 1689 2136 diuinae
1717 2095 1853 2146 Legis,
1875 2095 2088 2134 auctoritas
2103 2093 2204 2131 inter

278 2155 406 2192 bonos
449 2155 485 2192 δι
524 2153 610 2203 pios
639 2160 746 2191 extra
773 2165 932 2191 omnem
961 2153 1267 2190 controuersiam
1296 2160 1353 2190 est
1381 2151 1523 2202 posita:
1567 2150 1886 2200 quandoquidem
1915 2156 2118 2197 Vtramque
2147 2145 2206 2184 sui

278 2213 455 2245 auctores
482 2208 532 2245 ab
561 2206 669 2244 omni
697 2205 983 2255 controuersia,
1025 2205 1285 2255 dubitatione,
1327 2207 1361 2243 δι
1390 2205 1610 2254 suspicione
1640 2203 1800 2241 omnino
1829 2201 2041 2240 vindicant.
2085 2200 2204 2237 Natu-

281 2261 401 2298 ralem
441 2260 582 2309 probat
622 2266 777 2308 natura,
820 2259 993 2297 diuinam
1033 2260 1158 2297 Deus:
1196 2261 1219 2296 a
1252 2258 1392 2308 quibus
1429 2257 1652 2295 auctoribus
1687 2256 1846 2294 nomina
1886 2262 1974 2292 sunt
2008 2251 2203 2302 imposita.

278 2314 465 2350 Naturam
491 2319 620 2351 autem
647 2313 779 2360 testi(f.
809 2314 921 2362 1500)
946 2313 1129 2350 ficantem
1157 2312 1253 2361 Legi
1268 2324 1358 2349 suae
1374 2324 1510 2349 omnes
1535 2310 1713 2348 homines
1734 2308 2202 2357 sentiunt&agnoscunt,

280 2372 510 2416 oppugnant
537 2365 627 2403 mali
658 2365 793 2403 studiis
821 2364 1116 2415 particularibus
1144 2364 1313 2414 abrepti,
1342 2365 1377 2401 δε
1393 2366 1530 2402 colunt
1544 2363 1656 2412 boni,
1680 2364 1809 2400 Deum
1823 2363 1916 2398 vero
1931 2360 2202 2399 testificantem

279 2418 539 2457 communiter
566 2418 720 2468 plurimi
748 2418 937 2469 sentiunt,
967 2421 1002 2456 δε
1030 2417 1080 2468 pij
1110 2418 1182 2456 soli
1210 2417 1427 2468 percipiunt
1442 2416 1708 2454 efficacissime
1724 2428 1792 2464 per
1807 2412 2204 2452 communicationem

280 2471 452 2520 Spiritus.
482 2472 594 2519 Quae
622 2472 711 2509 cum
739 2470 791 2509 ita
815 2471 910 2521 sint,
939 2471 1138 2509 verissime
1166 2471 1263 2509 illud
1292 2470 1515 2515 statuimus,
1548 2475 1723 2507 neutram
1749 2474 1858 2517 posse
1887 2468 1911 2503 ὰ
1939 2478 2128 2515 quoquam
2142 2470 2206 2514 op-

274 2526 445 2573 puqnarz‘
468 2527 549 2562 sine
574 2526 843 2572 indignas-<ima
866 2527 905 2562 ill
933 2526 1082 2573 Deam,
1111 2531 1313 2574 naturam,
1344 2537 1489 2569 omnes,
1520 2524 1685 2571 adestque
1711 2534 1749 2558 se
1775 2522 1897 2570 {psum
1911 2520 2070 2556 iniuria.
2101 2518 2203 2555 Nam

278 2578 481 2626 quomodo
523 2589 605 2615 non
648 2577 791 2615 afficiat
831 2577 862 2615 is
895 2577 1032 2615 iniuria
1060 2579 1208 2627 Deum,
1237 2578 1302 2626 qui
1330 2578 1454 2626 legem
1483 2575 1601 2625 ipsius
1631 2580 1853 2624 oppugnat:
1898 2584 1987 2610 cum
2015 2571 2078 2609 ille
2104 2580 2203 2607 vnus

277 2629 324 2667 sit
350 2629 583 2680 principium
612 2630 827 2668 vniuersale
855 2637 1015 2668 naturae
1043 2633 1249 2679 rerumque
1277 2630 1451 2668 omnium
1480 2627 1632 2677 quaein
1648 2635 1784 2665 natura
1799 2632 1905 2674 sunt,
1922 2622 2203 2673 &principium

276 2695 486 2721 commune
513 2696 560 2721 ac
589 2683 780 2732 singulare
807 2683 952 2732 gratiae
979 2683 1019 2720 in
1046 2684 1222 2720 Ecclesia
1250 2682 1341 2720 sua?
1370 2695 1419 2720 an
1449 2685 1540 2720 vero
1571 2694 1652 2718 non
1681 2687 1780 2718 esset
1809 2680 1928 2716 homo
1958 2677 1998 2714 in
2026 2683 2205 2713 naturam

275 2735 399 2784 ipsam
426 2735 601 2786 iniurius,
630 2736 696 2785 qui
724 2737 870 2785 Legem
897 2738 921 2773 a
948 2742 1085 2774 natura
1114 2737 1244 2773 datam
1275 2738 1310 2774 &
1339 2735 1569 2784 impressam
1598 2734 1638 2771 in
1666 2732 1843 2770 omnium
1865 2730 2060 2768 mentibus
2083 2734 2205 2766 tentat

276 2786 521 2827 conuellere?
549 2801 600 2827 an
627 2788 743 2827 etiam
772 2788 892 2827 iustus
920 2789 958 2826 in
986 2800 1225 2838 quemquam
1240 2788 1444 2827 hominum
1457 2785 1709 2837 pronunciari
1723 2784 1858 2835 possit,
1882 2783 1950 2833 qui
1965 2780 2204 2838 atrocissima

2134 2839 2209 2870 lsta
