2334 3020
757 103 970 132 THESES
1016 100 1449 130 THE01.(›GICAE.
2015 98 2084 136 193

148 216 328 263 Sanctus,
364 225 444 251 non
475 219 622 251 contra.
668 211 833 250 Accedit
862 212 897 248 82
928 210 1071 249 Christi
1109 209 1256 247 dictum
1292 210 1379 246 cnm
1411 210 1527 245 alium
1558 213 1681 245 testem
1712 208 1869 245 Patrem
1899 206 2087 255 appellat,

147 270 288 306 loamz.
319 277 353 317 5.
384 279 446 315 32.
476 267 511 304 δι
541 265 730 316 Spiritum
760 265 942 303 Sanctum
972 266 1089 302 alium
1120 264 1367 300 l'arasle’tlmc
1398 263 1511 299 least.
1545 273 1604 307 14.
1638 262 1696 298 16.

203 333 238 369 7.
295 320 474 358 Vidimus
502 319 595 369 quid
623 319 671 357 sit
701 317 835 367 Filius,
863 317 940 355 iam
969 319 1003 355 δι
1032 315 1156 366 qualis
1185 316 1407 354 videamus:
1439 321 1495 353 est
1523 321 1652 352 autem
1679 313 1852 351 eiusdem
1868 323 1957 350 cum
1974 313 2088 349 Patre

148 374 336 412 essentiae
365 372 446 411 siue
476 373 701 421 ὀμοοὺσιος,
729 385 775 410 ac
802 384 882 410 non
912 371 1153 419 όμοιούσιος;
1183 376 1223 407 vt
1252 368 1498 407 concedebat
1531 367 1655 405 Arius.
1683 380 1773 404 narn
1794 367 1884 403 cum
1915 376 2012 403 vnus
2042 364 2089 402 sit

150 429 299 464 tantum
328 428 455 475 Deus,
481 434 523 462 vt
551 425 668 462 Filius
696 426 802 463 Deus
830 424 877 462 sit
904 436 1002 461 vnus
1033 424 1094 461 ille
1123 425 1230 461 Deus
1258 428 1427 472 oportet.
1455 432 1555 470 quac
1583 420 1706 458 vnitas
1730 418 2088 457 Patridiuinitatem

152 493 229 517 non
274 479 394 529 tollit,
431 491 503 515 nec
541 477 695 527 Spiritui
731 479 767 516 S.
798 478 892 527 quin
920 489 996 515 vna
1025 476 1244 525 eademque
1272 475 1436 514 essentia
1466 474 1588 512 tribus
1617 473 1690 511 illis
1719 471 1893 523 personis
1920 478 2003 509 tota
2032 474 2089 519 (vt

151 540 241 583 pote
269 532 418 570 infinita
446 532 482 569 Sc
510 530 810 580 impartibibilis)
842 531 890 569 sit
917 529 1158 578 communis,
1188 529 1292 567 vnde
1318 529 1489 567 Iehouae
1520 539 1666 565 nomen
1694 527 1727 564 ei
1749 524 2090 575 tribuitur,essen-

152 587 243 624 tiam
278 585 449 622 diuinam
488 583 655 621 maxime
684 591 844 634 notans,
874 586 908 622 ἃ
937 582 1011 620 Dei
1039 582 1294 632 proprietates
1323 582 1372 620 de
1400 581 1466 619 illo
1499 579 1790 630 praedicantur,
1818 579 1924 627 (subd
1947 580 1998 616 sit
2022 591 2093 615 rex

144 640 319 686 gloriae,
353 651 383 678 1,
417 637 508 674 Cor.
541 650 575 675 2.
603 639 638 674 8.
671 638 970 688 καρδιογνώςης,
999 638 1113 674 loon.
1146 649 1179 672 2.
1212 649 1271 682 24.
1302 635 1364 672 cui
1387 636 1423 673 δε
1447 633 1694 684 operationes
1708 633 1865 671 diuinae
1881 631 2093 669 attribuun-

151 700 232 741 tur,
279 692 438 728 Creare.
480 692 567 728 loa.
608 703 639 727 1.
677 703 713 739 3.
754 692 834 728 Cot.
870 704 901 728 1.
935 691 994 727 16.
1031 690 1133 727 Heb.
1169 702 1201 727 1.
1234 702 1292 726 10.
1330 689 1522 725 remittere
1539 692 1722 738 peccata,
1750 689 1855 725 stlat.
1887 698 1923 735 9.
1953 687 1990 722 8.
2019 686 2091 722 ἃς.

152 744 260 793 quod
289 756 405 793 posse
432 742 586 781 Iudaeis
615 743 842 781 mirantibus
869 743 950 792 ipse
980 742 1169 780 miraculo
1198 741 1400 792 probauit,
1431 741 1504 779 &c.

206 800 243 836 8.
298 796 404 834 Hinc
446 795 608 846 emergit
648 796 767 846 ipsius
811 795 1034 844 aeternitas,
1072 794 1103 833 si
1131 794 1234 833 enirn
1263 794 1362 832 Filio
1390 794 1465 833 Dei
1493 792 1658 832 essentia
1688 793 1894 843 competit:
1927 802 2016 829 eum
2044 790 2095 828 ab

155 857 315 888 aeterno
358 862 440 888 esse
482 849 666 898 sequitur.
707 850 808 887 Cum
846 852 903 898 (vt
936 848 988 886 ait
1014 849 1183 886 Iacobus
1211 854 1294 899 cap.
1327 861 1361 884 2.
1396 858 1455 895 17.
1484 849 1523 884 in
1552 847 1639 883 Deo
1667 860 1742 884 mm
1772 848 1823 884 sit
1847 846 2004 883 mutatio
2032 856 2097 881 nec

152 904 373 941 mutationis
401 903 659 940 adumbratio.
687 904 824 952 Itaque
853 903 954 940 male
984 902 1278 951 Samosatenus,
1308 900 1373 950 qui
1402 900 1541 938 Filium
1571 906 1664 937 tunc
1679 900 1848 949 primum
1864 898 1990 936 aiebat
2005 896 2097 935 exti-

154 957 265 1007 tisse,
306 957 395 994 cum
439 955 477 993 in
521 955 678 1005 virginis
714 962 824 994 vtero
853 961 1069 1004 conceptus
1097 960 1175 1002 est,
1204 956 1238 992 δι
1266 956 1289 991 a
1316 964 1396 1002 quo
1426 966 1505 991 non
1534 954 1652 1002 longe
1679 954 1790 990 abest
1818 953 2000 990 Seruetus
2029 949 2095 999 qui

153 1018 304 1048 tantum
333 1017 373 1047 vt
402 1009 440 1046 in
470 1010 582 1046 Patre
609 1009 834 1057 decretum,
863 1021 943 1046 non
972 1007 1125 1045 realiter
1147 1007 1369 1045 distinctam
1385 1007 1535 1044 aPatre
1551 1007 1762 1044 Personam
1778 1004 1946 1044 extitisse
1961 1003 2098 1053 tradit,

154 1062 361 1101 nobiscum
389 1061 481 1100 facit
508 1064 676 1100 Ioannes
704 1062 771 1112 qui
799 1061 911 1112 dicit,
940 1063 991 1098 In
1008 1061 1208 1110 principio
1236 1066 1315 1109 cap.
1352 1073 1384 1098 1.
1417 1073 1450 1097 1.
1470 1059 1621 1108 fuisse:
1649 1061 1684 1097 &
1712 1058 1796 1108 ipsa
1823 1057 2020 1108 Sapientia
2047 1057 2097 1094 de

154 1129 195 1154 se
238 1122 397 1154 testatur
438 1117 473 1153 δι
511 1114 731 1165 praedicat,
768 1116 891 1152 Pron.
922 1116 959 1152 8.
992 1127 1010 1150 2
1017 1124 1052 1163 5.
1081 1126 1119 1151 se
1152 1114 1240 1151 ant&
1267 1114 1379 1150 colles
1398 1112 1600 1161 formatos
1622 1113 1795 1160 genitam
1825 1124 1920 1156 esse,
1949 1113 1984 1149 &
2012 1122 2098 1160 per—

155 1169 287 1219 spicue
316 1168 491 1207 Christus
519 1168 557 1206 in
586 1168 823 1218 Euangelio,
850 1169 966 1205 Ioan.
999 1177 1059 1215 17.
1090 1177 1124 1215 5.
1152 1167 1276 1204 Pater
1299 1167 1488 1215 glorifica
1515 1178 1573 1203 me
1600 1166 1671 1202 illa
1689 1166 1828 1213 gloria
1850 1177 1965 1214 quam
1981 1168 2098 1201 tecum

156 1223 276 1260 ltabm'
303 1223 390 1259 anti?
417 1223 519 1260 iacta
546 1222 681 1258 mundi
695 1221 973 1271 fundamenta.

210 1289 247 1324 9.
303 1274 594 1325 Sapientissimo
636 1277 730 1312 vero
770 1273 1036 1322 altissimoque
1078 1272 1153 1310 Dei
1194 1271 1361 1310 consilio
1405 1271 1580 1310 secunda
1615 1271 1681 1309 illa
1708 1269 1908 1309 Trinitatis
1936 1281 2104 1320 persona

158 1328 287 1378 potius
329 1335 506 1366 naturam
549 1328 759 1365 humanam
794 1326 1021 1376 assumpsit,
1056 1338 1137 1364 non
1166 1327 1280 1364 Pater
1308 1332 1374 1363 aut
1401 1325 1566 1375 Spiritus
1594 1325 1632 1363 S.
1660 1337 1735 1363 nec
1765 1324 1868 1362 enim
1896 1325 2010 1361 Pater
2039 1322 2105 1371 qui

158 1384 246 1419 fons
280 1380 512 1431 diuinitatis,
549 1383 585 1419 ἃ
613 1383 638 1418 a
665 1392 744 1429 quo
773 1392 965 1431 personae
993 1378 1111 1429 aliae,
1139 1378 1333 1417 humiliari
1361 1385 1532 1428 poterat:
1562 1378 1632 1417 sed
1659 1389 1880 1428 congruens
1909 1376 2008 1415 Filio
2037 1375 2107 1413 fuit

158 1442 199 1473 vt
226 1434 294 1484 qui
323 1437 417 1484 (qua
443 1434 562 1472 Filius
592 1435 628 1472 &
655 1436 679 1472 a
707 1435 835 1482 Patre)
865 1433 1165 1483 quodammodo
1197 1445 1246 1470 eo
1275 1433 1403 1470 mittor
1431 1437 1542 1483 esset,
1558 1439 1598 1470 vt
1614 1431 1786 1481 loquitur
1801 1430 2106 1479 Basilius,Pln·l.

162 1502 195 1526 2.
227 1490 263 1527 6.
293 1488 396 1525 vnde
433 1500 503 1537 per
530 1486 663 1525 omnia
690 1486 792 1525 Patri
821 1500 860 1525 se
890 1486 1143 1525 obedientem
1173 1485 1382 1537 praestitit,
1412 1485 1529 1524 etiam
1557 1492 1597 1523 vt
1625 1485 1743 1523 Filius
1771 1486 1882 1523 fieret
1908 1483 1946 1521 in
1975 1484 2107 1521 huma-

160 1541 298 1588 nitate,
333 1541 401 1590 qui
437 1541 473 1578 &
509 1540 549 1578 in
579 1540 781 1579 diuinitate
809 1548 887 1590 est,
916 1552 997 1578 non
1025 1542 1119 1577 vero
1149 1539 1188 1577 in
1216 1552 1293 1577 vna
1321 1541 1455 1588 Pater,
1483 1539 1523 1577 in
1551 1540 1674 1577 altera
1701 1538 1839 1576 Filius:
1869 1537 1937 1576 sed
1965 1536 2110 1585 vbique

162 1602 324 1643 vtraque
352 1593 573 1643 natiuitate,
601 1607 692 1631 nam
720 1594 751 1632 si
779 1594 995 1632 mitteretur
1023 1594 1158 1642 Pater,
1187 1594 1238 1631 ab
1265 1592 1342 1631 alio
1370 1604 1452 1630 non
1479 1595 1502 1630 a
1529 1605 1571 1630 se
1594 1598 1805 1642 putaretur.
1837 1590 1998 1641 Spiritus
2013 1601 2107 1639 quo-

160 1660 235 1698 que
263 1649 448 1697 Sanctus,
477 1647 568 1696 quia
595 1649 618 1684 a
646 1649 757 1685 Patre
786 1649 820 1686 ἃ
848 1650 872 1685 a
899 1647 997 1685 Filio
1022 1645 1221 1696 procedit,
1246 1645 1297 1684 ita
1313 1645 1681 1684 conuenientissime
1696 1652 1786 1695 post
1801 1644 1943 1683 Filium
1959 1641 2107 1681 mundo

162 1700 351 1739 declarari
378 1701 567 1751 debebat,
601 1700 710 1738 cuius
739 1701 940 1751 proprium
970 1706 1027 1738 est
1055 1699 1199 1738 Christi
1228 1699 1421 1738 beneficia
1449 1699 1665 1750 applicare,
1694 1710 1940 1749 regenerare,
1969 1697 2004 1734 &
2030 1695 2110 1733 illu-

162 1754 310 1792 minare
337 1754 458 1792 corda
486 1761 632 1792 nostra.
661 1767 752 1792 nam
781 1755 812 1792 si
841 1760 930 1792 ante
958 1752 1121 1803 Filium,
1149 1752 1269 1791 Filius
1298 1754 1349 1791 ab
1379 1765 1426 1791 eo
1454 1753 1674 1804 procedere
1702 1758 1924 1802 putaretur,
1952 1762 2032 1788 non
2057 1748 2108 1786 ab

160 1809 239 1846 hoc
268 1807 348 1846 ille:
378 1807 431 1845 ita
459 1814 634 1846 seruatur
662 1820 918 1857 personarum
948 1807 1059 1845 ordo.

221 1874 279 1899 10.
335 1862 540 1899 Hactenus
572 1862 621 1899 de
648 1860 780 1899 diuina
807 1868 962 1911 natura,
992 1859 1068 1898 iam
1103 1860 1152 1897 de
1180 1860 1370 1897 humana:
1401 1871 1518 1908 quam
1547 1859 1599 1897 ita
1627 1872 1760 1898 veram
1788 1859 1827 1896 in
1856 1856 2014 1896 Christo
2029 1867 2112 1894 esse

164 1914 390 1965 asserimus,
418 1921 459 1952 vt
487 1913 670 1953 omnibus
703 1915 832 1953 modis
860 1913 1110 1964 assumpserit
1139 1912 1254 1951 etiam
1283 1924 1372 1951 cum
1401 1913 1502 1951 illius
1530 1912 1747 1952 defectibus
1772 1911 1934 1962 quisine
1948 1915 2113 1960 peccato

166 1975 275 2019 sunt,
312 1967 404 2006 licet
445 1970 468 2005 a
509 1975 674 2018 peccato
711 1974 752 2005 vt
782 1981 930 2018 poena:
961 1967 1126 2017 proinde
1157 1967 1248 2004 cum
1277 1979 1358 2004 non
1387 1979 1434 2005 ex
1463 1968 1546 2006 sola
1574 1966 1705 2004 anima
1733 1973 1798 2004 aut
1827 1976 2016 2014 corpore,
2046 1962 2114 2000 sed

166 2021 338 2071 Vtrisque
367 2020 587 2059 coniunctis
615 2027 750 2059 nostra
776 2028 916 2060 natura
943 2026 1116 2069 constet,
1144 2020 1243 2058 haec
1276 2019 1392 2058 etiam
1421 2019 1460 2058 in
1489 2019 1609 2070 ipsius
1636 2025 1774 2058 natura
1802 2029 1892 2056 cum
1922 2016 1999 2055 suis
2028 2028 2116 2066 pro-

168 2074 396 2124 prietatibus
425 2074 695 2113 essentialibus
726 2075 982 2124 reperiuntur.

226 2141 284 2166 11.
339 2128 469 2166 Primo
500 2127 698 2166 Christum
727 2129 896 2166 animam
924 2126 1128 2177 habuisse,
1155 2139 1230 2164 nec
1258 2139 1332 2176 pro
1361 2127 1490 2165 anima
1519 2127 1669 2165 vnitum
1686 2128 1816 2177 λόγον.
1845 2123 2116 2172 contraApol-

168 2181 330 2220 linarem
372 2188 535 2220 testatur
577 2181 793 2232 Scriptura:
836 2183 927 2219 cum
955 2180 1028 2231 ipsi
1056 2180 1238 2218 distincte
1267 2180 1439 2218 animam
1469 2180 1660 2230 attribuit,
1690 2187 1886 2228 etiamque
1916 2178 2120 2215 facultates

171 2234 335 2273 animae.
377 2234 554 2273 Christus
597 2233 700 2273 enim
743 2235 873 2282 dolet,
915 2236 1082 2272 animam
1112 2247 1221 2271 suam
1263 2235 1458 2271 tristatam
1487 2235 1543 2271 ad
1574 2237 1752 2283 mortem,
1779 2232 1928 2270 Alattlz.
1961 2232 2024 2269 26.
2053 2231 2117 2279 38.

171 2288 373 2326 facultates
417 2290 510 2326 vero
546 2285 768 2326 statuuntur
802 2288 874 2338 ipsi
915 2287 1067 2326 animae
1101 2286 1304 2337 propriae:
1339 2287 1433 2324 dum
1462 2286 1502 2325 in
1531 2287 1731 2337 Sapientia
1747 2287 1969 2336 profecisse
1996 2283 2120 2332 (quod

172 2341 388 2380 intellectus
419 2341 579 2379 humani
606 2342 827 2392 proprium)
854 2342 982 2379 Lucas
1010 2339 1211 2390 meminit,
1244 2353 1275 2377 2.
1308 2353 1370 2387 40.
1401 2340 1436 2377 δε
1464 2340 1580 2379 aliam
1604 2339 1776 2378 adiuina
1790 2339 2032 2377 voluntatem
2048 2335 2121 2374 dis-

172 2394 333 2432 tinctam
362 2407 402 2433 se
430 2395 577 2433 habere
605 2395 798 2445 ostendit,
828 2396 919 2433 cum
935 2395 1095 2445 ait,non
1111 2406 1195 2430 mea
1210 2395 1279 2430 scd
1289 2399 1357 2431 tua
1372 2395 1642 2443 voluntasfiat
1652 2395 1774 2431 Pater
1787 2394 1850 2430 mi.
1867 2393 1962 2430 Luc.
1981 2402 2120 2436 22.42.

231 2461 289 2485 12.
345 2448 500 2498 Corpus
543 2450 635 2486 vero
676 2461 756 2486 non
783 2449 1075 2498 phantasticum
1110 2446 1315 2497 habuisse,
1343 2453 1384 2484 vt
1413 2447 1550 2486 docuit
1577 2445 1757 2484 Marcion
1788 2445 1869 2494 (cui
1897 2444 2000 2482 enim
2028 2455 2123 2481 cor-

175 2500 282 2550 poris
324 2501 581 2551 proprietates
609 2501 852 2553 essentiales,
882 2501 948 2551 qui
976 2513 1056 2539 non
1087 2501 1122 2537 &
1156 2499 1236 2538 veri
1265 2500 1442 2550 corporis
1469 2513 1616 2539 nomen
1644 2498 1839 2538 tribuetur
1850 2495 1879 2547 ἓ)
1908 2496 2123 2548 palpabile,

177 2555 273 2592 Luc.
305 2567 366 2601 24.
397 2567 460 2604 39.
484 2555 577 2593 loco
605 2554 1007 2605 circumscriptiuum,
1039 2555 1126 2592 Act.
1155 2565 1192 2602 3.
1223 2567 1284 2591 21.
1315 2553 1431 2592 nobis
1461 2560 1518 2593 est
1545 2552 1885 2603 indubitatum,vt
1898 2557 1988 2602 post
2003 2560 2125 2588 resurn

179 2606 394 2646 rectionem
422 2608 602 2646 Thomae
630 2607 916 2657 phantasticam
945 2608 1143 2657 quandam
1170 2606 1453 2656 apparitionem
1470 2605 1823 2657 suspicanti,fecit:
1852 2605 2026 2656 Spiritus
2040 2616 2126 2641 car-

179 2673 261 2699 nem
300 2662 349 2698 ἐφ’
380 2674 470 2699 ossa
509 2675 582 2699 non
616 2662 731 2699 habet
754 2664 853 2699 sicut
878 2675 935 2698 me
961 2662 1094 2701 videtis
1122 2660 1276 2698 habere.
1307 2661 1400 2699 Luc.
1432 2674 1492 2708 24.
1522 2673 1584 2710 39.
1614 2673 1687 2698 nec
1716 2661 1808 2698 sane
1835 2656 2062 2707 imaginaria
2090 2657 2125 2693 ἅ*

181 2713 426 2762 phantastica
458 2714 608 2764 passio,
636 2723 889 2764 peccatorum
919 2721 1116 2753 tantorum
1146 2725 1239 2751 vera
1267 2713 1302 2750 δι
1334 2714 1446 2752 realis
1474 2714 1686 2753 satisfactio
1715 2725 1797 2751 esse
1826 2711 2028 2762 potuisset.

237 2780 295 2816 13.
353 2768 438 2805 Nec
481 2768 590 2805 iuxta
631 2768 977 2819 Anabaptistarum
1022 2778 1127 2805 noua
1171 2766 1304 2804 deliria
1341 2770 1494 2805 coeleste
1520 2774 1658 2817 corpus
1686 2766 1736 2804 de
1763 2766 1877 2803 coelo
1905 2770 2129 2814 exportasse

1135 2832 1154 2856 2
1160 2830 1181 2869 5
1914 2816 2108 2855 credimus
2117 2842 2129 2865 ,
