2334 3020
807 104 1077 133 FRANCISCI
1122 107 1248 139 JUNll
1295 106 1425 131 VITA.
2035 93 2114 147 13¹

144 213 393 263 Albaspinei,
421 210 591 249 familiae
617 218 773 249 nostrae
802 211 1074 261 ·1mantissimi,
1103 214 1138 250 &
1166 224 1257 250 cum
1286 211 1510 261 parentibus
1539 212 1634 250 meis
1656 212 1984 253 coniunctissimi:
2013 216 2082 264 qui

143 267 340 305 honorum
381 264 709 324 amplissimorum
740 277 849 314 spem
878 267 1127 304 ostentabant
1157 266 1192 303 &
1221 265 1416 304 faciebant
1444 276 1612 315 certam,
1654 265 1685 304 si
1713 266 1878 305 consilio
1908 267 2080 317 ipsorum

143 317 478 369 importunissimo
503 316 762 366 acquieuisset
787 324 907 367 pater.
937 319 1065 357 Semel
1093 326 1250 368 paratus
1279 318 1332 356 fui
1354 317 1427 355 illis
1441 318 1689 368 auctoribus,
1718 326 1758 357 vt
1773 333 1812 357 111
1828 321 2080 359 Germaniam

144 372 316 411 venirem
356 382 472 421 puer,
513 370 704 408 sermonis
735 370 964 410 addiscendi
1005 384 1159 410 caussa:
1201 373 1323 410 semel
1350 370 1389 409 in
1419 370 1650 409 Rhoetiam:
1692 371 1751 410 bis
1777 372 1997 425 accinctus,
2040 382 2081 412 vt

144 423 527 483 Constantinopolim
555 423 845 473 proficiscerer,
887 425 922 462 &
951 424 989 462 in
1018 424 1230 464 honorario
1258 424 1395 474 Legati
1425 424 1536 474 Regij
1568 424 1757 462 comitatu
1783 439 1958 476 agerem
2003 439 2081 476 qua

143 478 192 516 de
234 490 276 516 re
309 477 461 526 saepius
502 475 762 526 interpellauit
801 483 971 527 patrem:
1014 478 1166 527 saepius
1207 477 1451 527 admonitus,
1493 484 1534 516 vt
1562 477 1601 515 111
1629 477 1798 516 aulicum
1826 479 2079 518 ministerium

143 530 305 580 aliquod
345 536 412 568 aut
451 530 490 567 in
531 528 701 568 rationes
742 529 851 580 regni
891 530 1098 569 discendas
1140 532 1176 568 8:
1212 531 1508 581 cognoscendas
1537 544 1599 569 me
1627 532 1781 580 darem,
1810 532 1845 569 &
1874 533 2080 571 Cameram

143 586 275 633 (prout
314 583 531 632 appellatur
569 583 702 632 vulgo)
745 591 940 633 auratam,
982 595 1082 633 quae
1123 584 1305 623 Lutetiae
1343 591 1418 635 est,
1459 585 1757 634 frequentarem.
1790 586 1898 622 Inter
1924 593 2080 624 caetera

141 635 395 674 consiliorum
435 635 598 673 istorum
640 643 868 686 argumenta
908 637 1067 675 memini
1104 639 1181 676 hoc
1213 637 1423 686 aliquando
1451 639 1475 675 a
1501 637 1713 676 Francisco
1742 637 1984 688 Albaspineo
2013 652 2078 678 me

140 688 342 738 audiente,
382 688 543 734 adduci,
587 690 696 737 quod
735 690 853 739 vulgo
881 689 920 727 in
958 689 1088 728 Gallia
1116 690 1194 728 dici
1220 692 1338 740 solet,
1379 692 1481 730 viam
1509 691 1662 728 scholae
1689 703 1767 728 esse
1794 692 2078 740 longzUssmlam

141 753 259 790 quem
287 754 509 780 sermonem
539 741 602 779 ille
631 741 685 780 sic
711 741 1054 808 interpretabatur,
1082 751 1125 781 vt
1153 743 1246 781 alias
1270 750 1389 792 artes,
1417 742 1617 792 scientias
1647 743 1926 794 occupationes
1945 757 2082 784 omnes

141 793 252 833 breui
279 793 404 844 spatio
433 794 530 832 disci
558 795 594 832 &
621 795 745 833 teneri
773 808 888 854 posse
916 809 940 833 a
967 795 1167 834 iuuentute
1196 796 1440 835 ostenderet:
1470 795 1508 834 in
1526 795 1661 835 studiis
1675 800 1769 836 vero
1785 797 1975 847 plurimos
1991 801 2080 836 ante

139 860 446 897 consenescere,
490 854 557 885 aut
585 847 701 886 etiam
729 848 886 887 immori
914 851 1033 898 quam
1060 850 1231 887 fructum
1260 849 1429 898 aliquem
1459 856 1637 899 optatum
1665 849 1884 889 studiorum
1912 858 1979 888 aut
2008 850 2082 910 ipsi

140 907 345 960 caperent,
386 908 452 939 aut
478 900 517 938 in
545 900 640 939 alios
676 905 733 950 (vt
762 914 831 951 par
857 904 930 949 est)
960 902 1286 941 transfunderent.
1319 902 1398 940 Hic
1428 905 1522 941 vero
1551 910 1662 961 pater
1688 910 1841 949 nutare,
1885 904 2082 953 assentiri,

142 953 355 1004 dissentiri,
385 966 695 1004 magnorumque
721 955 894 992 virorum
922 955 1162 1005 auctoritati,
1192 954 1384 1005 consiliis,
1411 955 1614 1014 promissis
1635 957 1756 994 mode
1772 957 1930 1006 cedere,
1959 958 2080 995 modo

141 1018 320 1045 renuere:
349 1007 477 1046 donec
505 1007 686 1057 tandem,
713 1009 916 1057 explorato
945 1008 1112 1045 naturali
1139 1009 1292 1057 pudore
1320 1020 1409 1046 meo
1438 1008 1474 1045 &
1501 1008 1704 1046 rusticiore
1731 1009 1798 1048 1110
1822 1009 1977 1068 ingenio
1994 1010 2080 1048 sim-

141 1059 353 1109 plicitatem
382 1061 559 1110 colente,
587 1059 785 1109 vitamque
812 1060 979 1098 aulicam
1007 1061 1042 1098 &
1071 1060 1250 1110 politicas
1279 1061 1460 1110 strophas
1487 1068 1709 1112 auersante,
1738 1062 1939 1100 constituit
1966 1065 2080 1112 plane

141 1112 386 1162 faciendum,
414 1125 465 1151 ne
492 1114 543 1151 ab
571 1113 638 1151 illo
665 1113 841 1152 instituto
870 1125 1049 1151 meorum
1078 1113 1297 1151 studiorum
1327 1125 1442 1151 cursu
1470 1113 1551 1163 (qui
1578 1116 1829 1164 perplacebat
1856 1115 1944 1165 ipsi)
1959 1117 2080 1154 abdu-

141 1179 260 1204 cerer.
304 1166 382 1204 Sed
422 1172 609 1216 quantum
648 1178 710 1204 me
750 1165 846 1205 istae
872 1179 933 1204 res
959 1167 1009 1204 ad
1040 1167 1214 1204 curanda
1242 1166 1365 1217 magis
1392 1168 1727 1216 prouehendaque
1755 1168 1901 1218 studia,
1943 1171 2081 1207 contra

146 1221 265 1268 qu‘am
292 1220 484 1268 putabant
509 1218 583 1268 illi,
610 1218 818 1257 invitarent
844 1218 1196 1269 sollicitarentque,
1225 1227 1282 1258 est
1296 1219 1539 1258 incredibile.
1570 1219 1725 1258 Etenim
1741 1221 1947 1259 honestam
1961 1221 2080 1259 vitam
2104 1227 2113 1234 “

144 1283 235 1310 011111
263 1271 345 1310 0110
374 1270 620 1322 negotiorum
649 1271 805 1310 illorum
833 1271 1002 1310 molibus
1029 1272 1217 1322 anteponi
1245 1274 1438 1311 ducebam
1468 1280 1669 1322 oportere,
1711 1273 1893 1312 conscius
1921 1282 2080 1312 naturae

140 1325 176 1362 &
203 1324 435 1363 infirmitatis
461 1337 584 1363 meae.
612 1326 761 1363 Natura
788 1324 1075 1375 simplicitatem
1104 1326 1279 1364 amabat.
1309 1328 1442 1364 fucum
1470 1327 1506 1364 &
1534 1325 1728 1364 fallaciam
1751 1327 1888 1365 oderat
1905 1339 2005 1387 quae
2020 1340 2080 1366 res

141 1378 179 1415 in
221 1376 403 1416 omnibus
444 1379 565 1416 ferme
607 1378 786 1416 humanis
827 1378 1015 1426 consiliis,
1056 1379 1198 1428 quibus
1239 1378 1413 1428 interfui,
1453 1378 1649 1429 ingratum
1678 1392 1740 1418 me
1768 1387 1884 1429 atque
1912 1380 2078 1419 inuisum

141 1429 328 1480 reddidit3
356 1441 499 1479 quum,
527 1430 680 1470 abiecta
707 1430 816 1469 omni
844 1434 1162 1482 προσωποληψία
1188 1435 1406 1483 παρῥησίοιν
1433 1431 1649 1482 simplicem
1667 1439 1875 1472 statuerem
1891 1446 1975 1471 0550
1989 1434 2079 1472 fidei

142 1495 252 1522 meae
291 1482 331 1520 in
359 1483 531 1522 consiliis
564 1491 703 1522 testem
731 1491 926 1544 oportere.
954 1484 1163 1522 Infirmitas
1189 1488 1284 1523 vero
1312 1485 1464 1549 pudore
1493 1485 1558 1524 1110
1587 1498 1704 1536 quem
1730 1489 1819 1525 ante
1848 1485 1947 1536 dixi,
1988 1499 2080 1524 con-

141 1535 295 1587 stricta,
322 1537 451 1575 aSole
480 1536 609 1575 aulico
639 1537 714 1575 sibi
742 1537 818 1575 iam
846 1543 952 1585 tum,
981 1543 1023 1575 vt
1050 1538 1141 1575 cum
1169 1538 1358 1587 maxime,
1387 1540 1600 1578 metuebat.
1628 1541 1760 1588 Atque
1775 1540 1855 1578 hoc
1870 1539 2077 1578 consilium

141 1601 270 1628 meum
297 1589 510 1628 adiuuabat
536 1590 875 1629 vehementissime
902 1590 1022 1640 patris
1050 1593 1184 1640 (quem
1198 1592 1407 1630 reuerebar
1421 1593 1648 1641 plurimum)
1664 1592 1887 1631 auctoritas.
1916 1594 2017 1630 Nam
2033 1606 2080 1630 ex

139 1654 218 1692 quo
260 1649 447 1681 statutum
485 1643 622 1682 habuit
661 1644 711 1682 de
753 1657 817 1682 me
857 1643 898 1681 in
925 1642 1060 1682 studiis
1087 1644 1252 1694 inceptis
1281 1645 1476 1696 fouendo,
1518 1647 1554 1684 &
1583 1645 1850 1684 auocamentis
1878 1645 2080 1695 omnibus,

137 1702 350 1746 Vtcumque
377 1697 508 1746 ampla
536 1698 572 1734 &
599 1696 776 1746 speciosa
803 1703 953 1744 essent,
980 1697 1243 1747 negligendis:
1285 1711 1366 1736 non
1395 1698 1543 1737 destitit
1571 1699 1681 1758 (dum
1711 1699 1819 1738 domi
1849 1701 1947 1747 0131)
1964 1700 2078 1737 me&

140 1747 329 1787 maiorem
357 1750 515 1788 fratrem
540 1749 697 1788 monitis
726 1749 985 1801 grauissimiS,
1013 1750 1255 1802 rationibus,
1285 1751 1492 1802 exemplis,
1519 1752 1769 1802 auctoritate,
1799 1751 1913 1790 minis
1941 1753 1992 1790 ad
2021 1765 2080 1790 ca-

139 1802 331 1851 pessenda
371 1801 498 1840 studia
538 1802 829 1853 diligentissime
868 1803 1080 1842 adhortari
1125 1805 1286 1843 Solebat
1319 1804 1383 1843 ille
1412 1806 1627 1844 acumbens
1656 1806 1707 1844 ad
1736 1818 1909 1844 mensam
1939 1818 2011 1854 pro
2040 1819 2081 1844 re

138 1862 230 1893 nata
255 1855 452 1894 adstantes
479 1868 553 1895 nos
581 1857 697 1906 officij
729 1858 1091 1895 commonefacere:
1125 1857 1353 1907 praesertim
1382 1858 1413 1897 si
1440 1858 1535 1908 quid
1563 1866 1703 1897 contra
1729 1858 1787 1897 ius
1812 1858 2081 1907 rationemque

139 1907 179 1946 in
206 1907 542 1948 administratione
570 1909 729 1959 publica
755 1909 1011 1963 commissum
1039 1909 1386 1961 animaduerteret,
1416 1911 1525 1950 cuius
1554 1924 1627 1950 nos
1650 1925 1815 1962 capaces
1829 1911 2081 1950 arbitraretur

140 1962 238 2000 fore.
278 1962 463 2000 Docebat
502 1962 735 2012 prophetico
776 1965 898 2002 ferme
941 1965 999 2012 (vt
1025 1975 1130 2001 nunc
1158 1963 1253 2002 mihi
1281 1964 1439 2014 quidem
1467 1965 1635 2014 videtur)
1664 1964 1799 2015 spiritu
1827 1965 1996 2003 Galliam
2023 1964 2080 2002 in-

138 2013 284 2064 J'ustitia
310 2016 530 2054 confertam
557 2028 658 2055 esse:
687 2028 767 2055 non
794 2029 912 2067 posse
940 2029 1033 2066 005,
1063 2016 1130 2066 qui
1153 2018 1215 2066 jus
1243 2018 1528 2067 &aequitatem
1544 2021 1650 2057 bona
1665 2017 1905 2057 conscientia
1920 2017 2081 2068 cupiunt

140 2069 293 2117 colere,
333 2067 373 2106 in
414 2068 543 2107 Gallia
583 2069 769 2119 deinceps
809 2071 980 2109 honores
1021 2083 1247 2121 capessere,
1288 2071 1548 2110 vniuersalem
1590 2084 1672 2110 esse
1702 2072 1901 2121 quandam
1928 2078 2080 2121 pestem

137 2127 254 2171 atque
281 2124 339 2170 (vt
365 2121 428 2160 ille
456 2121 665 2181 indignans
691 2123 944 2182 loquebatur)
970 2122 1201 2173 phthiriasin
1216 2124 1504 2174 foedissimam,
1533 2136 1611 2175 qua
1625 2137 1788 2175 regnum
1805 2132 2078 2163 consumatur:

141 2173 222 2212 fieri
249 2186 330 2212 non
357 2187 491 2226 posse,
518 2174 612 2225 quin
640 2175 867 2226 grauissima
894 2176 1224 2226 acerbissimaque
1250 2177 1325 2216 Dei
1348 2179 1500 2237 flagella
1514 2179 1800 2229 superueniant.
1831 2179 2082 2228 Quapropter

140 2239 222 2265 non
251 2240 352 2278 0550,
381 2239 452 2266 cur
477 2235 542 2267 aut
570 2228 686 2268 nobis
713 2230 1001 2268 confideremus
1026 2231 1051 2268 3
1078 2231 1278 2269 bonorum
1306 2231 1439 2281 copia,
1470 2243 1587 2281 quam
1615 2231 1730 2271 nobis
1755 2239 1957 2282 paraturus
1981 2237 2082 2270 esset

139 2279 178 2318 in
208 2293 254 2319 ea
280 2279 457 2340 regione,
501 2280 609 2320 cuius
637 2283 832 2322 horendas
861 2283 1101 2322 calamitates
1129 2283 1260 2322 animo
1290 2283 1566 2343 praeuidebat3
1607 2298 1681 2323 nec
1709 2298 1815 2334 esse,
1854 2297 1922 2323 cur
1951 2285 2000 2323 de
2026 2284 2081 2322 in-

140 2333 279 2372 eundis
317 2332 357 2372 in
400 2347 445 2373 ea
484 2335 702 2374 honoribus
739 2335 1019 2386 cogitaremus.
1061 2338 1084 2374 3
1111 2336 1271 2401 quibus,
1313 2336 1344 2376 si
1370 2315 1587 2376 bonitatem
1615 2337 1881 2377 00115010111130
1909 2337 2080 2387 integrae

138 2393 331 2425 seruatam
359 2398 614 2438 cuperemus,
655 2391 788 2439 fugere
816 2403 880 2428 me
908 2391 944 2428 &
971 2392 1129 2428 fratrem
1157 2402 1276 2439 quam
1303 2390 1532 2451 longissime
1560 2398 1779 2441 oporteret:
1823 2393 1990 2429 Monere
2018 2403 2080 2439 se,

140 2446 181 2478 vt
208 2438 399 2478 rationem
427 2442 543 2491 plane
574 2441 769 2481 diuersam
797 2442 995 2482 ineamus:
1038 2443 1320 2482 haereditatem
1348 2444 1531 2483 scientiae
1559 2451 1601 2483 vt
1627 2457 1924 2495 comparemus,
1966 2443 2082 2482 nobis

139 2492 353 2532 videndum
381 2506 484 2533 0550.
513 2506 615 2544 quae
641 2497 753 2534 firma
779 2497 908 2535 futura
937 2496 1005 2547 sit,
1035 2497 1071 2534 &
1100 2496 1316 2535 certissima
1343 2497 1692 2547 honestissimaque
1717 2499 1818 2537 vitae
1832 2505 1988 2536 nostrae
2004 2497 2082 2534 dux

138 2546 175 2584 &
218 2545 427 2596 magistra:
466 2548 541 2586 hac
581 2548 818 2588 haereditate
848 2549 1058 2589 instructos
1086 2562 1326 2600 quocunque
1352 2550 1531 2602 libuerit,
1571 2564 1647 2590 nos
1675 2551 1797 2590 libere
1825 2564 1872 2589 30
1902 2549 1984 2588 51110
2011 2549 2081 2587 1111-

138 2598 366 2649 pedimento
395 2602 641 2650 profecturos
668 2615 772 2641 esse:
802 2602 833 2642 si
861 2615 938 2652 qua
966 2595 1072 2654 apud
1100 2602 1320 2653 Principem
1349 2605 1470 2642 vllum
1498 2581 1564 2643 3111
1592 2605 1770 2654 rempub.
1802 2602 1977 2642 conditio
2001 2615 2079 2641 non

137 2652 308 2703 placebit
333 2653 469 2704 nobis,
498 2653 652 2693 facilem
679 2655 794 2694 nobis
823 2663 941 2705 atque
969 2657 1194 2705 expeditum
1219 2657 1260 2705 (f.
1278 2659 1330 2706 8.)
1354 2657 1431 2695 3110
1460 2664 1663 2708 receptum
1691 2660 1796 2708 fore,
1812 2655 2083 2707 peregrinante

139 2705 347 2744 nobiscum
375 2706 613 2746 haereditate
643 2716 799 2760 nostra,
826 2721 917 2748 cum
945 2709 1097 2748 honore
1126 2711 1161 2748 &
1189 2709 1311 2760 gratia
1338 2711 1444 2760 apud
1465 2724 1604 2750 omnes
1632 2712 1774 2750 bonos.
1803 2712 1864 2749 De
1891 2709 1951 2747 his
1966 2709 2082 2747 rebus

139 2758 308 2810 grauiter
336 2759 591 2799 disserentem
618 2768 769 2811 patrem
796 2762 862 2800 vix
889 2774 1061 2811 vnquam
1091 2762 1173 2802 sine
1200 2763 1384 2813 lacrymis
1413 2763 1642 2803 audiebam:
1673 2764 1726 2802 ita
1753 2777 1815 2802 me
1831 2764 2083 2853 vehffinenbter

1885 2829 1904 2854 ’1
1951 2828 2009 2854 010
2042 2822 2078 2852 1t
