2334 3020
803 83 1018 113 THESES
1061 84 1489 118 THEOLOGICAE.
2044 100 2134 139 107'

215 192 414 242 rincipalis
443 198 500 230 est
526 193 633 230 Deus
661 192 774 229 Pater
801 190 840 228 in
869 191 948 230 filio
976 204 1046 242 per
1069 192 1253 243 Spiritum
1269 203 1458 235 sanctum.
1487 199 1725 239 Secundaria
1738 208 1827 241 sunt
1841 203 2003 242 ministri
2019 206 2115 257 Dei,

187 247 406 296 Prophetae
447 247 483 283 δι
520 244 721 295 Apostoli7
749 256 847 294 quos
875 245 983 283 Deus
1010 253 1195 296 tanquam
1224 249 1396 289 notarios
1422 251 1602 301 publicos
1630 254 1827 306 adhibuit,
1855 256 1922 306 qui
1951 259 2114 297 verbum

183 310 296 337 suum
322 297 592 349 obsignarent7
621 297 870 348 obsignatum
899 299 1098 338 Ecclesiae
1131 301 1340 341 traderent.
1369 304 1418 342 Se
1448 308 1541 344 vero
1573 306 1794 357 Scripturae
1815 316 2016 350 auctorem
2031 324 2114 351 esse

181 351 275 390 olim
303 358 463 390 testatus
492 357 570 401 θεῖ,
598 351 633 388 &
661 349 835 400 quotidie
862 357 1024 390 testatur
1050 352 1244 392 ordinarie
1272 356 1307 393 δε
1335 357 1657 406 extraordinarie,
1686 362 1949 402 communiter
1976 364 2012 402 &
2039 365 2113 404 sin-

179 404 373 455 gulariter.
401 403 672 443 Communiter
699 410 860 442 testatur
887 405 994 443 Deus
1023 418 1063 444 se
1090 407 1294 446 authorem
1323 410 1543 460 Scripturae
1570 425 1654 452 esse
1669 421 1735 452 aut
1749 416 1967 455 secundum
1982 424 2111 456 ortum

179 458 400 508 Scripturae
427 458 564 496 semel:
594 464 660 495 aut
687 457 901 495 secundum
930 465 1060 497 actum
1092 467 1321 510 perpetuum
1349 462 1387 501 in
1416 464 1593 503 Ecclesia
1620 477 1701 506 sua.
1725 468 1947 507 Secundum
1963 477 2110 522 ortum7

178 510 399 561 Scripturae
427 511 534 549 Deus
562 523 602 549 se
630 516 831 550 auctorem
859 511 1040 561 asseruita
1069 520 1194 552 stante
1221 514 1382 563 quidem
1396 529 1486 556 arca
1500 530 1569 567 per
1584 520 1750 570 fumum,
1777 520 1892 560 &illo
1909 522 2108 563 ordinario

176 563 321 603 indicio
361 576 431 614 per
457 563 569 602 Vrim
596 564 631 601 ἃ
659 563 879 602 Tummim:
916 566 1066 603 sublata
1093 579 1184 605 arca
1212 567 1342 608 multis
1369 569 1452 608 aliis
1478 572 1626 622 modis,
1654 573 1755 612 adeo
1784 580 1825 612 vt
1852 574 1946 614 nihil
1973 583 2109 616 aucto-

177 616 296 656 ritatis
324 623 414 667 post
441 616 686 666 Symbolicas
714 617 797 655 illas
825 616 1125 667 significationes
1153 621 1194 669 (f.
1228 624 1357 672 1595.)
1387 624 1578 674 sublatas,
1605 625 1762 676 reliquis
1778 626 1928 677 scriptis
1945 629 2108 670 deesset.

176 672 220 708 In
242 672 360 710 Nouo
383 671 636 708 Testamento
661 680 701 708 se
721 676 920 709 auctorem
936 684 1068 710 coram
1083 678 1243 712 testatus
1259 682 1336 725 est,
1358 676 1393 713 &
1408 678 1623 726 Apostolos
1638 679 1812 718 notarios
1828 692 1919 719 suos
1936 684 2110 732 agnouit.

229 725 266 762 6.
323 722 511 772 Quotidie
537 726 631 762 vero
661 723 765 761 idem
792 730 952 762 testatur
980 724 1019 763 in
1047 725 1224 764 Ecclesia
1252 739 1342 775 sua,
1373 729 1574 769 maiestate
1601 732 1769 781 quadam
1797 746 1844 771 ex
1872 733 1954 784 ipsa
1984 736 2108 786 Scrip-

173 783 281 815 turae
322 775 567 826 simplicitate
609 778 828 826 relucente,
871 777 1114 816 Euentorum
1144 781 1446 832 consecutione⁷
1475 782 1715 833 singularum
1743 786 1911 836 partium
1938 787 2037 827 inter
2067 803 2108 830 se
2143 785 2150 788 ⁶

170 829 394 881 harmonia⁷
434 829 601 880 denique
643 829 842 868 Ecclesiae
885 831 1167 870 contestatione
1194 844 1293 882 quae
1321 841 1521 874 auctorem
1551 837 1771 888 Scripturae
1799 841 1929 878 Deum
1957 843 2109 893 accepit

171 883 264 922 olim
295 896 342 922 ex
370 890 559 933 perpetuo
588 884 698 933 lapsu
725 883 913 932 temporis
940 884 1118 934 agnouit,
1148 887 1183 923 δε
1212 887 1525 928 constantissime
1550 896 1699 941 tuetur⁷
1727 892 1896 943 denique
1912 907 2107 935 consensu

169 936 323 986 piorum
351 935 524 985 alioquin
552 935 666 974 etiam
695 935 794 974 inter
821 949 861 974 se
888 937 937 974 de
965 936 1047 976 aliis
1075 937 1356 978 dissidentium.
1385 941 1504 979 Omni
1532 947 1625 982 vero
1656 945 1886 995 exceptione
1912 947 2033 987 maius
2051 957 2108 989 est

171 990 365 1041 singulare
393 989 657 1028 testimonium
686 988 849 1039 Spiritus
878 990 1031 1041 Sancti,
1060 990 1126 1040 qui
1153 990 1191 1029 in
1221 992 1404 1032 cordibus
1433 994 1605 1034 fidelium
1627 997 1745 1035 fidem
1760 998 1853 1037 facit
1867 1000 2106 1051 Scripturam

170 1056 319 1082 sacram
347 1045 370 1081 a
396 1044 484 1081 Deo
512 1043 674 1081 authore
702 1055 924 1081 emanasse:
971 1056 1004 1082 1.
1037 1044 1125 1082 Cor.
1159 1058 1194 1083 2.
1227 1058 1287 1084 12.
1323 1047 1434 1085 Ioaoz.
1468 1049 1525 1086 16.
1562 1062 1621 1098 13.
1655 1064 1686 1089 1.
1714 1051 1853 1090 Ioann.
1884 1066 1920 1100 4.
1955 1067 1988 1093 1.
2014 1054 2106 1094 licet

169 1096 274 1135 enim
315 1096 380 1134 illa
420 1095 642 1135 testimonia
682 1095 721 1134 in
761 1108 801 1134 se
831 1096 936 1134 clara
965 1096 1059 1147 sint,
1089 1103 1220 1136 tamen
1247 1111 1496 1148 nequaquam
1526 1110 1759 1151 permouent
1787 1107 2005 1146 necessario
2032 1108 2105 1148 nisi

167 1151 276 1189 Deus
303 1149 385 1199 ipse
413 1162 484 1188 cor
509 1155 686 1187 nostrum
714 1147 898 1198 disponat
924 1148 975 1187 ad
1002 1161 1138 1189 eorum
1167 1152 1524 1201 apprehensionem
1551 1157 1587 1193 &
1615 1156 1746 1194 fidem.

223 1214 257 1251 7.
312 1202 417 1241 Finis
458 1201 678 1252 Scripturae
719 1202 864 1251 duplex
905 1208 983 1251 est,
1024 1214 1121 1241 vnus
1163 1211 1335 1244 remotus
1363 1207 1425 1244 vel
1453 1218 1644 1247 summus:
1673 1210 1770 1248 alter
1796 1211 2039 1262 propinquus
2068 1216 2104 1253 δε

168 1255 289 1306 priori
317 1256 606 1295 subordinatus.
633 1254 841 1293 Primarius
868 1266 936 1294 seu
963 1266 1137 1294 summus
1164 1257 1252 1295 finis
1280 1264 1338 1297 est
1363 1259 1489 1309 gloria
1517 1260 1592 1299 Dei
1607 1262 1756 1310 (omnia
1772 1263 1875 1302 enim
1889 1266 1981 1304 tacit
1995 1268 2104 1307 Deus

166 1316 327 1360 propter
367 1308 550 1359 seipsum)
591 1307 709 1358 idque
751 1307 899 1358 duplici
930 1316 1180 1359 argumento:
1209 1323 1309 1362 vno,
1337 1314 1361 1350 a
1388 1319 1526 1352 natura
1552 1314 1671 1364 ipsius
1700 1316 1922 1366 Scripturae
1951 1327 2102 1368 sumto,

165 1374 242 1411 qua
283 1361 518 1412 Sapientiam
561 1361 636 1399 Dei
679 1362 885 1411 rerumque
926 1361 1142 1401 diuinarum
1185 1363 1322 1403 tradit:
1363 1366 1486 1405 altero
1529 1367 1580 1405 ab
1627 1368 1774 1408 effectis
1814 1370 1988 1411 eiusdem
2026 1385 2104 1423 qua

137 1423 140 1425 ’
164 1415 419 1455 reuerentiam
461 1414 648 1453 cordibus
681 1414 823 1453 nostris
851 1414 1053 1465 ingenerat
1081 1416 1260 1456 maiestas
1289 1417 1354 1456 illa
1381 1419 1534 1471 diuina,
1563 1422 1646 1460 sole
1674 1422 1813 1461 clarius
1840 1424 1880 1462 in
1909 1425 2105 1476 Scriptura

163 1469 280 1507 Sacra
308 1470 541 1507 elucescens.
570 1467 829 1506 Secundarius
857 1471 950 1507 vero
979 1468 1065 1507 finis
1093 1476 1152 1508 est
1179 1471 1393 1510 electorum
1420 1474 1589 1521 bonumq
1619 1476 1727 1524 quod
1755 1477 1932 1517 consistit
1947 1478 1986 1517 in
2003 1492 2101 1519 con-

161 1521 396 1560 formatione
423 1520 546 1560 nostri
573 1532 663 1559 cum
691 1522 801 1572 Deo,
831 1533 931 1571 quae
959 1535 1007 1561 ex
1034 1523 1395 1564 communicatione
1421 1526 1530 1566 verbi
1558 1529 1594 1566 δε
1618 1527 1769 1568 interna
1785 1529 1948 1580 Spiritus
1965 1546 2102 1583 opera-

161 1573 267 1613 tione
296 1574 442 1614 existit:
471 1576 586 1613 Ioan.
618 1587 678 1612 20.
709 1588 772 1624 31.
802 1574 958 1613 Etenim
987 1576 1061 1614 hac
1089 1576 1288 1627 Scriptura
1317 1579 1419 1617 duce
1446 1580 1496 1618 ad
1524 1581 1674 1620 bonum
1701 1595 1933 1635 commune,
1963 1585 2002 1624 id
2021 1593 2102 1636 θεῖ,

158 1627 323 1678 gloriam
364 1627 440 1666 Dei
479 1628 784 1678 contendentes,
827 1629 878 1666 ad
917 1630 1067 1667 bonum
1107 1630 1301 1680 singulare
1330 1633 1493 1672 salutem
1520 1641 1694 1674 nostram
1724 1637 1958 1676 deducimur
1985 1652 2102 1689 quem

158 1682 275 1719 finem
305 1683 502 1732 eleganter
529 1679 717 1731 expressit
744 1682 960 1730 Apostolus
988 1683 1130 1722 Paulus
1161 1685 1250 1722 cum
1279 1684 1374 1724 dicit
1401 1699 1474 1726 nos
1501 1689 1813 1729 conformandos
1841 1689 2001 1742 imagini
2017 1692 2101 1742 Filij

157 1734 245 1773 Dei.
273 1736 387 1773 Rom.
418 1737 454 1773 8.
483 1736 533 1773 Et
561 1736 697 1773 Petrus
726 1735 815 1772 cum
844 1747 918 1773 nos
945 1742 1150 1775 consortes
1178 1737 1334 1777 diuinae
1361 1746 1522 1780 naturae
1551 1741 1653 1780 effici
1681 1742 1787 1782 dicit.
1821 1757 1855 1782 2.
1884 1746 1968 1784 Pet.
2002 1759 2034 1785 1.
2063 1760 2100 1794 4.

212 1790 249 1826 8.
302 1789 363 1826 Ex
404 1787 465 1827 his
492 1787 624 1837 itaque
659 1794 814 1826 constat
842 1789 1001 1827 Sacram
1032 1789 1292 1843 Scripturam,
1325 1793 1505 1845 materia⁷
1534 1795 1683 1845 forma,
1713 1795 1905 1836 efficiente
1934 1800 1969 1837 ἃ*
2002 1801 2101 1850 fine,

157 1840 329 1880 diuinam
359 1854 463 1893 esse,
493 1842 597 1880 vnde
626 1841 846 1880 necessario
875 1849 1118 1893 consurgunt
1140 1844 1239 1883 duo:
1268 1846 1496 1886 Authoritas
1511 1848 1731 1898 Scripturae
1747 1850 1855 1888 omni
1870 1852 2102 1902 exceptione

157 1894 302 1946 maior7
330 1895 367 1932 &
394 1894 582 1945 perfectio
611 1893 942 1945 incomparabilis.
970 1896 1199 1936 Authoritas
1229 1898 1321 1948 quia
1348 1902 1371 1938 a
1399 1901 1488 1939 Deo
1519 1908 1599 1952 θεῖ,
1621 1901 1730 1941 cuius
1755 1903 1875 1942 veluti
1889 1904 2099 1956 Principis,

157 1954 240 1986 tum
269 1948 308 1986 in
336 1960 473 1987 omnes
501 1947 582 1987 iure
609 1954 789 1996 naturae,
818 1954 901 1987 tum
929 1952 1022 1988 vero
1050 1950 1090 1988 in
1117 1951 1335 1995 Ecclesiam
1363 1952 1446 1992 iure
1475 1954 1641 2006 gratiae,
1671 1967 1824 1995 summa
1847 1958 1883 1996 δι
1908 1959 2024 2007 plena
2039 1967 2099 1998 est

154 2008 346 2052 potestas,
375 2001 545 2052 ideoque
573 2000 760 2051 rescripta
787 2001 868 2040 eius
897 2003 1252 2044 sola'authoritatis
1272 2017 1469 2056 summae,
1495 2009 1530 2046 δε
1545 2009 1747 2047 absolutae
1760 2017 1860 2049 sunt.
1875 2012 1995 2050 Dent.
2009 2026 2045 2060 4.
2066 2027 2100 2052 2.

155 2054 275 2093 Sicuti
317 2061 448 2094 autem
476 2054 686 2093 auctoritas
713 2054 937 2105 Scripturae
964 2055 1003 2094 in
1031 2070 1072 2096 se
1100 2068 1251 2097 summa
1279 2066 1358 2110 est⁷
1387 2062 1423 2099 &
1450 2060 1745 2112 irrefragabilis⁷
1773 2062 1826 2102 ita
1853 2063 1958 2102 illam
1985 2065 2100 2104 nobis

154 2110 262 2147 Deus
289 2107 436 2147 eisdem
463 2107 616 2147 indiciis
645 2114 824 2147 testatam
851 2109 961 2159 ῐειοίῖ,
991 2110 1133 2160 quibus
1162 2125 1203 2150 se
1229 2120 1432 2152 auctorem
1458 2116 1680 2163 profitetur:
1708 2115 1761 2154 ita
1789 2123 1831 2155 vt
1851 2119 1959 2156 nullo
1976 2119 2099 2158 modo

153 2161 202 2200 sit
243 2161 504 2200 necessarium
545 2167 586 2200 vt
620 2168 685 2200 aut
713 2161 915 2201 Ecclesiae
943 2167 1152 2203 auctoritas
1182 2178 1268 2204 eam
1298 2166 1414 2205 nobis
1441 2168 1711 2218 commendet„
1742 2176 1809 2208 aut
1836 2170 2097 2210 conciliorum

153 2215 312 2254 decreta
340 2214 556 2266 stabiliant,
585 2226 754 2264 quorum
782 2222 1037 2266 vtrorumque
1067 2230 1208 2258 munus
1237 2226 1295 2257 est
1321 2220 1594 2259 auctoritatem
1621 2224 1645 2260 a
1663 2223 1750 2261 Deo
1765 2222 1929 2262 inditam
1943 2225 2097 2264 tradere

153 2270 189 2307 &
215 2281 453 2319 propagare:
492 2281 573 2307 non
602 2268 637 2306 ei
667 2267 856 2307 maiorem
883 2269 1104 2321 adstruere7
1133 2278 1175 2310 vt
1202 2285 1407 2322 perperam
1436 2273 1647 2324 opinantur
1677 2275 1892 2325 Pontificij:
1932 2279 2097 2330 Eccz'us,

152 2322 320 2361 Enclzir.
348 2324 393 2360 de
420 2328 519 2361 auct.
548 2322 691 2371 Script.
720 2322 877 2361 Eodem
906 2324 1030 2362 modo
1060 2327 1095 2363 δι
1118 2325 1340 2376 Scripturae
1354 2327 1543 2377 perfectio
1559 2341 1607 2366 ex
1621 2329 1944 2369 antecedentibus
1960 2332 2099 2371 elucet.

205 2388 243 2425 9.
297 2377 410 2414 Haec
439 2374 638 2425 Scriptura
664 2374 718 2414 ita
746 2375 975 2426 constituta7
1004 2379 1220 2428 appellatur
1247 2379 1387 2418 Canon
1413 2380 1524 2419 Fidei
1550 2388 1728 2431 nostrae,
1750 2382 1792 2422 id
1807 2390 1864 2421 est
1879 2383 2095 2424 indubitata

152 2429 307 2480 regula,
337 2439 474 2467 eorum
502 2427 679 2467 omnium
708 2439 810 2478 quae
837 2429 958 2468 fidem
986 2438 1160 2470 nostram
1190 2434 1225 2470 δι
1254 2432 1373 2471 vitam
1402 2442 1657 2474 concernunt.
1682 2436 1758 2474 Sed
1774 2436 1961 2486 quoniam
1977 2438 2098 2477 hodie

154 2493 296 2531 magna
324 2482 374 2520 de
404 2482 567 2520 Canone
595 2482 631 2519 &
658 2481 833 2532 partibus
861 2481 942 2521 eius
969 2485 1239 2524 controuersia
1266 2492 1342 2536 θεῖ,
1370 2486 1465 2525 dum
1493 2487 1702 2538 aduersarij
1733 2489 1855 2528 nostri
1883 2489 1999 2529 nimis
2020 2493 2097 2530 late

152 2533 324 2574 fimbrias
353 2534 433 2573 eius
461 2534 693 2584 extendunt,
721 2537 821 2573 Bell.
852 2537 941 2575 libr.
978 2550 1011 2576 1.
1041 2545 1126 2589 cap.
1156 2553 1192 2587 4.
1222 2538 1287 2577 hic
1317 2550 1476 2590 quoque
1502 2541 1552 2580 de
1580 2555 1628 2580 eo
1644 2542 1779 2592 paucis
1794 2542 2097 2592 dispiciendum.

151 2588 309 2637 Duplex
350 2587 482 2638 itaque
522 2590 546 2627 ὲι
585 2587 716 2638 prisca
755 2588 933 2628 Ecclesia
973 2590 1114 2630 Canon
1155 2592 1226 2630 fuit
1268 2594 1517 2645 obseruatus,
1556 2595 1737 2645 proprius
1766 2599 1801 2635 &
1830 2596 2098 2646 aequiuocus:

151 2641 320 2689 August.
361 2642 406 2678 de
447 2643 550 2680 cinit.
592 2642 689 2690 Dei,
727 2642 817 2679 libr.
850 2645 910 2681 18.
939 2651 1024 2695 cap.
1056 2646 1116 2683 26.
1146 2646 1229 2684 siue
1258 2653 1300 2685 vt
1327 2646 1557 2697 dinstinguit
1583 2648 1819 2687 Athanasius
1847 2651 1888 2687 in
1917 2650 2095 2702 Synopsz'.

151 2696 411 2744 Πρωτοκάνων
446 2697 510 2730 καὶ
548 2695 854 2744 Δευτεροκοίνων.
899 2696 1049 2747 Proprij
1080 2698 1253 2738 Canonis
1282 2699 1377 2738 dicti
1405 2700 1572 2740 vniuoce
1601 2702 1700 2740 duae
1729 2709 1818 2740 sunt
1845 2703 2094 2743 conditiones

150 2745 450 2797 inseparabiles,
492 2747 601 2797 quod
642 2746 844 2785 veritatem
873 2748 1046 2789 diuinam
1076 2751 1252 2791 continet
1279 2752 1464 2792 diuinitus
1492 2754 1654 2793 materia
1682 2757 1717 2793 ἅ*
1745 2756 1893 2803 forma„
1923 2757 1958 2794 ἃ
1987 2758 2093 2806 quod

1863 2816 2093 2849 auctoritate
