<?xml version="1.0" encoding="UTF-8"?>
<!DOCTYPE html PUBLIC "-//W3C//DTD XHTML 1.0 Transitional//EN"
    "http://www.w3.org/TR/xhtml1/DTD/xhtml1-transitional.dtd">
<html xmlns="http://www.w3.org/1999/xhtml" xml:lang="en" lang="en">
 <head>
  <title>
</title>
<meta http-equiv="Content-Type" content="text/html;charset=utf-8" />
  <meta name='ocr-system' content='tesseract 3.04.00' />
  <meta name='ocr-capabilities' content='ocr_page ocr_carea ocr_par ocr_line ocrx_word'/>
</head>
<body>
  <div class='ocr_page' id='page_1' title='image "./opusculatheologi00juni/opusculatheologi00juni_0307.png"; bbox 0 0 2334 3020; ppageno 0'>
   <div class='ocr_carea' id='block_1_1' title="bbox 783 81 2091 120">
    <p class='ocr_par' dir='ltr' id='par_1_1' title="bbox 783 81 2091 120">
     <span class='ocr_line' id='line_1_1' title="bbox 783 81 2091 120; baseline -0.003 -9"><span class='ocrx_word' id='word_1_1' title='bbox 783 84 999 110; x_wconf 73' lang='lat' dir='ltr'>THESES</span> <span class='ocrx_word' id='word_1_2' title='bbox 1039 81 1475 109; x_wconf 57' lang='lat' dir='ltr'>THROLOGlcme.</span> <span class='ocrx_word' id='word_1_3' title='bbox 2018 82 2091 120; x_wconf 82' lang='grc'>275</span> 
     </span>
    </p>
   </div>
   <div class='ocr_carea' id='block_1_2' title="bbox 134 190 2163 2748">
    <p class='ocr_par' dir='ltr' id='par_1_2' title="bbox 153 190 2099 296">
     <span class='ocr_line' id='line_1_2' title="bbox 153 190 2099 242; baseline -0.004 -8"><span class='ocrx_word' id='word_1_4' title='bbox 153 197 246 240; x_wconf 79' lang='lat' dir='ltr'>alia;</span> <span class='ocrx_word' id='word_1_5' title='bbox 276 198 356 234; x_wconf 70' lang='lat' dir='ltr'>ct‘zm</span> <span class='ocrx_word' id='word_1_6' title='bbox 387 196 473 232; x_wconf 80' lang='lat' dir='ltr'>olim</span> <span class='ocrx_word' id='word_1_7' title='bbox 504 198 616 242; x_wconf 86' lang='lat' dir='ltr'>(teste</span> <span class='ocrx_word' id='word_1_8' title='bbox 644 194 835 242; x_wconf 86' lang='lat' dir='ltr'>Ruperto)</span> <span class='ocrx_word' id='word_1_9' title='bbox 863 191 1014 228; x_wconf 58' lang='lat' dir='ltr'>rumim&amp;</span> <span class='ocrx_word' id='word_1_10' title='bbox 1041 195 1147 228; x_wconf 80' lang='lat' dir='ltr'>tanto</span> <span class='ocrx_word' id='word_1_11' title='bbox 1175 193 1375 240; x_wconf 68' lang='lat' dir='ltr'>apparatu</span> <span class='ocrx_word' id='word_1_12' title='bbox 1391 190 1595 226; x_wconf 62' lang='lat' dir='ltr'>cxtcm&#39;om&#39;s</span> <span class='ocrx_word' id='word_1_13' title='bbox 1610 190 1755 226; x_wconf 70' lang='lat' dir='ltr'>decoris</span> <span class='ocrx_word' id='word_1_14' title='bbox 1772 191 1941 227; x_wconf 71' lang='lat' dir='ltr'>solennia</span> <span class='ocrx_word' id='word_1_15' title='bbox 1956 191 2099 226; x_wconf 61' lang='lat' dir='ltr'>Missas</span> 
     </span>
     <span class='ocr_line' id='line_1_3' title="bbox 153 244 1102 296; baseline -0.008 -8"><span class='ocrx_word' id='word_1_16' title='bbox 153 250 446 288; x_wconf 71' lang='lat' dir='ltr'><em>celebrabantur</em></span> <span class='ocrx_word' id='word_1_17' title='bbox 473 252 585 296; x_wconf 76' lang='lat' dir='ltr'>atque</span> <span class='ocrx_word' id='word_1_18' title='bbox 612 258 730 295; x_wconf 67' lang='lat' dir='ltr'>nanc,</span> <span class='ocrx_word' id='word_1_19' title='bbox 761 244 828 282; x_wconf 91' lang='lat' dir='ltr'>lib.</span> <span class='ocrx_word' id='word_1_20' title='bbox 859 258 893 282; x_wconf 93' lang='lat'>2.</span> <span class='ocrx_word' id='word_1_21' title='bbox 923 257 1007 293; x_wconf 90' lang='lat' dir='ltr'>cap.</span> <span class='ocrx_word' id='word_1_22' title='bbox 1040 256 1102 281; x_wconf 90' lang='lat'>21.</span> 
     </span>
    </p>

    <p class='ocr_par' dir='ltr' id='par_1_3' title="bbox 154 293 2102 989">
     <span class='ocr_line' id='line_1_4' title="bbox 208 293 2097 350; baseline -0.004 -10"><span class='ocrx_word' id='word_1_23' title='bbox 208 317 243 350; x_wconf 88' lang='lat'>4.</span> <span class='ocrx_word' id='word_1_24' title='bbox 299 301 418 341; x_wconf 89' lang='lat' dir='ltr'>Cuius</span> <span class='ocrx_word' id='word_1_25' title='bbox 462 306 620 338; x_wconf 84' lang='lat' dir='ltr'>ornatus</span> <span class='ocrx_word' id='word_1_26' title='bbox 660 311 707 337; x_wconf 92' lang='lat' dir='ltr'>ac</span> <span class='ocrx_word' id='word_1_27' title='bbox 742 309 911 348; x_wconf 83' lang='lat' dir='ltr'>pompae</span> <span class='ocrx_word' id='word_1_28' title='bbox 952 296 1126 347; x_wconf 89' lang='lat' dir='ltr'>priorem</span> <span class='ocrx_word' id='word_1_29' title='bbox 1169 306 1328 333; x_wconf 86' lang='lat' dir='ltr'>causam</span> <span class='ocrx_word' id='word_1_30' title='bbox 1363 295 1562 344; x_wconf 84' lang='lat' dir='ltr'>Rupertus</span> <span class='ocrx_word' id='word_1_31' title='bbox 1592 293 1738 332; x_wconf 83' lang='lat' dir='ltr'>ibidem</span> <span class='ocrx_word' id='word_1_32' title='bbox 1768 295 1881 345; x_wconf 84' lang='lat' dir='ltr'>citat,</span> <span class='ocrx_word' id='word_1_33' title='bbox 1911 296 2097 345; x_wconf 68' lang='lat' dir='ltr'>decuisse,</span> 
     </span>
     <span class='ocr_line' id='line_1_5' title="bbox 154 349 2094 405; baseline -0.004 -12"><span class='ocrx_word' id='word_1_34' title='bbox 154 355 352 405; x_wconf 84' lang='lat' dir='ltr'>inquiens,</span> <span class='ocrx_word' id='word_1_35' title='bbox 381 355 564 403; x_wconf 76' lang='lat' dir='ltr'>maxime,</span> <span class='ocrx_word' id='word_1_36' title='bbox 592 358 635 392; x_wconf 85' lang='lat' dir='ltr'>vt</span> <span class='ocrx_word' id='word_1_37' title='bbox 650 353 754 402; x_wconf 79' lang='lat' dir='ltr'>fides</span> <span class='ocrx_word' id='word_1_38' title='bbox 782 364 880 400; x_wconf 75' lang='lat' dir='ltr'>quac</span> <span class='ocrx_word' id='word_1_39' title='bbox 912 351 1058 388; x_wconf 69' lang='lat' dir='ltr'>Christi</span> <span class='ocrx_word' id='word_1_40' title='bbox 1084 350 1426 400; x_wconf 66' lang='lat' dir='ltr'><em>&amp;Apostolorum</em></span> <span class='ocrx_word' id='word_1_41' title='bbox 1449 352 1616 398; x_wconf 78' lang='lat' dir='ltr'>tempore</span> <span class='ocrx_word' id='word_1_42' title='bbox 1638 349 1750 385; x_wconf 68' lang='lat' dir='ltr'>radis</span> <span class='ocrx_word' id='word_1_43' title='bbox 1767 349 1892 385; x_wconf 74' lang='lat' dir='ltr'>adhuc</span> <span class='ocrx_word' id='word_1_44' title='bbox 1908 349 2094 386; x_wconf 64' lang='lat' dir='ltr'>&amp;incolt-</span> 
     </span>
     <span class='ocr_line' id='line_1_6' title="bbox 156 401 2099 457; baseline -0.004 -10"><span class='ocrx_word' id='word_1_45' title='bbox 156 410 236 447; x_wconf 61' lang='lat' dir='ltr'>dita</span> <span class='ocrx_word' id='word_1_46' title='bbox 265 413 367 457; x_wconf 75' lang='lat' dir='ltr'>erat,</span> <span class='ocrx_word' id='word_1_47' title='bbox 395 408 459 446; x_wconf 72' lang='lat' dir='ltr'>vbi</span> <span class='ocrx_word' id='word_1_48' title='bbox 483 407 625 445; x_wconf 81' lang='lat' dir='ltr'>ornari</span> <span class='ocrx_word' id='word_1_49' title='bbox 639 406 788 457; x_wconf 77' lang='lat' dir='ltr'>potuit,</span> <span class='ocrx_word' id='word_1_50' title='bbox 817 404 978 442; x_wconf 62' lang='lat' dir='ltr'>maccimc</span> <span class='ocrx_word' id='word_1_51' title='bbox 1004 404 1044 441; x_wconf 78' lang='lat' dir='ltr'>in</span> <span class='ocrx_word' id='word_1_52' title='bbox 1063 405 1137 442; x_wconf 78' lang='lat' dir='ltr'><em>lcczc</em></span> <span class='ocrx_word' id='word_1_53' title='bbox 1155 407 1296 454; x_wconf 79' lang='lat' dir='ltr'>parte,</span> <span class='ocrx_word' id='word_1_54' title='bbox 1326 406 1508 451; x_wconf 80' lang='lat' dir='ltr'><em>tanquam</em></span> <span class='ocrx_word' id='word_1_55' title='bbox 1536 401 1576 438; x_wconf 70' lang='lat' dir='ltr'>itt</span> <span class='ocrx_word' id='word_1_56' title='bbox 1606 402 1728 451; x_wconf 77' lang='lat' dir='ltr'>capite</span> <span class='ocrx_word' id='word_1_57' title='bbox 1742 414 1810 438; x_wconf 78' lang='lat' dir='ltr'>suo</span> <span class='ocrx_word' id='word_1_58' title='bbox 1826 402 2099 440; x_wconf 72' lang='lat' dir='ltr'>{leam-aretur.</span> 
     </span>
     <span class='ocr_line' id='line_1_7' title="bbox 158 453 2099 507; baseline -0.005 -7"><span class='ocrx_word' id='word_1_59' title='bbox 158 462 302 500; x_wconf 86' lang='lat' dir='ltr'><strong>Mirum</strong></span> <span class='ocrx_word' id='word_1_60' title='bbox 342 462 445 499; x_wconf 77' lang='lat' dir='ltr'>certe</span> <span class='ocrx_word' id='word_1_61' title='bbox 479 459 582 497; x_wconf 88' lang='lat' dir='ltr'>vnde</span> <span class='ocrx_word' id='word_1_62' title='bbox 610 464 842 497; x_wconf 87' lang='lat' dir='ltr'>ornamenta</span> <span class='ocrx_word' id='word_1_63' title='bbox 869 470 914 495; x_wconf 87' lang='lat' dir='ltr'>ea</span> <span class='ocrx_word' id='word_1_64' title='bbox 941 455 1203 507; x_wconf 83' lang='lat' dir='ltr'>protraxerint</span> <span class='ocrx_word' id='word_1_65' title='bbox 1230 454 1458 505; x_wconf 86' lang='lat' dir='ltr'>pontifices,</span> <span class='ocrx_word' id='word_1_66' title='bbox 1486 465 1586 504; x_wconf 88' lang='lat' dir='ltr'>quae</span> <span class='ocrx_word' id='word_1_67' title='bbox 1610 453 1786 491; x_wconf 86' lang='lat' dir='ltr'>Christus</span> <span class='ocrx_word' id='word_1_68' title='bbox 1815 454 1896 503; x_wconf 91' lang='lat' dir='ltr'>ipse</span> <span class='ocrx_word' id='word_1_69' title='bbox 1926 455 2099 492; x_wconf 84' lang='lat' dir='ltr'>reuelare</span> 
     </span>
     <span class='ocr_line' id='line_1_8' title="bbox 157 506 2098 564; baseline -0.004 -11"><span class='ocrx_word' id='word_1_70' title='bbox 157 514 304 564; x_wconf 86' lang='lat' dir='ltr'>noluit,</span> <span class='ocrx_word' id='word_1_71' title='bbox 343 512 527 563; x_wconf 81' lang='lat' dir='ltr'>Apostoli</span> <span class='ocrx_word' id='word_1_72' title='bbox 561 513 735 562; x_wconf 87' lang='lat' dir='ltr'>proferre</span> <span class='ocrx_word' id='word_1_73' title='bbox 769 523 849 549; x_wconf 90' lang='lat' dir='ltr'>non</span> <span class='ocrx_word' id='word_1_74' title='bbox 877 516 1098 560; x_wconf 86' lang='lat' dir='ltr'>potuerunt.</span> <span class='ocrx_word' id='word_1_75' title='bbox 1127 510 1302 548; x_wconf 83' lang='lat' dir='ltr'>Alteram</span> <span class='ocrx_word' id='word_1_76' title='bbox 1339 507 1452 546; x_wconf 89' lang='lat' dir='ltr'>huius</span> <span class='ocrx_word' id='word_1_77' title='bbox 1487 506 1544 545; x_wconf 90' lang='lat' dir='ltr'>rei</span> <span class='ocrx_word' id='word_1_78' title='bbox 1572 519 1730 545; x_wconf 87' lang='lat' dir='ltr'>causam</span> <span class='ocrx_word' id='word_1_79' title='bbox 1759 508 1934 545; x_wconf 80' lang='lat' dir='ltr'>Thomas</span> <span class='ocrx_word' id='word_1_80' title='bbox 1963 509 2098 556; x_wconf 79' lang='lat' dir='ltr'>refert,</span> 
     </span>
     <span class='ocr_line' id='line_1_9' title="bbox 156 561 2098 617; baseline -0.005 -11"><span class='ocrx_word' id='word_1_81' title='bbox 156 570 248 617; x_wconf 69' lang='lat' dir='ltr'>quia</span> <span class='ocrx_word' id='word_1_82' title='bbox 287 570 326 605; x_wconf 79' lang='lat' dir='ltr'>in</span> <span class='ocrx_word' id='word_1_83' title='bbox 366 568 437 604; x_wconf 81' lang='lat' dir='ltr'>lzoc</span> <span class='ocrx_word' id='word_1_84' title='bbox 466 564 716 604; x_wconf 71' lang='lat' dir='ltr'>Sacramcnto</span> <span class='ocrx_word' id='word_1_85' title='bbox 745 570 863 602; x_wconf 76' lang='lat' dir='ltr'>totum</span> <span class='ocrx_word' id='word_1_86' title='bbox 891 565 1109 607; x_wconf 71' lang='lat' dir='ltr'>mysterium</span> <span class='ocrx_word' id='word_1_87' title='bbox 1138 567 1296 601; x_wconf 82' lang='lat' dir='ltr'>nostrae</span> <span class='ocrx_word' id='word_1_88' title='bbox 1322 562 1460 599; x_wconf 77' lang='lat' dir='ltr'>salutis</span> <span class='ocrx_word' id='word_1_89' title='bbox 1488 561 1834 611; x_wconf 61' lang='lat' dir='ltr'>costcprel‘temtttur,</span> <span class='ocrx_word' id='word_1_90' title='bbox 1863 573 1905 597; x_wconf 66' lang='lat' dir='ltr'>ea·</span> <span class='ocrx_word' id='word_1_91' title='bbox 1933 573 1972 597; x_wconf 80' lang='lat' dir='ltr'>co</span> <span class='ocrx_word' id='word_1_92' title='bbox 1993 568 2098 611; x_wconf 70' lang='lat' dir='ltr'>prm·</span> 
     </span>
     <span class='ocr_line' id='line_1_10' title="bbox 156 614 2095 665; baseline -0.005 -6"><span class='ocrx_word' id='word_1_93' title='bbox 156 622 314 659; x_wconf 73' lang='lat' dir='ltr'>caeteris</span> <span class='ocrx_word' id='word_1_94' title='bbox 341 620 602 658; x_wconf 70' lang='lat' dir='ltr'>Sacmzmelttts</span> <span class='ocrx_word' id='word_1_95' title='bbox 631 631 712 656; x_wconf 81' lang='lat' dir='ltr'>cum</span> <span class='ocrx_word' id='word_1_96' title='bbox 741 618 890 655; x_wconf 73' lang='lat' dir='ltr'>maiore</span> <span class='ocrx_word' id='word_1_97' title='bbox 919 618 1142 655; x_wconf 75' lang='lat' dir='ltr'><em>solennitate</em></span> <span class='ocrx_word' id='word_1_98' title='bbox 1168 617 1208 653; x_wconf 76' lang='lat' dir='ltr'>in</span> <span class='ocrx_word' id='word_1_99' title='bbox 1236 615 1409 653; x_wconf 81' lang='lat' dir='ltr'><em>Ecclesia</em></span> <span class='ocrx_word' id='word_1_100' title='bbox 1423 615 1576 665; x_wconf 73' lang='lat' dir='ltr'>peragi</span> <span class='ocrx_word' id='word_1_101' title='bbox 1587 614 1720 651; x_wconf 71' lang='lat' dir='ltr'>debere</span> <span class='ocrx_word' id='word_1_102' title='bbox 1735 619 1923 652; x_wconf 73' lang='lat' dir='ltr'>statuens:</span> <span class='ocrx_word' id='word_1_103' title='bbox 1942 615 2044 651; x_wconf 83' lang='lat' dir='ltr'>Part.</span> <span class='ocrx_word' id='word_1_104' title='bbox 2060 627 2095 662; x_wconf 83' lang='lat'>3.</span> 
     </span>
     <span class='ocr_line' id='line_1_11' title="bbox 157 666 2098 724; baseline -0.005 -12"><span class='ocrx_word' id='word_1_105' title='bbox 157 681 303 724; x_wconf 85' lang='lat' dir='ltr'>quaest.</span> <span class='ocrx_word' id='word_1_106' title='bbox 333 675 395 722; x_wconf 83' lang='lat'>38.</span> <span class='ocrx_word' id='word_1_107' title='bbox 425 679 494 710; x_wconf 85' lang='lat' dir='ltr'>art.</span> <span class='ocrx_word' id='word_1_108' title='bbox 525 685 560 719; x_wconf 91' lang='lat'>4.</span> <span class='ocrx_word' id='word_1_109' title='bbox 592 670 714 720; x_wconf 81' lang='lat' dir='ltr'>Quasi</span> <span class='ocrx_word' id='word_1_110' title='bbox 742 674 835 710; x_wconf 75' lang='lat' dir='ltr'>vero</span> <span class='ocrx_word' id='word_1_111' title='bbox 865 669 1105 708; x_wconf 88' lang='lat' dir='ltr'>Sacramenti</span> <span class='ocrx_word' id='word_1_112' title='bbox 1132 667 1246 707; x_wconf 90' lang='lat' dir='ltr'>huius</span> <span class='ocrx_word' id='word_1_113' title='bbox 1274 667 1501 717; x_wconf 88' lang='lat' dir='ltr'>dignitatem</span> <span class='ocrx_word' id='word_1_114' title='bbox 1518 666 1696 705; x_wconf 89' lang='lat' dir='ltr'>Christus</span> <span class='ocrx_word' id='word_1_115' title='bbox 1710 666 1970 716; x_wconf 84' lang='lat' dir='ltr'>ignorauerit,</span> <span class='ocrx_word' id='word_1_116' title='bbox 1990 667 2098 715; x_wconf 81' lang='lat' dir='ltr'>quod</span> 
     </span>
     <span class='ocr_line' id='line_1_12' title="bbox 158 718 2099 774; baseline -0.005 -9"><span class='ocrx_word' id='word_1_117' title='bbox 158 734 290 765; x_wconf 85' lang='lat' dir='ltr'>tamen</span> <span class='ocrx_word' id='word_1_118' title='bbox 317 726 421 764; x_wconf 73' lang='lat' dir='ltr'>nude</span> <span class='ocrx_word' id='word_1_119' title='bbox 449 726 598 774; x_wconf 79' lang='lat' dir='ltr'>absque</span> <span class='ocrx_word' id='word_1_120' title='bbox 626 724 685 762; x_wconf 93' lang='lat' dir='ltr'>his</span> <span class='ocrx_word' id='word_1_121' title='bbox 712 722 952 762; x_wconf 83' lang='lat' dir='ltr'>ornamentis</span> <span class='ocrx_word' id='word_1_122' title='bbox 979 722 1152 760; x_wconf 84' lang='lat' dir='ltr'>instituit.</span> <span class='ocrx_word' id='word_1_123' title='bbox 1181 720 1376 770; x_wconf 86' lang='lat' dir='ltr'>Equidem</span> <span class='ocrx_word' id='word_1_124' title='bbox 1403 718 1637 758; x_wconf 80' lang='lat' dir='ltr'>modestiam</span> <span class='ocrx_word' id='word_1_125' title='bbox 1667 722 1702 759; x_wconf 68' lang='grc' dir='ltr'>δε</span> <span class='ocrx_word' id='word_1_126' title='bbox 1731 719 1915 770; x_wconf 88' lang='lat' dir='ltr'>pietatem</span> <span class='ocrx_word' id='word_1_127' title='bbox 1935 718 2099 768; x_wconf 39' lang='lat' dir='ltr'>discipu*</span> 
     </span>
     <span class='ocr_line' id='line_1_13' title="bbox 157 771 2096 827; baseline -0.005 -9"><span class='ocrx_word' id='word_1_128' title='bbox 157 781 285 819; x_wconf 89' lang='lat' dir='ltr'>lorum</span> <span class='ocrx_word' id='word_1_129' title='bbox 315 778 457 817; x_wconf 87' lang='lat' dir='ltr'>Christi</span> <span class='ocrx_word' id='word_1_130' title='bbox 485 790 566 816; x_wconf 88' lang='lat' dir='ltr'>non</span> <span class='ocrx_word' id='word_1_131' title='bbox 595 778 729 827; x_wconf 90' lang='lat' dir='ltr'>decet,</span> <span class='ocrx_word' id='word_1_132' title='bbox 772 778 832 815; x_wconf 90' lang='lat' dir='ltr'>vel</span> <span class='ocrx_word' id='word_1_133' title='bbox 860 775 1175 826; x_wconf 89' lang='lat' dir='ltr'>splendidissima</span> <span class='ocrx_word' id='word_1_134' title='bbox 1211 773 1417 812; x_wconf 91' lang='lat' dir='ltr'>hominum</span> <span class='ocrx_word' id='word_1_135' title='bbox 1452 773 1610 811; x_wconf 86' lang='lat' dir='ltr'>inuenta</span> <span class='ocrx_word' id='word_1_136' title='bbox 1638 775 1832 822; x_wconf 85' lang='lat' dir='ltr'>praeferre</span> <span class='ocrx_word' id='word_1_137' title='bbox 1861 771 2096 822; x_wconf 82' lang='lat' dir='ltr'>simplicitati</span> 
     </span>
     <span class='ocr_line' id='line_1_14' title="bbox 159 825 2102 881; baseline -0.005 -10"><span class='ocrx_word' id='word_1_138' title='bbox 159 832 302 872; x_wconf 88' lang='lat' dir='ltr'>Christi</span> <span class='ocrx_word' id='word_1_139' title='bbox 317 834 351 870; x_wconf 56' lang='grc' dir='ltr'>ἃ</span> <span class='ocrx_word' id='word_1_140' title='bbox 367 833 664 881; x_wconf 84' lang='lat' dir='ltr'>Apostolorum.</span> <span class='ocrx_word' id='word_1_141' title='bbox 680 830 834 869; x_wconf 89' lang='lat' dir='ltr'>Deinde</span> <span class='ocrx_word' id='word_1_142' title='bbox 850 831 943 868; x_wconf 83' lang='lat' dir='ltr'>vero</span> <span class='ocrx_word' id='word_1_143' title='bbox 958 829 997 867; x_wconf 91' lang='lat' dir='ltr'>in</span> <span class='ocrx_word' id='word_1_144' title='bbox 1015 827 1246 867; x_wconf 86' lang='lat' dir='ltr'>ceremoniis</span> <span class='ocrx_word' id='word_1_145' title='bbox 1261 825 1441 865; x_wconf 86' lang='lat' dir='ltr'>humanis</span> <span class='ocrx_word' id='word_1_146' title='bbox 1455 826 1748 865; x_wconf 86' lang='lat' dir='ltr'>obseruandum</span> <span class='ocrx_word' id='word_1_147' title='bbox 1761 856 1771 876; x_wconf 96' lang='lat'>,</span> <span class='ocrx_word' id='word_1_148' title='bbox 1799 839 1848 865; x_wconf 91' lang='lat' dir='ltr'>ne</span> <span class='ocrx_word' id='word_1_149' title='bbox 1862 825 2102 864; x_wconf 82' lang='lat' dir='ltr'>Iudaismum</span> 
     </span>
     <span class='ocr_line' id='line_1_15' title="bbox 159 878 2102 935; baseline -0.004 -11"><span class='ocrx_word' id='word_1_150' title='bbox 159 888 347 933; x_wconf 87' lang='lat' dir='ltr'>referant,</span> <span class='ocrx_word' id='word_1_151' title='bbox 377 887 428 923; x_wconf 85' lang='lat' dir='ltr'>ad</span> <span class='ocrx_word' id='word_1_152' title='bbox 456 884 612 935; x_wconf 88' lang='lat' dir='ltr'>copiam</span> <span class='ocrx_word' id='word_1_153' title='bbox 642 883 787 922; x_wconf 88' lang='lat' dir='ltr'>scilicet</span> <span class='ocrx_word' id='word_1_154' title='bbox 816 885 851 922; x_wconf 88' lang='lat'>&amp;</span> <span class='ocrx_word' id='word_1_155' title='bbox 880 881 1175 921; x_wconf 84' lang='lat' dir='ltr'>similitudinem</span> <span class='ocrx_word' id='word_1_156' title='bbox 1215 893 1371 928; x_wconf 87' lang='lat' dir='ltr'>eorum,</span> <span class='ocrx_word' id='word_1_157' title='bbox 1404 892 1504 929; x_wconf 87' lang='lat' dir='ltr'>quae</span> <span class='ocrx_word' id='word_1_158' title='bbox 1534 879 1672 918; x_wconf 81' lang='lat' dir='ltr'>veteris</span> <span class='ocrx_word' id='word_1_159' title='bbox 1701 878 1943 918; x_wconf 80' lang='lat' dir='ltr'>Testamenti</span> <span class='ocrx_word' id='word_1_160' title='bbox 1972 885 2102 927; x_wconf 88' lang='lat' dir='ltr'>erant,</span> 
     </span>
     <span class='ocr_line' id='line_1_16' title="bbox 162 938 421 989; baseline 0 -11"><span class='ocrx_word' id='word_1_161' title='bbox 162 938 421 989; x_wconf 87' lang='lat' dir='ltr'>compositae.</span> 
     </span>
    </p>

    <p class='ocr_par' dir='ltr' id='par_1_4' title="bbox 134 984 2105 1735">
     <span class='ocr_line' id='line_1_17' title="bbox 134 984 2100 1043; baseline -0.005 -11"><span class='ocrx_word' id='word_1_162' title='bbox 134 1027 144 1034; x_wconf 68' lang='lat'>.</span> <span class='ocrx_word' id='word_1_163' title='bbox 215 1004 249 1043; x_wconf 88' lang='lat'>5.</span> <span class='ocrx_word' id='word_1_164' title='bbox 306 992 543 1041; x_wconf 80' lang='lat' dir='ltr'>Quanquam</span> <span class='ocrx_word' id='word_1_165' title='bbox 572 992 649 1029; x_wconf 90' lang='lat' dir='ltr'>hoc</span> <span class='ocrx_word' id='word_1_166' title='bbox 678 990 732 1028; x_wconf 91' lang='lat' dir='ltr'>ita</span> <span class='ocrx_word' id='word_1_167' title='bbox 760 996 836 1040; x_wconf 90' lang='lat' dir='ltr'>est,</span> <span class='ocrx_word' id='word_1_168' title='bbox 877 987 1128 1027; x_wconf 89' lang='lat' dir='ltr'>nihilominus</span> <span class='ocrx_word' id='word_1_169' title='bbox 1155 987 1319 1026; x_wconf 85' lang='lat' dir='ltr'>Missam</span> <span class='ocrx_word' id='word_1_170' title='bbox 1349 997 1459 1024; x_wconf 86' lang='lat' dir='ltr'>suam</span> <span class='ocrx_word' id='word_1_171' title='bbox 1488 985 1728 1024; x_wconf 88' lang='lat' dir='ltr'>Sacrificium</span> <span class='ocrx_word' id='word_1_172' title='bbox 1756 988 1848 1024; x_wconf 77' lang='lat' dir='ltr'>vere</span> <span class='ocrx_word' id='word_1_173' title='bbox 1875 984 2100 1036; x_wconf 84' lang='lat' dir='ltr'>propitiato-</span> 
     </span>
     <span class='ocr_line' id='line_1_18' title="bbox 161 1037 2103 1094; baseline -0.005 -10"><span class='ocrx_word' id='word_1_174' title='bbox 161 1046 260 1084; x_wconf 87' lang='lat' dir='ltr'>rium</span> <span class='ocrx_word' id='word_1_175' title='bbox 287 1045 499 1094; x_wconf 85' lang='lat' dir='ltr'>definiunt,</span> <span class='ocrx_word' id='word_1_176' title='bbox 529 1055 607 1093; x_wconf 89' lang='lat' dir='ltr'>quo</span> <span class='ocrx_word' id='word_1_177' title='bbox 637 1044 813 1083; x_wconf 88' lang='lat' dir='ltr'>Christus</span> <span class='ocrx_word' id='word_1_178' title='bbox 841 1044 865 1080; x_wconf 81' lang='lat' dir='ltr'>a</span> <span class='ocrx_word' id='word_1_179' title='bbox 893 1042 1127 1092; x_wconf 74' lang='lat' dir='ltr'>Sacerdote,</span> <span class='ocrx_word' id='word_1_180' title='bbox 1156 1043 1264 1091; x_wconf 90' lang='lat' dir='ltr'>Deo,</span> <span class='ocrx_word' id='word_1_181' title='bbox 1292 1052 1365 1090; x_wconf 89' lang='lat' dir='ltr'>pro</span> <span class='ocrx_word' id='word_1_182' title='bbox 1387 1038 1568 1078; x_wconf 86' lang='lat' dir='ltr'>viuorum</span> <span class='ocrx_word' id='word_1_183' title='bbox 1599 1039 1634 1076; x_wconf 86' lang='lat'>&amp;</span> <span class='ocrx_word' id='word_1_184' title='bbox 1662 1045 1908 1078; x_wconf 88' lang='lat' dir='ltr'>mortuorum</span> <span class='ocrx_word' id='word_1_185' title='bbox 1930 1037 2103 1088; x_wconf 88' lang='lat' dir='ltr'>peccatis</span> 
     </span>
     <span class='ocr_line' id='line_1_19' title="bbox 160 1093 2102 1146; baseline -0.005 -9"><span class='ocrx_word' id='word_1_186' title='bbox 160 1099 398 1137; x_wconf 88' lang='lat' dir='ltr'>immolatur.</span> <span class='ocrx_word' id='word_1_187' title='bbox 431 1100 569 1136; x_wconf 77' lang='lat' dir='ltr'>Coucil.</span> <span class='ocrx_word' id='word_1_188' title='bbox 604 1099 708 1135; x_wconf 76' lang='lat' dir='ltr'>Trz&#39;d.</span> <span class='ocrx_word' id='word_1_189' title='bbox 736 1110 827 1136; x_wconf 84' lang='lat' dir='ltr'>sess.</span> <span class='ocrx_word' id='word_1_190' title='bbox 858 1109 916 1133; x_wconf 89' lang='lat'>22.</span> <span class='ocrx_word' id='word_1_191' title='bbox 947 1101 1031 1146; x_wconf 75' lang='lat' dir='ltr'>cap.</span> <span class='ocrx_word' id='word_1_192' title='bbox 1062 1108 1096 1132; x_wconf 88' lang='lat'>2.</span> <span class='ocrx_word' id='word_1_193' title='bbox 1124 1095 1310 1132; x_wconf 78' lang='lat' dir='ltr'>Bellarm.</span> <span class='ocrx_word' id='word_1_194' title='bbox 1339 1093 1404 1131; x_wconf 79' lang='lat' dir='ltr'>lib.</span> <span class='ocrx_word' id='word_1_195' title='bbox 1432 1099 1563 1143; x_wconf 69' lang='lat' dir='ltr'>Leop.</span> <span class='ocrx_word' id='word_1_196' title='bbox 1596 1094 1692 1141; x_wconf 73' lang='lat' dir='ltr'>5.a⁷e</span> <span class='ocrx_word' id='word_1_197' title='bbox 1705 1094 1814 1131; x_wconf 85' lang='lat' dir='ltr'>Miss.</span> <span class='ocrx_word' id='word_1_198' title='bbox 1844 1094 1928 1131; x_wconf 92' lang='lat' dir='ltr'>Nos</span> <span class='ocrx_word' id='word_1_199' title='bbox 1943 1093 2102 1140; x_wconf 74' lang='lat' dir='ltr'>contra,</span> 
     </span>
     <span class='ocr_line' id='line_1_20' title="bbox 160 1145 2100 1196; baseline -0.005 -6"><span class='ocrx_word' id='word_1_200' title='bbox 160 1166 245 1191; x_wconf 87' lang='lat' dir='ltr'>eam</span> <span class='ocrx_word' id='word_1_201' title='bbox 275 1153 416 1190; x_wconf 84' lang='lat' dir='ltr'>Sacrae</span> <span class='ocrx_word' id='word_1_202' title='bbox 445 1152 604 1190; x_wconf 88' lang='lat' dir='ltr'>Coenae</span> <span class='ocrx_word' id='word_1_203' title='bbox 631 1150 853 1188; x_wconf 87' lang='lat' dir='ltr'>dominicae</span> <span class='ocrx_word' id='word_1_204' title='bbox 882 1149 1047 1187; x_wconf 89' lang='lat' dir='ltr'>abusum</span> <span class='ocrx_word' id='word_1_205' title='bbox 1074 1147 1347 1196; x_wconf 89' lang='lat' dir='ltr'>Diabolicum,</span> <span class='ocrx_word' id='word_1_206' title='bbox 1377 1159 1424 1184; x_wconf 89' lang='lat' dir='ltr'>ac</span> <span class='ocrx_word' id='word_1_207' title='bbox 1456 1145 1736 1195; x_wconf 75' lang='grc' dir='ltr'><strong><em>εἰδωλομαιιίαν</em></strong></span> <span class='ocrx_word' id='word_1_208' title='bbox 1763 1145 1940 1184; x_wconf 87' lang='lat' dir='ltr'>dicimus.</span> <span class='ocrx_word' id='word_1_209' title='bbox 1972 1145 2100 1193; x_wconf 81' lang='lat' dir='ltr'>Quam</span> 
     </span>
     <span class='ocr_line' id='line_1_21' title="bbox 163 1197 2100 1255; baseline -0.004 -12"><span class='ocrx_word' id='word_1_210' title='bbox 163 1205 215 1244; x_wconf 87' lang='lat' dir='ltr'>illi</span> <span class='ocrx_word' id='word_1_211' title='bbox 243 1207 362 1252; x_wconf 77' lang='lat' dir='ltr'>falso,</span> <span class='ocrx_word' id='word_1_212' title='bbox 391 1207 509 1255; x_wconf 82' lang='lat' dir='ltr'>quam</span> <span class='ocrx_word' id='word_1_213' title='bbox 538 1206 628 1243; x_wconf 78' lang='lat' dir='ltr'>vere</span> <span class='ocrx_word' id='word_1_214' title='bbox 656 1217 750 1254; x_wconf 90' lang='lat' dir='ltr'>nos,</span> <span class='ocrx_word' id='word_1_215' title='bbox 792 1202 994 1242; x_wconf 83' lang='lat' dir='ltr'>videamus</span> <span class='ocrx_word' id='word_1_216' title='bbox 1024 1201 1175 1240; x_wconf 89' lang='lat' dir='ltr'>ordine.</span> <span class='ocrx_word' id='word_1_217' title='bbox 1216 1201 1375 1249; x_wconf 73' lang='lat' dir='ltr'>Primo,</span> <span class='ocrx_word' id='word_1_218' title='bbox 1414 1197 1536 1237; x_wconf 86' lang='lat' dir='ltr'>Missa</span> <span class='ocrx_word' id='word_1_219' title='bbox 1563 1204 1765 1236; x_wconf 90' lang='lat' dir='ltr'>aeternum</span> <span class='ocrx_word' id='word_1_220' title='bbox 1795 1198 1940 1237; x_wconf 90' lang='lat' dir='ltr'>Christi</span> <span class='ocrx_word' id='word_1_221' title='bbox 1968 1199 2100 1236; x_wconf 86' lang='lat' dir='ltr'>Sacer-</span> 
     </span>
     <span class='ocr_line' id='line_1_22' title="bbox 162 1250 2101 1307; baseline -0.005 -10"><span class='ocrx_word' id='word_1_222' title='bbox 162 1259 313 1297; x_wconf 85' lang='lat' dir='ltr'>dotium</span> <span class='ocrx_word' id='word_1_223' title='bbox 356 1258 512 1297; x_wconf 89' lang='lat' dir='ltr'>euertit:</span> <span class='ocrx_word' id='word_1_224' title='bbox 555 1269 684 1307; x_wconf 89' lang='lat' dir='ltr'>neque</span> <span class='ocrx_word' id='word_1_225' title='bbox 726 1256 830 1295; x_wconf 90' lang='lat' dir='ltr'>enirn</span> <span class='ocrx_word' id='word_1_226' title='bbox 871 1267 1162 1306; x_wconf 65' lang='lat' dir='ltr'>successorem,</span> <span class='ocrx_word' id='word_1_227' title='bbox 1205 1255 1295 1292; x_wconf 80' lang='lat' dir='ltr'>cum</span> <span class='ocrx_word' id='word_1_228' title='bbox 1337 1252 1384 1291; x_wconf 89' lang='lat' dir='ltr'>sit</span> <span class='ocrx_word' id='word_1_229' title='bbox 1415 1250 1647 1290; x_wconf 87' lang='lat' dir='ltr'>immortalis</span> <span class='ocrx_word' id='word_1_230' title='bbox 1690 1251 1868 1291; x_wconf 86' lang='lat' dir='ltr'>Christus</span> <span class='ocrx_word' id='word_1_231' title='bbox 1907 1250 2101 1289; x_wconf 86' lang='lat' dir='ltr'>admittit:</span> 
     </span>
     <span class='ocr_line' id='line_1_23' title="bbox 163 1304 2103 1362; baseline -0.005 -12"><span class='ocrx_word' id='word_1_232' title='bbox 163 1312 485 1362; x_wconf 86' lang='lat' dir='ltr'>quandoquidem</span> <span class='ocrx_word' id='word_1_233' title='bbox 527 1310 611 1360; x_wconf 88' lang='lat' dir='ltr'>ipse</span> <span class='ocrx_word' id='word_1_234' title='bbox 638 1313 661 1349; x_wconf 78' lang='lat' dir='ltr'>a</span> <span class='ocrx_word' id='word_1_235' title='bbox 689 1311 801 1348; x_wconf 89' lang='lat' dir='ltr'>Patre</span> <span class='ocrx_word' id='word_1_236' title='bbox 842 1320 913 1348; x_wconf 88' lang='lat' dir='ltr'>suo</span> <span class='ocrx_word' id='word_1_237' title='bbox 955 1309 1078 1346; x_wconf 87' lang='lat' dir='ltr'>factus</span> <span class='ocrx_word' id='word_1_238' title='bbox 1115 1321 1163 1346; x_wconf 90' lang='lat' dir='ltr'>ac</span> <span class='ocrx_word' id='word_1_239' title='bbox 1190 1305 1490 1358; x_wconf 87' lang='lat' dir='ltr'>cognominatus</span> <span class='ocrx_word' id='word_1_240' title='bbox 1518 1311 1576 1343; x_wconf 86' lang='lat' dir='ltr'>est</span> <span class='ocrx_word' id='word_1_241' title='bbox 1603 1304 1784 1344; x_wconf 84' lang='lat' dir='ltr'>Pontifex</span> <span class='ocrx_word' id='word_1_242' title='bbox 1812 1305 1852 1343; x_wconf 89' lang='lat' dir='ltr'>in</span> <span class='ocrx_word' id='word_1_243' title='bbox 1879 1312 2103 1351; x_wconf 72' lang='lat' dir='ltr'>aeternum,</span> 
     </span>
     <span class='ocr_line' id='line_1_24' title="bbox 161 1356 2103 1414; baseline -0.005 -10"><span class='ocrx_word' id='word_1_244' title='bbox 161 1366 377 1404; x_wconf 78' lang='lat' dir='ltr'>secundum</span> <span class='ocrx_word' id='word_1_245' title='bbox 407 1365 606 1414; x_wconf 85' lang='lat' dir='ltr'>ordinem,</span> <span class='ocrx_word' id='word_1_246' title='bbox 648 1365 726 1402; x_wconf 93' lang='lat' dir='ltr'>hoc</span> <span class='ocrx_word' id='word_1_247' title='bbox 766 1370 845 1414; x_wconf 88' lang='lat' dir='ltr'>est,</span> <span class='ocrx_word' id='word_1_248' title='bbox 887 1361 938 1400; x_wconf 91' lang='lat' dir='ltr'>ad</span> <span class='ocrx_word' id='word_1_249' title='bbox 966 1360 1260 1400; x_wconf 87' lang='lat' dir='ltr'>similitudinem</span> <span class='ocrx_word' id='word_1_250' title='bbox 1288 1359 1577 1408; x_wconf 83' lang='lat' dir='ltr'>Melchisedec,</span> <span class='ocrx_word' id='word_1_251' title='bbox 1607 1356 1762 1409; x_wconf 87' lang='lat' dir='ltr'>vnicus,</span> <span class='ocrx_word' id='word_1_252' title='bbox 1791 1358 1899 1397; x_wconf 89' lang='lat' dir='ltr'>cuius</span> <span class='ocrx_word' id='word_1_253' title='bbox 1928 1357 2103 1408; x_wconf 85' lang='lat' dir='ltr'>typicum</span> 
     </span>
     <span class='ocr_line' id='line_1_25' title="bbox 162 1410 2102 1467; baseline -0.004 -10"><span class='ocrx_word' id='word_1_254' title='bbox 162 1418 434 1457; x_wconf 85' lang='lat' dir='ltr'>Sacerdotium</span> <span class='ocrx_word' id='word_1_255' title='bbox 475 1417 666 1467; x_wconf 87' lang='lat' dir='ltr'>impleuit.</span> <span class='ocrx_word' id='word_1_256' title='bbox 692 1417 823 1454; x_wconf 79' lang='lat' dir='ltr'>Hebr.</span> <span class='ocrx_word' id='word_1_257' title='bbox 853 1427 887 1466; x_wconf 83' lang='lat'>5.</span> <span class='ocrx_word' id='word_1_258' title='bbox 919 1427 955 1466; x_wconf 90' lang='lat'>5.</span> <span class='ocrx_word' id='word_1_259' title='bbox 990 1428 1021 1453; x_wconf 90' lang='lat'>1.</span> <span class='ocrx_word' id='word_1_260' title='bbox 1054 1420 1104 1456; x_wconf 56' lang='grc' dir='ltr'>ἐφ’</span> <span class='ocrx_word' id='word_1_261' title='bbox 1135 1427 1169 1464; x_wconf 87' lang='grc'>7.</span> <span class='ocrx_word' id='word_1_262' title='bbox 1201 1426 1236 1464; x_wconf 91' lang='lat'>7.</span> <span class='ocrx_word' id='word_1_263' title='bbox 1262 1415 1454 1452; x_wconf 88' lang='lat' dir='ltr'>Asserunt</span> <span class='ocrx_word' id='word_1_264' title='bbox 1490 1411 1699 1461; x_wconf 84' lang='lat' dir='ltr'>aduersarij</span> <span class='ocrx_word' id='word_1_265' title='bbox 1734 1424 1877 1461; x_wconf 87' lang='lat' dir='ltr'>panem</span> <span class='ocrx_word' id='word_1_266' title='bbox 1906 1414 1941 1450; x_wconf 62' lang='grc' dir='ltr'>δε</span> <span class='ocrx_word' id='word_1_267' title='bbox 1970 1410 2102 1449; x_wconf 84' lang='lat' dir='ltr'>vinum</span> 
     </span>
     <span class='ocr_line' id='line_1_26' title="bbox 163 1465 2101 1520; baseline -0.004 -10"><span class='ocrx_word' id='word_1_268' title='bbox 163 1472 345 1510; x_wconf 86' lang='lat' dir='ltr'>Abrahae</span> <span class='ocrx_word' id='word_1_269' title='bbox 372 1475 395 1510; x_wconf 75' lang='lat' dir='ltr'>a</span> <span class='ocrx_word' id='word_1_270' title='bbox 423 1471 717 1510; x_wconf 89' lang='lat' dir='ltr'>Melchisedeco</span> <span class='ocrx_word' id='word_1_271' title='bbox 755 1470 953 1518; x_wconf 91' lang='lat' dir='ltr'>oblatum,</span> <span class='ocrx_word' id='word_1_272' title='bbox 995 1476 1132 1520; x_wconf 88' lang='lat' dir='ltr'>typum</span> <span class='ocrx_word' id='word_1_273' title='bbox 1171 1468 1290 1507; x_wconf 87' lang='lat' dir='ltr'>fuisse</span> <span class='ocrx_word' id='word_1_274' title='bbox 1330 1468 1482 1505; x_wconf 80' lang='lat' dir='ltr'>futurae</span> <span class='ocrx_word' id='word_1_275' title='bbox 1519 1465 1673 1507; x_wconf 81' lang='lat' dir='ltr'>Missae.</span> <span class='ocrx_word' id='word_1_276' title='bbox 1714 1467 1835 1516; x_wconf 83' lang='lat' dir='ltr'>Resp.</span> <span class='ocrx_word' id='word_1_277' title='bbox 1864 1465 2101 1503; x_wconf 85' lang='lat' dir='ltr'>Munuscula</span> 
     </span>
     <span class='ocr_line' id='line_1_27' title="bbox 161 1517 2102 1569; baseline -0.005 -6"><span class='ocrx_word' id='word_1_278' title='bbox 161 1526 226 1564; x_wconf 83' lang='lat' dir='ltr'>illa</span> <span class='ocrx_word' id='word_1_279' title='bbox 253 1524 502 1563; x_wconf 83' lang='lat' dir='ltr'>humanitatis</span> <span class='ocrx_word' id='word_1_280' title='bbox 524 1522 803 1563; x_wconf 80' lang='lat' dir='ltr'>Melchisedeci</span> <span class='ocrx_word' id='word_1_281' title='bbox 830 1523 869 1561; x_wconf 90' lang='lat' dir='ltr'>in</span> <span class='ocrx_word' id='word_1_282' title='bbox 897 1523 1168 1562; x_wconf 88' lang='lat' dir='ltr'>Abrahamum</span> <span class='ocrx_word' id='word_1_283' title='bbox 1197 1535 1244 1560; x_wconf 89' lang='lat' dir='ltr'>ex</span> <span class='ocrx_word' id='word_1_284' title='bbox 1271 1520 1332 1559; x_wconf 89' lang='lat' dir='ltr'>via</span> <span class='ocrx_word' id='word_1_285' title='bbox 1356 1521 1574 1569; x_wconf 88' lang='lat' dir='ltr'>defessum,</span> <span class='ocrx_word' id='word_1_286' title='bbox 1600 1517 1745 1557; x_wconf 91' lang='lat' dir='ltr'>indicia</span> <span class='ocrx_word' id='word_1_287' title='bbox 1767 1518 1928 1558; x_wconf 86' lang='lat' dir='ltr'>recitare</span> <span class='ocrx_word' id='word_1_288' title='bbox 1944 1519 2102 1566; x_wconf 70' lang='lat' dir='ltr'>Mosen,</span> 
     </span>
     <span class='ocr_line' id='line_1_28' title="bbox 162 1570 2105 1627; baseline -0.004 -11"><span class='ocrx_word' id='word_1_289' title='bbox 162 1579 268 1617; x_wconf 86' lang='lat' dir='ltr'>nulla</span> <span class='ocrx_word' id='word_1_290' title='bbox 309 1578 484 1627; x_wconf 86' lang='lat' dir='ltr'>sacrificij</span> <span class='ocrx_word' id='word_1_291' title='bbox 532 1579 636 1616; x_wconf 88' lang='lat' dir='ltr'>facta</span> <span class='ocrx_word' id='word_1_292' title='bbox 676 1575 889 1615; x_wconf 90' lang='lat' dir='ltr'>mentione.</span> <span class='ocrx_word' id='word_1_293' title='bbox 918 1578 1071 1627; x_wconf 86' lang='lat' dir='ltr'>Vrgent</span> <span class='ocrx_word' id='word_1_294' title='bbox 1097 1576 1182 1626; x_wconf 87' lang='lat' dir='ltr'>hic,</span> <span class='ocrx_word' id='word_1_295' title='bbox 1224 1574 1334 1625; x_wconf 88' lang='lat' dir='ltr'>quod</span> <span class='ocrx_word' id='word_1_296' title='bbox 1368 1573 1407 1612; x_wconf 93' lang='lat' dir='ltr'>in</span> <span class='ocrx_word' id='word_1_297' title='bbox 1442 1579 1549 1612; x_wconf 89' lang='lat' dir='ltr'>textu</span> <span class='ocrx_word' id='word_1_298' title='bbox 1579 1572 1727 1610; x_wconf 85' lang='lat' dir='ltr'>dicatur</span> <span class='ocrx_word' id='word_1_299' title='bbox 1766 1572 1883 1611; x_wconf 87' lang='lat' dir='ltr'>fuisse</span> <span class='ocrx_word' id='word_1_300' title='bbox 1912 1570 2105 1610; x_wconf 87' lang='lat' dir='ltr'>Sacerdos</span> 
     </span>
     <span class='ocr_line' id='line_1_29' title="bbox 163 1624 2104 1682; baseline -0.004 -12"><span class='ocrx_word' id='word_1_301' title='bbox 163 1631 351 1671; x_wconf 82' lang='lat' dir='ltr'>altissimi.</span> <span class='ocrx_word' id='word_1_302' title='bbox 379 1633 498 1682; x_wconf 90' lang='lat' dir='ltr'>Resp.</span> <span class='ocrx_word' id='word_1_303' title='bbox 527 1633 578 1670; x_wconf 92' lang='lat' dir='ltr'>D.</span> <span class='ocrx_word' id='word_1_304' title='bbox 607 1631 769 1669; x_wconf 91' lang='lat' dir='ltr'>Paulum</span> <span class='ocrx_word' id='word_1_305' title='bbox 798 1629 895 1668; x_wconf 89' lang='lat' dir='ltr'>illud</span> <span class='ocrx_word' id='word_1_306' title='bbox 925 1630 977 1668; x_wconf 90' lang='lat' dir='ltr'>ad</span> <span class='ocrx_word' id='word_1_307' title='bbox 1005 1628 1324 1669; x_wconf 87' lang='lat' dir='ltr'>benedictionem</span> <span class='ocrx_word' id='word_1_308' title='bbox 1348 1628 1512 1676; x_wconf 83' lang='lat' dir='ltr'>referre,</span> <span class='ocrx_word' id='word_1_309' title='bbox 1542 1626 1942 1677; x_wconf 71' lang='lat' dir='ltr'>quamaSacerdote,</span> <span class='ocrx_word' id='word_1_310' title='bbox 1959 1624 2104 1675; x_wconf 87' lang='lat' dir='ltr'>quippe</span> 
     </span>
     <span class='ocr_line' id='line_1_30' title="bbox 164 1684 1194 1735; baseline -0.003 -12"><span class='ocrx_word' id='word_1_311' title='bbox 164 1685 313 1724; x_wconf 90' lang='lat' dir='ltr'>maiore</span> <span class='ocrx_word' id='word_1_312' title='bbox 343 1698 405 1735; x_wconf 92' lang='lat' dir='ltr'>se,</span> <span class='ocrx_word' id='word_1_313' title='bbox 433 1685 586 1735; x_wconf 90' lang='lat' dir='ltr'>accepit</span> <span class='ocrx_word' id='word_1_314' title='bbox 613 1684 836 1734; x_wconf 88' lang='lat' dir='ltr'>Abraham,</span> <span class='ocrx_word' id='word_1_315' title='bbox 864 1684 993 1722; x_wconf 76' lang='lat' dir='ltr'>Hebr.</span> <span class='ocrx_word' id='word_1_316' title='bbox 1025 1695 1060 1732; x_wconf 91' lang='lat'>7.</span> <span class='ocrx_word' id='word_1_317' title='bbox 1090 1685 1125 1722; x_wconf 91' lang='lat'>6.</span> <span class='ocrx_word' id='word_1_318' title='bbox 1161 1694 1194 1732; x_wconf 89' lang='lat'>7.</span> 
     </span>
    </p>

    <p class='ocr_par' dir='ltr' id='par_1_5' title="bbox 156 1730 2116 2482">
     <span class='ocr_line' id='line_1_31' title="bbox 217 1730 2106 1788; baseline -0.003 -13"><span class='ocrx_word' id='word_1_319' title='bbox 217 1740 253 1775; x_wconf 92' lang='lat'>6.</span> <span class='ocrx_word' id='word_1_320' title='bbox 312 1740 395 1776; x_wconf 88' lang='lat' dir='ltr'>Nec</span> <span class='ocrx_word' id='word_1_321' title='bbox 437 1738 648 1788; x_wconf 87' lang='lat' dir='ltr'>quicquam</span> <span class='ocrx_word' id='word_1_322' title='bbox 690 1736 735 1776; x_wconf 90' lang='lat' dir='ltr'>iis</span> <span class='ocrx_word' id='word_1_323' title='bbox 762 1738 922 1775; x_wconf 88' lang='lat' dir='ltr'>Patrum</span> <span class='ocrx_word' id='word_1_324' title='bbox 962 1737 1176 1776; x_wconf 87' lang='lat' dir='ltr'>authoritas</span> <span class='ocrx_word' id='word_1_325' title='bbox 1204 1734 1482 1786; x_wconf 86' lang='lat' dir='ltr'>patrocinatur.</span> <span class='ocrx_word' id='word_1_326' title='bbox 1523 1734 1640 1782; x_wconf 90' lang='lat' dir='ltr'>Esto,</span> <span class='ocrx_word' id='word_1_327' title='bbox 1671 1732 1848 1771; x_wconf 89' lang='lat' dir='ltr'>Coenam</span> <span class='ocrx_word' id='word_1_328' title='bbox 1876 1730 2106 1771; x_wconf 87' lang='lat' dir='ltr'>sacrificium</span> 
     </span>
     <span class='ocr_line' id='line_1_32' title="bbox 164 1786 2108 1842; baseline -0.005 -11"><span class='ocrx_word' id='word_1_329' title='bbox 164 1800 320 1831; x_wconf 88' lang='lat' dir='ltr'>vocent.</span> <span class='ocrx_word' id='word_1_330' title='bbox 348 1793 402 1829; x_wconf 90' lang='lat' dir='ltr'>At</span> <span class='ocrx_word' id='word_1_331' title='bbox 431 1790 567 1842; x_wconf 83' lang='lat' dir='ltr'>quale?</span> <span class='ocrx_word' id='word_1_332' title='bbox 595 1790 699 1830; x_wconf 90' lang='lat' dir='ltr'>vnici</span> <span class='ocrx_word' id='word_1_333' title='bbox 726 1790 826 1829; x_wconf 91' lang='lat' dir='ltr'>illius</span> <span class='ocrx_word' id='word_1_334' title='bbox 855 1789 1000 1829; x_wconf 83' lang='lat' dir='ltr'>Christi</span> <span class='ocrx_word' id='word_1_335' title='bbox 1035 1789 1210 1839; x_wconf 87' lang='lat' dir='ltr'>sacrificij</span> <span class='ocrx_word' id='word_1_336' title='bbox 1240 1789 1280 1828; x_wconf 91' lang='lat' dir='ltr'>in</span> <span class='ocrx_word' id='word_1_337' title='bbox 1321 1800 1438 1826; x_wconf 87' lang='lat' dir='ltr'>cruce</span> <span class='ocrx_word' id='word_1_338' title='bbox 1466 1786 1614 1838; x_wconf 86' lang='lat' dir='ltr'>peracti</span> <span class='ocrx_word' id='word_1_339' title='bbox 1646 1786 1899 1836; x_wconf 89' lang='lat' dir='ltr'>memoriam,</span> <span class='ocrx_word' id='word_1_340' title='bbox 1940 1786 2108 1833; x_wconf 68' lang='lat' dir='ltr'>August.</span> 
     </span>
     <span class='ocr_line' id='line_1_33' title="bbox 162 1839 2109 1896; baseline -0.005 -12"><span class='ocrx_word' id='word_1_341' title='bbox 162 1847 227 1884; x_wconf 75' lang='lat' dir='ltr'>lib.</span> <span class='ocrx_word' id='word_1_342' title='bbox 254 1860 315 1884; x_wconf 88' lang='lat'>20.</span> <span class='ocrx_word' id='word_1_343' title='bbox 344 1851 480 1884; x_wconf 76' lang='lat' dir='ltr'>contra</span> <span class='ocrx_word' id='word_1_344' title='bbox 508 1848 644 1884; x_wconf 76' lang='lat' dir='ltr'>Fczust.</span> <span class='ocrx_word' id='word_1_345' title='bbox 673 1851 760 1896; x_wconf 75' lang='lat' dir='ltr'>cap.</span> <span class='ocrx_word' id='word_1_346' title='bbox 791 1846 828 1882; x_wconf 77' lang='lat'>8.</span> <span class='ocrx_word' id='word_1_347' title='bbox 856 1843 1067 1894; x_wconf 88' lang='lat' dir='ltr'>gratiarum</span> <span class='ocrx_word' id='word_1_348' title='bbox 1109 1843 1308 1882; x_wconf 89' lang='lat' dir='ltr'>actionem</span> <span class='ocrx_word' id='word_1_349' title='bbox 1349 1849 1466 1891; x_wconf 89' lang='lat' dir='ltr'>atque</span> <span class='ocrx_word' id='word_1_350' title='bbox 1502 1839 1941 1888; x_wconf 69' lang='lat' dir='ltr'>commemorationem,</span> <span class='ocrx_word' id='word_1_351' title='bbox 1969 1839 2033 1876; x_wconf 72' lang='lat' dir='ltr'>lib.</span> <span class='ocrx_word' id='word_1_352' title='bbox 2064 1839 2109 1875; x_wconf 82' lang='lat' dir='ltr'>dc</span> 
     </span>
     <span class='ocr_line' id='line_1_34' title="bbox 156 1891 2109 1949; baseline -0.004 -13"><span class='ocrx_word' id='word_1_353' title='bbox 156 1900 241 1949; x_wconf 78' lang='lat' dir='ltr'>fide</span> <span class='ocrx_word' id='word_1_354' title='bbox 269 1900 358 1940; x_wconf 75' lang='lat' dir='ltr'>adu.</span> <span class='ocrx_word' id='word_1_355' title='bbox 387 1900 496 1937; x_wconf 79' lang='lat' dir='ltr'>Pelr.</span> <span class='ocrx_word' id='word_1_356' title='bbox 526 1900 697 1937; x_wconf 78' lang='lat' dir='ltr'>Dz&#39;acon.</span> <span class='ocrx_word' id='word_1_357' title='bbox 725 1896 936 1948; x_wconf 86' lang='lat' dir='ltr'>imaginem</span> <span class='ocrx_word' id='word_1_358' title='bbox 963 1911 1009 1936; x_wconf 86' lang='lat' dir='ltr'>ac</span> <span class='ocrx_word' id='word_1_359' title='bbox 1037 1895 1325 1944; x_wconf 84' lang='lat' dir='ltr'>testimonium,</span> <span class='ocrx_word' id='word_1_360' title='bbox 1353 1897 1413 1934; x_wconf 82' lang='lat' dir='ltr'>lib.</span> <span class='ocrx_word' id='word_1_361' title='bbox 1443 1900 1580 1933; x_wconf 73' lang='lat' dir='ltr'>contra</span> <span class='ocrx_word' id='word_1_362' title='bbox 1608 1895 1764 1931; x_wconf 75' lang='lat' dir='ltr'>aduers.</span> <span class='ocrx_word' id='word_1_363' title='bbox 1793 1894 1889 1941; x_wconf 75' lang='lat' dir='ltr'>legis</span> <span class='ocrx_word' id='word_1_364' title='bbox 1905 1891 2109 1943; x_wconf 52' lang='lat' dir='ltr'>&amp;proph</span> 
     </span>
     <span class='ocr_line' id='line_1_35' title="bbox 164 1945 2112 2002; baseline -0.004 -12"><span class='ocrx_word' id='word_1_365' title='bbox 164 1965 283 1991; x_wconf 90' lang='lat' dir='ltr'>omne</span> <span class='ocrx_word' id='word_1_366' title='bbox 311 1953 462 1990; x_wconf 91' lang='lat' dir='ltr'>bonum</span> <span class='ocrx_word' id='word_1_367' title='bbox 493 1964 592 2002; x_wconf 86' lang='lat' dir='ltr'>opus</span> <span class='ocrx_word' id='word_1_368' title='bbox 620 1953 709 1990; x_wconf 92' lang='lat' dir='ltr'>Deo</span> <span class='ocrx_word' id='word_1_369' title='bbox 732 1950 938 2001; x_wconf 87' lang='lat' dir='ltr'>placitum,</span> <span class='ocrx_word' id='word_1_370' title='bbox 968 1953 1012 1989; x_wconf 82' lang='lat' dir='ltr'>dc</span> <span class='ocrx_word' id='word_1_371' title='bbox 1041 1953 1142 1989; x_wconf 81' lang='lat' dir='ltr'>ciuz&#39;t.</span> <span class='ocrx_word' id='word_1_372' title='bbox 1172 1951 1265 2002; x_wconf 74' lang='lat' dir='ltr'>Dei,</span> <span class='ocrx_word' id='word_1_373' title='bbox 1288 1950 1354 1988; x_wconf 74' lang='lat' dir='ltr'>lib.</span> <span class='ocrx_word' id='word_1_374' title='bbox 1387 1962 1446 1987; x_wconf 92' lang='lat'>10.</span> <span class='ocrx_word' id='word_1_375' title='bbox 1475 1954 1560 1999; x_wconf 78' lang='lat' dir='ltr'>cap.</span> <span class='ocrx_word' id='word_1_376' title='bbox 1590 1948 1626 1985; x_wconf 90' lang='lat'>6.</span> <span class='ocrx_word' id='word_1_377' title='bbox 1655 1945 1774 1985; x_wconf 87' lang='lat' dir='ltr'>serias</span> <span class='ocrx_word' id='word_1_378' title='bbox 1803 1948 1839 1984; x_wconf 86' lang='lat'>&amp;</span> <span class='ocrx_word' id='word_1_379' title='bbox 1862 1945 1945 1996; x_wconf 84' lang='lat' dir='ltr'>pias</span> <span class='ocrx_word' id='word_1_380' title='bbox 1962 1957 2112 1995; x_wconf 87' lang='lat' dir='ltr'>preces,</span> 
     </span>
     <span class='ocr_line' id='line_1_36' title="bbox 170 1999 2111 2057; baseline -0.004 -14"><span class='ocrx_word' id='word_1_381' title='bbox 170 2007 436 2044; x_wconf 78' lang='lat' dir='ltr'>Tertullianus</span> <span class='ocrx_word' id='word_1_382' title='bbox 465 2007 521 2044; x_wconf 85' lang='lat' dir='ltr'>ad</span> <span class='ocrx_word' id='word_1_383' title='bbox 544 2005 703 2057; x_wconf 77' lang='lat' dir='ltr'>Scapul.</span> <span class='ocrx_word' id='word_1_384' title='bbox 731 2003 839 2042; x_wconf 89' lang='lat' dir='ltr'>Hinc</span> <span class='ocrx_word' id='word_1_385' title='bbox 863 2005 999 2043; x_wconf 88' lang='lat' dir='ltr'>Coena</span> <span class='ocrx_word' id='word_1_386' title='bbox 1034 2007 1197 2043; x_wconf 89' lang='lat' dir='ltr'>Irenaeo</span> <span class='ocrx_word' id='word_1_387' title='bbox 1213 2001 1447 2043; x_wconf 88' lang='lat' dir='ltr'>eucharistia</span> <span class='ocrx_word' id='word_1_388' title='bbox 1475 2000 1602 2051; x_wconf 86' lang='lat' dir='ltr'>dicta,</span> <span class='ocrx_word' id='word_1_389' title='bbox 1630 2001 1694 2039; x_wconf 77' lang='lat' dir='ltr'>lib.</span> <span class='ocrx_word' id='word_1_390' title='bbox 1723 2012 1759 2047; x_wconf 93' lang='lat'>4.</span> <span class='ocrx_word' id='word_1_391' title='bbox 1788 2006 1872 2051; x_wconf 76' lang='lat' dir='ltr'>cap.</span> <span class='ocrx_word' id='word_1_392' title='bbox 1905 2012 1968 2048; x_wconf 85' lang='lat'>32.</span> <span class='ocrx_word' id='word_1_393' title='bbox 1985 1999 2034 2036; x_wconf 48' lang='grc' dir='ltr'>ἐφ’</span> <span class='ocrx_word' id='word_1_394' title='bbox 2048 2010 2111 2047; x_wconf 88' lang='lat'>34.</span> 
     </span>
     <span class='ocr_line' id='line_1_37' title="bbox 164 2051 2112 2108; baseline -0.005 -11"><span class='ocrx_word' id='word_1_395' title='bbox 164 2061 224 2097; x_wconf 88' lang='lat' dir='ltr'>Ita</span> <span class='ocrx_word' id='word_1_396' title='bbox 251 2058 551 2098; x_wconf 88' lang='lat' dir='ltr'>eucharisticum</span> <span class='ocrx_word' id='word_1_397' title='bbox 580 2057 815 2098; x_wconf 86' lang='lat' dir='ltr'>sacrificium</span> <span class='ocrx_word' id='word_1_398' title='bbox 844 2059 946 2097; x_wconf 80' lang='lat' dir='ltr'>bene</span> <span class='ocrx_word' id='word_1_399' title='bbox 975 2057 1130 2108; x_wconf 89' lang='lat' dir='ltr'>dicitur,</span> <span class='ocrx_word' id='word_1_400' title='bbox 1158 2064 1200 2096; x_wconf 88' lang='lat' dir='ltr'>vt</span> <span class='ocrx_word' id='word_1_401' title='bbox 1228 2056 1448 2096; x_wconf 89' lang='lat' dir='ltr'>orationem</span> <span class='ocrx_word' id='word_1_402' title='bbox 1473 2067 1583 2093; x_wconf 88' lang='lat' dir='ltr'>suam</span> <span class='ocrx_word' id='word_1_403' title='bbox 1609 2053 1813 2092; x_wconf 88' lang='lat' dir='ltr'>incensum</span> <span class='ocrx_word' id='word_1_404' title='bbox 1837 2059 1954 2091; x_wconf 87' lang='lat' dir='ltr'>vocat</span> <span class='ocrx_word' id='word_1_405' title='bbox 1967 2051 2112 2097; x_wconf 72' lang='lat' dir='ltr'>Dauid,</span> 
     </span>
     <span class='ocr_line' id='line_1_38' title="bbox 165 2105 2113 2163; baseline -0.006 -10"><span class='ocrx_word' id='word_1_406' title='bbox 165 2114 313 2153; x_wconf 84' lang='lat' dir='ltr'>Psalm.</span> <span class='ocrx_word' id='word_1_407' title='bbox 346 2125 430 2160; x_wconf 92' lang='lat'>141.</span> <span class='ocrx_word' id='word_1_408' title='bbox 464 2126 498 2151; x_wconf 92' lang='lat'>2.</span> <span class='ocrx_word' id='word_1_409' title='bbox 540 2111 752 2163; x_wconf 86' lang='lat' dir='ltr'>gratiarum</span> <span class='ocrx_word' id='word_1_410' title='bbox 792 2111 968 2151; x_wconf 87' lang='lat' dir='ltr'>actiones</span> <span class='ocrx_word' id='word_1_411' title='bbox 1009 2111 1200 2151; x_wconf 87' lang='lat' dir='ltr'>sacrificia</span> <span class='ocrx_word' id='word_1_412' title='bbox 1235 2109 1380 2161; x_wconf 89' lang='lat' dir='ltr'>laudis,</span> <span class='ocrx_word' id='word_1_413' title='bbox 1418 2110 1565 2147; x_wconf 80' lang='lat' dir='ltr'>Psalm.</span> <span class='ocrx_word' id='word_1_414' title='bbox 1597 2118 1660 2158; x_wconf 90' lang='lat'>51.</span> <span class='ocrx_word' id='word_1_415' title='bbox 1692 2120 1753 2146; x_wconf 90' lang='lat'>21.</span> <span class='ocrx_word' id='word_1_416' title='bbox 1783 2107 1943 2145; x_wconf 87' lang='lat' dir='ltr'>easdem</span> <span class='ocrx_word' id='word_1_417' title='bbox 1970 2105 2113 2143; x_wconf 88' lang='lat' dir='ltr'>vitulos</span> 
     </span>
     <span class='ocr_line' id='line_1_39' title="bbox 165 2159 2114 2217; baseline -0.005 -13"><span class='ocrx_word' id='word_1_418' title='bbox 165 2164 360 2204; x_wconf 88' lang='lat' dir='ltr'>labiorum</span> <span class='ocrx_word' id='word_1_419' title='bbox 389 2166 532 2217; x_wconf 87' lang='lat' dir='ltr'>Oseas,</span> <span class='ocrx_word' id='word_1_420' title='bbox 561 2172 643 2216; x_wconf 75' lang='lat' dir='ltr'>cap.</span> <span class='ocrx_word' id='word_1_421' title='bbox 677 2179 736 2213; x_wconf 89' lang='lat'>14.</span> <span class='ocrx_word' id='word_1_422' title='bbox 765 2178 865 2205; x_wconf 81' lang='lat' dir='ltr'>vers.</span> <span class='ocrx_word' id='word_1_423' title='bbox 899 2179 933 2205; x_wconf 90' lang='lat'>2.</span> <span class='ocrx_word' id='word_1_424' title='bbox 961 2177 1007 2204; x_wconf 90' lang='lat' dir='ltr'>ea</span> <span class='ocrx_word' id='word_1_425' title='bbox 1035 2165 1187 2204; x_wconf 85' lang='lat' dir='ltr'>ratione</span> <span class='ocrx_word' id='word_1_426' title='bbox 1228 2163 1365 2202; x_wconf 87' lang='lat' dir='ltr'>fideles</span> <span class='ocrx_word' id='word_1_427' title='bbox 1407 2174 1544 2201; x_wconf 91' lang='lat' dir='ltr'>omnes</span> <span class='ocrx_word' id='word_1_428' title='bbox 1574 2167 1731 2211; x_wconf 88' lang='lat' dir='ltr'>oportet</span> <span class='ocrx_word' id='word_1_429' title='bbox 1759 2173 1845 2199; x_wconf 87' lang='lat' dir='ltr'>esse</span> <span class='ocrx_word' id='word_1_430' title='bbox 1871 2159 2114 2207; x_wconf 74' lang='lat' dir='ltr'>sacerdotes,</span> 
     </span>
     <span class='ocr_line' id='line_1_40' title="bbox 165 2213 2112 2271; baseline -0.005 -13"><span class='ocrx_word' id='word_1_431' title='bbox 165 2221 327 2271; x_wconf 79' lang='lat' dir='ltr'>Apocal.</span> <span class='ocrx_word' id='word_1_432' title='bbox 361 2232 394 2258; x_wconf 92' lang='lat'>1.</span> <span class='ocrx_word' id='word_1_433' title='bbox 424 2220 458 2257; x_wconf 92' lang='lat'>6.</span> <span class='ocrx_word' id='word_1_434' title='bbox 489 2219 544 2258; x_wconf 89' lang='lat' dir='ltr'>sic</span> <span class='ocrx_word' id='word_1_435' title='bbox 571 2220 677 2258; x_wconf 91' lang='lat' dir='ltr'>bona</span> <span class='ocrx_word' id='word_1_436' title='bbox 705 2231 826 2268; x_wconf 87' lang='lat' dir='ltr'>opera</span> <span class='ocrx_word' id='word_1_437' title='bbox 852 2218 892 2257; x_wconf 90' lang='lat' dir='ltr'>in</span> <span class='ocrx_word' id='word_1_438' title='bbox 920 2230 1028 2258; x_wconf 89' lang='lat' dir='ltr'>nouo</span> <span class='ocrx_word' id='word_1_439' title='bbox 1057 2220 1093 2257; x_wconf 95' lang='lat' dir='ltr'>T</span> <span class='ocrx_word' id='word_1_440' title='bbox 1096 2224 1314 2258; x_wconf 86' lang='lat' dir='ltr'>estamento</span> <span class='ocrx_word' id='word_1_441' title='bbox 1356 2215 1500 2268; x_wconf 88' lang='lat' dir='ltr'>passim</span> <span class='ocrx_word' id='word_1_442' title='bbox 1545 2214 1732 2253; x_wconf 88' lang='lat' dir='ltr'>sacrificia</span> <span class='ocrx_word' id='word_1_443' title='bbox 1769 2213 1969 2263; x_wconf 70' lang='lat' dir='ltr'>dicuntur,</span> <span class='ocrx_word' id='word_1_444' title='bbox 1998 2213 2112 2249; x_wconf 80' lang='lat' dir='ltr'>Rom.</span> 
     </span>
     <span class='ocr_line' id='line_1_41' title="bbox 170 2264 2116 2324; baseline -0.004 -14"><span class='ocrx_word' id='word_1_445' title='bbox 170 2283 229 2323; x_wconf 94' lang='lat'>15.</span> <span class='ocrx_word' id='word_1_446' title='bbox 263 2274 322 2312; x_wconf 89' lang='lat'>16.</span> <span class='ocrx_word' id='word_1_447' title='bbox 351 2274 497 2324; x_wconf 69' lang='lat' dir='ltr'>Philip.</span> <span class='ocrx_word' id='word_1_448' title='bbox 528 2286 562 2310; x_wconf 90' lang='lat'>2.</span> <span class='ocrx_word' id='word_1_449' title='bbox 597 2283 655 2321; x_wconf 88' lang='lat'>17.</span> <span class='ocrx_word' id='word_1_450' title='bbox 699 2273 860 2324; x_wconf 78' lang='lat' dir='ltr'>Apocal.</span> <span class='ocrx_word' id='word_1_451' title='bbox 892 2282 927 2322; x_wconf 89' lang='lat'>5.</span> <span class='ocrx_word' id='word_1_452' title='bbox 957 2275 994 2311; x_wconf 90' lang='lat'>8.</span> <span class='ocrx_word' id='word_1_453' title='bbox 1022 2273 1151 2310; x_wconf 82' lang='lat' dir='ltr'>Hebr.</span> <span class='ocrx_word' id='word_1_454' title='bbox 1188 2282 1224 2322; x_wconf 88' lang='lat'>5.</span> <span class='ocrx_word' id='word_1_455' title='bbox 1258 2281 1318 2322; x_wconf 92' lang='lat'>15.</span> <span class='ocrx_word' id='word_1_456' title='bbox 1347 2272 1460 2309; x_wconf 84' lang='lat' dir='ltr'>Rom.</span> <span class='ocrx_word' id='word_1_457' title='bbox 1495 2281 1552 2307; x_wconf 89' lang='lat'>12.</span> <span class='ocrx_word' id='word_1_458' title='bbox 1587 2281 1619 2306; x_wconf 92' lang='lat'>1.</span> <span class='ocrx_word' id='word_1_459' title='bbox 1649 2267 1706 2306; x_wconf 88' lang='lat' dir='ltr'>sic</span> <span class='ocrx_word' id='word_1_460' title='bbox 1733 2266 1808 2318; x_wconf 87' lang='lat' dir='ltr'>ipsi</span> <span class='ocrx_word' id='word_1_461' title='bbox 1836 2266 1970 2305; x_wconf 89' lang='lat' dir='ltr'>fideles</span> <span class='ocrx_word' id='word_1_462' title='bbox 2001 2264 2116 2303; x_wconf 86' lang='lat' dir='ltr'>sacri-</span> 
     </span>
     <span class='ocr_line' id='line_1_42' title="bbox 165 2320 2115 2376; baseline -0.005 -12"><span class='ocrx_word' id='word_1_463' title='bbox 165 2325 298 2364; x_wconf 90' lang='lat' dir='ltr'>ficium</span> <span class='ocrx_word' id='word_1_464' title='bbox 340 2332 520 2364; x_wconf 87' lang='lat' dir='ltr'>sanctum</span> <span class='ocrx_word' id='word_1_465' title='bbox 551 2331 755 2376; x_wconf 86' lang='lat' dir='ltr'>vocantur,</span> <span class='ocrx_word' id='word_1_466' title='bbox 798 2325 850 2364; x_wconf 87' lang='lat' dir='ltr'>ad</span> <span class='ocrx_word' id='word_1_467' title='bbox 892 2325 1139 2364; x_wconf 86' lang='lat' dir='ltr'>offerendum</span> <span class='ocrx_word' id='word_1_468' title='bbox 1181 2327 1270 2364; x_wconf 92' lang='lat' dir='ltr'>Deo</span> <span class='ocrx_word' id='word_1_469' title='bbox 1313 2323 1531 2374; x_wconf 88' lang='lat' dir='ltr'>spirituales</span> <span class='ocrx_word' id='word_1_470' title='bbox 1561 2320 1731 2372; x_wconf 88' lang='lat' dir='ltr'>hostias,</span> <span class='ocrx_word' id='word_1_471' title='bbox 1779 2335 1811 2359; x_wconf 89' lang='lat'>1.</span> <span class='ocrx_word' id='word_1_472' title='bbox 1853 2321 1962 2358; x_wconf 78' lang='lat' dir='ltr'>Pctr.</span> <span class='ocrx_word' id='word_1_473' title='bbox 2006 2332 2039 2357; x_wconf 91' lang='lat'>2.</span> <span class='ocrx_word' id='word_1_474' title='bbox 2083 2331 2115 2355; x_wconf 94' lang='lat'>1.</span> 
     </span>
     <span class='ocr_line' id='line_1_43' title="bbox 166 2373 2114 2430; baseline -0.005 -13"><span class='ocrx_word' id='word_1_475' title='bbox 166 2378 408 2418; x_wconf 89' lang='lat' dir='ltr'>Huiusmodi</span> <span class='ocrx_word' id='word_1_476' title='bbox 438 2380 476 2418; x_wconf 92' lang='lat' dir='ltr'>S.</span> <span class='ocrx_word' id='word_1_477' title='bbox 507 2380 644 2418; x_wconf 90' lang='lat' dir='ltr'>Coena</span> <span class='ocrx_word' id='word_1_478' title='bbox 673 2385 752 2430; x_wconf 85' lang='lat' dir='ltr'>est,</span> <span class='ocrx_word' id='word_1_479' title='bbox 780 2391 862 2417; x_wconf 92' lang='lat' dir='ltr'>non</span> <span class='ocrx_word' id='word_1_480' title='bbox 893 2381 1076 2430; x_wconf 64' lang='lat' dir='ltr'>Magouq&#39;,</span> <span class='ocrx_word' id='word_1_481' title='bbox 1105 2390 1205 2429; x_wconf 88' lang='lat' dir='ltr'>quae</span> <span class='ocrx_word' id='word_1_482' title='bbox 1233 2377 1328 2417; x_wconf 91' lang='lat' dir='ltr'>noui</span> <span class='ocrx_word' id='word_1_483' title='bbox 1341 2374 1583 2416; x_wconf 86' lang='lat' dir='ltr'>Testamenti</span> <span class='ocrx_word' id='word_1_484' title='bbox 1599 2375 1715 2414; x_wconf 90' lang='lat' dir='ltr'>vnica</span> <span class='ocrx_word' id='word_1_485' title='bbox 1741 2375 1892 2413; x_wconf 65' lang='lat' dir='ltr'>tantilm</span> <span class='ocrx_word' id='word_1_486' title='bbox 1922 2378 2001 2422; x_wconf 88' lang='lat' dir='ltr'>est,</span> <span class='ocrx_word' id='word_1_487' title='bbox 2028 2373 2114 2410; x_wconf 83' lang='lat' dir='ltr'>Iesu</span> 
     </span>
     <span class='ocr_line' id='line_1_44' title="bbox 165 2432 1214 2482; baseline 0 -12"><span class='ocrx_word' id='word_1_488' title='bbox 165 2432 331 2482; x_wconf 87' lang='lat' dir='ltr'>Christi,</span> <span class='ocrx_word' id='word_1_489' title='bbox 359 2433 398 2471; x_wconf 90' lang='lat' dir='ltr'>in</span> <span class='ocrx_word' id='word_1_490' title='bbox 428 2444 546 2471; x_wconf 82' lang='lat' dir='ltr'>cruce</span> <span class='ocrx_word' id='word_1_491' title='bbox 572 2433 692 2471; x_wconf 91' lang='lat' dir='ltr'>semel</span> <span class='ocrx_word' id='word_1_492' title='bbox 723 2438 894 2482; x_wconf 89' lang='lat' dir='ltr'>peracta.</span> <span class='ocrx_word' id='word_1_493' title='bbox 923 2433 1054 2470; x_wconf 80' lang='lat' dir='ltr'>Hebr.</span> <span class='ocrx_word' id='word_1_494' title='bbox 1084 2434 1120 2471; x_wconf 92' lang='lat'>6.</span> <span class='ocrx_word' id='word_1_495' title='bbox 1154 2446 1214 2480; x_wconf 93' lang='lat'>24.</span> 
     </span>
    </p>

    <p class='ocr_par' dir='ltr' id='par_1_6' title="bbox 166 2478 2163 2748">
     <span class='ocr_line' id='line_1_45' title="bbox 221 2478 2118 2537; baseline -0.005 -13"><span class='ocrx_word' id='word_1_496' title='bbox 221 2497 256 2535; x_wconf 92' lang='lat'>7.</span> <span class='ocrx_word' id='word_1_497' title='bbox 311 2486 502 2537; x_wconf 81' lang='lat' dir='ltr'>Secundo,</span> <span class='ocrx_word' id='word_1_498' title='bbox 532 2492 573 2524; x_wconf 87' lang='lat' dir='ltr'>vt</span> <span class='ocrx_word' id='word_1_499' title='bbox 602 2484 898 2536; x_wconf 85' lang='lat' dir='ltr'>Sacerdotium,</span> <span class='ocrx_word' id='word_1_500' title='bbox 926 2484 980 2523; x_wconf 91' lang='lat' dir='ltr'>ita</span> <span class='ocrx_word' id='word_1_501' title='bbox 1008 2497 1169 2524; x_wconf 92' lang='lat' dir='ltr'>crucem</span> <span class='ocrx_word' id='word_1_502' title='bbox 1196 2487 1232 2524; x_wconf 69' lang='grc' dir='ltr'>δι</span> <span class='ocrx_word' id='word_1_503' title='bbox 1260 2483 1482 2535; x_wconf 88' lang='lat' dir='ltr'>passionem</span> <span class='ocrx_word' id='word_1_504' title='bbox 1511 2481 1657 2522; x_wconf 90' lang='lat' dir='ltr'>Christi</span> <span class='ocrx_word' id='word_1_505' title='bbox 1687 2481 1825 2520; x_wconf 88' lang='lat' dir='ltr'>euertit</span> <span class='ocrx_word' id='word_1_506' title='bbox 1853 2479 1994 2528; x_wconf 86' lang='lat' dir='ltr'>Missa,</span> <span class='ocrx_word' id='word_1_507' title='bbox 2023 2478 2118 2515; x_wconf 89' lang='lat' dir='ltr'>dum</span> 
     </span>
     <span class='ocr_line' id='line_1_46' title="bbox 166 2532 2120 2590; baseline -0.005 -14"><span class='ocrx_word' id='word_1_508' title='bbox 166 2539 287 2577; x_wconf 88' lang='lat' dir='ltr'>altare</span> <span class='ocrx_word' id='word_1_509' title='bbox 314 2538 444 2590; x_wconf 87' lang='lat' dir='ltr'>erigit,</span> <span class='ocrx_word' id='word_1_510' title='bbox 477 2539 517 2577; x_wconf 92' lang='lat' dir='ltr'>in</span> <span class='ocrx_word' id='word_1_511' title='bbox 545 2540 708 2578; x_wconf 89' lang='lat' dir='ltr'>Canone</span> <span class='ocrx_word' id='word_1_512' title='bbox 735 2538 885 2577; x_wconf 90' lang='lat' dir='ltr'>maiore</span> <span class='ocrx_word' id='word_1_513' title='bbox 913 2539 949 2576; x_wconf 70' lang='grc' dir='ltr'>δε</span> <span class='ocrx_word' id='word_1_514' title='bbox 981 2539 1145 2578; x_wconf 89' lang='lat' dir='ltr'>minore.</span> <span class='ocrx_word' id='word_1_515' title='bbox 1175 2538 1294 2587; x_wconf 77' lang='lat' dir='ltr'>Quod</span> <span class='ocrx_word' id='word_1_516' title='bbox 1325 2536 1356 2576; x_wconf 91' lang='lat' dir='ltr'>si</span> <span class='ocrx_word' id='word_1_517' title='bbox 1391 2547 1567 2576; x_wconf 88' lang='lat' dir='ltr'>summus</span> <span class='ocrx_word' id='word_1_518' title='bbox 1597 2536 1662 2574; x_wconf 91' lang='lat' dir='ltr'>hic</span> <span class='ocrx_word' id='word_1_519' title='bbox 1695 2534 1876 2574; x_wconf 82' lang='lat' dir='ltr'>Pontifex</span> <span class='ocrx_word' id='word_1_520' title='bbox 1902 2532 2023 2571; x_wconf 89' lang='lat' dir='ltr'>semel</span> <span class='ocrx_word' id='word_1_521' title='bbox 2050 2542 2120 2581; x_wconf 85' lang='lat' dir='ltr'>per</span> 
     </span>
     <span class='ocr_line' id='line_1_47' title="bbox 166 2585 2163 2642; baseline -0.004 -13"><span class='ocrx_word' id='word_1_522' title='bbox 166 2591 481 2631; x_wconf 85' lang='lat' dir='ltr'>immolationem</span> <span class='ocrx_word' id='word_1_523' title='bbox 509 2592 566 2630; x_wconf 90' lang='lat' dir='ltr'>sui</span> <span class='ocrx_word' id='word_1_524' title='bbox 594 2591 713 2642; x_wconf 89' lang='lat' dir='ltr'>ipsius</span> <span class='ocrx_word' id='word_1_525' title='bbox 740 2593 958 2642; x_wconf 88' lang='lat' dir='ltr'>patefactus</span> <span class='ocrx_word' id='word_1_526' title='bbox 987 2600 1064 2638; x_wconf 88' lang='lat' dir='ltr'>est,</span> <span class='ocrx_word' id='word_1_527' title='bbox 1094 2593 1222 2631; x_wconf 79' lang='lat' dir='ltr'>Hebr.</span> <span class='ocrx_word' id='word_1_528' title='bbox 1253 2604 1290 2641; x_wconf 91' lang='lat'>9.</span> <span class='ocrx_word' id='word_1_529' title='bbox 1322 2592 1384 2629; x_wconf 90' lang='lat'>26.</span> <span class='ocrx_word' id='word_1_530' title='bbox 1415 2589 1454 2629; x_wconf 93' lang='lat' dir='ltr'>Si</span> <span class='ocrx_word' id='word_1_531' title='bbox 1481 2589 1598 2628; x_wconf 89' lang='lat' dir='ltr'>vnica</span> <span class='ocrx_word' id='word_1_532' title='bbox 1632 2589 1714 2628; x_wconf 89' lang='lat' dir='ltr'>eius</span> <span class='ocrx_word' id='word_1_533' title='bbox 1743 2587 1943 2627; x_wconf 87' lang='lat' dir='ltr'>oblatione</span> <span class='ocrx_word' id='word_1_534' title='bbox 1972 2585 2012 2623; x_wconf 89' lang='lat' dir='ltr'>in</span> <span class='ocrx_word' id='word_1_535' title='bbox 2040 2596 2122 2634; x_wconf 90' lang='lat' dir='ltr'>per·</span> <span class='ocrx_word' id='word_1_536' title='bbox 2158 2611 2163 2615; x_wconf 78' lang='lat'><strong>·</strong></span> 
     </span>
     <span class='ocr_line' id='line_1_48' title="bbox 166 2642 2123 2695; baseline -0.005 -11"><span class='ocrx_word' id='word_1_537' title='bbox 166 2652 330 2695; x_wconf 88' lang='lat' dir='ltr'>petuum</span> <span class='ocrx_word' id='word_1_538' title='bbox 371 2645 635 2684; x_wconf 88' lang='lat' dir='ltr'>consummati</span> <span class='ocrx_word' id='word_1_539' title='bbox 673 2657 830 2695; x_wconf 85' lang='lat' dir='ltr'>sumus,</span> <span class='ocrx_word' id='word_1_540' title='bbox 872 2646 1002 2684; x_wconf 81' lang='lat' dir='ltr'>Hebr.</span> <span class='ocrx_word' id='word_1_541' title='bbox 1034 2659 1070 2695; x_wconf 89' lang='lat'>9.</span> <span class='ocrx_word' id='word_1_542' title='bbox 1100 2658 1139 2692; x_wconf 89' lang='lat'>4.</span> <span class='ocrx_word' id='word_1_543' title='bbox 1168 2647 1218 2684; x_wconf 48' lang='grc' dir='ltr'>ἐν</span> <span class='ocrx_word' id='word_1_544' title='bbox 1250 2658 1311 2682; x_wconf 92' lang='lat'>10.</span> <span class='ocrx_word' id='word_1_545' title='bbox 1345 2658 1405 2682; x_wconf 92' lang='lat'>10.</span> <span class='ocrx_word' id='word_1_546' title='bbox 1447 2644 1548 2683; x_wconf 91' lang='lat' dir='ltr'>adeo</span> <span class='ocrx_word' id='word_1_547' title='bbox 1593 2649 1633 2681; x_wconf 91' lang='lat' dir='ltr'>vt</span> <span class='ocrx_word' id='word_1_548' title='bbox 1671 2642 1739 2681; x_wconf 93' lang='lat' dir='ltr'>vbi</span> <span class='ocrx_word' id='word_1_549' title='bbox 1778 2647 1835 2680; x_wconf 91' lang='lat' dir='ltr'>est</span> <span class='ocrx_word' id='word_1_550' title='bbox 1869 2646 2123 2690; x_wconf 86' lang='lat' dir='ltr'>peccatorum</span> 
     </span>
     <span class='ocr_line' id='line_1_49' title="bbox 169 2695 2122 2748; baseline -0.004 -13"><span class='ocrx_word' id='word_1_551' title='bbox 169 2697 346 2737; x_wconf 86' lang='lat' dir='ltr'>remissio</span> <span class='ocrx_word' id='word_1_552' title='bbox 383 2700 457 2748; x_wconf 91' lang='lat' dir='ltr'>(est</span> <span class='ocrx_word' id='word_1_553' title='bbox 499 2706 629 2737; x_wconf 90' lang='lat' dir='ltr'>autem</span> <span class='ocrx_word' id='word_1_554' title='bbox 671 2711 718 2737; x_wconf 85' lang='lat' dir='ltr'>ea</span> <span class='ocrx_word' id='word_1_555' title='bbox 745 2697 920 2737; x_wconf 89' lang='lat' dir='ltr'>fidelium</span> <span class='ocrx_word' id='word_1_556' title='bbox 957 2698 1152 2748; x_wconf 84' lang='lat' dir='ltr'>omnium)</span> <span class='ocrx_word' id='word_1_557' title='bbox 1191 2698 1246 2736; x_wconf 90' lang='lat' dir='ltr'>ibi</span> <span class='ocrx_word' id='word_1_558' title='bbox 1272 2710 1354 2736; x_wconf 91' lang='lat' dir='ltr'>non</span> <span class='ocrx_word' id='word_1_559' title='bbox 1386 2697 1434 2736; x_wconf 92' lang='lat' dir='ltr'>sit</span> <span class='ocrx_word' id='word_1_560' title='bbox 1461 2695 1630 2747; x_wconf 88' lang='lat' dir='ltr'>amplius</span> <span class='ocrx_word' id='word_1_561' title='bbox 1658 2695 1807 2735; x_wconf 88' lang='lat' dir='ltr'>oblatio</span> <span class='ocrx_word' id='word_1_562' title='bbox 1835 2706 1908 2744; x_wconf 88' lang='lat' dir='ltr'>pro</span> <span class='ocrx_word' id='word_1_563' title='bbox 1936 2698 2122 2742; x_wconf 78' lang='lat' dir='ltr'>peccato,</span> 
     </span>
    </p>
   </div>
   <div class='ocr_carea' id='block_1_3' title="bbox 170 2744 2127 2803">
    <p class='ocr_par' dir='ltr' id='par_1_7' title="bbox 170 2744 2127 2803">
     <span class='ocr_line' id='line_1_50' title="bbox 170 2744 2127 2803; baseline -0.005 -14"><span class='ocrx_word' id='word_1_564' title='bbox 170 2752 300 2790; x_wconf 81' lang='lat' dir='ltr'>Hebr.</span> <span class='ocrx_word' id='word_1_565' title='bbox 335 2764 395 2791; x_wconf 93' lang='lat'>10.</span> <span class='ocrx_word' id='word_1_566' title='bbox 428 2754 488 2802; x_wconf 66' lang='lat'>18.</span> <span class='ocrx_word' id='word_1_567' title='bbox 515 2753 584 2801; x_wconf 88' lang='lat' dir='ltr'>v(f.</span> <span class='ocrx_word' id='word_1_568' title='bbox 618 2751 777 2802; x_wconf 90' lang='lat' dir='ltr'>1740)bi</span> <span class='ocrx_word' id='word_1_569' title='bbox 805 2759 897 2802; x_wconf 90' lang='lat' dir='ltr'>post</span> <span class='ocrx_word' id='word_1_570' title='bbox 937 2758 1146 2802; x_wconf 82' lang='lat' dir='ltr'>acceptam</span> <span class='ocrx_word' id='word_1_571' title='bbox 1183 2750 1452 2803; x_wconf 86' lang='lat' dir='ltr'>cognitionem</span> <span class='ocrx_word' id='word_1_572' title='bbox 1479 2749 1653 2790; x_wconf 86' lang='lat' dir='ltr'>veritatis</span> <span class='ocrx_word' id='word_1_573' title='bbox 1680 2755 1910 2800; x_wconf 87' lang='lat' dir='ltr'>peccatum,</span> <span class='ocrx_word' id='word_1_574' title='bbox 1938 2744 1992 2784; x_wconf 85' lang='lat' dir='ltr'>ibi</span> <span class='ocrx_word' id='word_1_575' title='bbox 2021 2744 2127 2782; x_wconf 86' lang='lat' dir='ltr'>nulla</span> 
     </span>
    </p>
   </div>
   <div class='ocr_carea' id='block_1_4' title="bbox 591 2808 2124 2858">
    <p class='ocr_par' dir='ltr' id='par_1_8' title="bbox 591 2808 2124 2858">
     <span class='ocr_line' id='line_1_51' title="bbox 591 2808 2124 2858; baseline -0.005 -17"><span class='ocrx_word' id='word_1_576' title='bbox 591 2840 609 2858; x_wconf 67' lang='lat'>,</span> <span class='ocrx_word' id='word_1_577' title='bbox 2051 2808 2124 2846; x_wconf 92' lang='lat' dir='ltr'>pro</span> 
     </span>
    </p>
   </div>
  </div>
 </body>
</html>
