2334 3020
318 115 391 160 382
857 125 923 149 DE
964 124 1241 150 POLITIAE
1283 124 1449 151 mosrs
1493 125 1688 153 OBSER.

313 228 446 266 ritibus
474 228 734 278 iudicialibus,
762 231 823 268 vel
852 229 1016 279 politicis
1045 238 1290 270 exornentur.
1319 233 1403 271 Nec
1433 232 1660 272 absimiliter
1682 233 1873 272 iudicialia
1887 234 1967 273 siue
1981 237 2138 286 politica
2152 245 2234 278 tum

313 281 363 318 de
401 281 612 319 moralibus
648 281 793 331 aliquid
822 284 965 321 habent
991 284 1228 334 necessario,
1258 285 1350 334 quia
1378 284 1567 324 rationem
1595 297 1847 326 communem
1875 290 1910 326 δι
1938 289 2234 330 fundamentum

312 333 505 383 ipsorum3
534 341 615 372 tum
645 334 761 373 etiam
790 335 838 374 de
868 336 1211 388 ceremonialibus,
1242 338 1273 376 si
1300 337 1395 387 quid
1422 339 1521 377 forte
1549 341 1606 387 (vt
1632 342 1862 390 plerumque
1883 340 2038 391 accidit)
2056 354 2145 382 cum
2162 345 2236 383 Dei

313 387 418 423 cultu
459 386 713 426 coniunctum
752 389 916 439 habent3
959 391 994 428 δι
1033 389 1115 439 ipsa
1155 402 1313 440 quoque
1350 404 1418 441 per
1451 404 1492 429 se
1520 392 1666 441 aliquid
1693 393 1850 443 insuper
1877 393 1968 432 iuris
1995 396 2234 444 particularis

311 439 457 476 habent
484 452 531 477 ex
559 439 634 478 ritu
662 439 842 491 politico,
872 454 989 491 quem
1017 443 1125 481 Deus
1153 443 1207 481 illi
1234 443 1469 494 reipublicae
1495 445 1754 484 Israelitarum
1768 444 1951 484 iudicauit
1965 450 2234 490 commodum.

309 491 593 530 Ceremonialia
621 493 788 542 denique
815 493 897 543 ipsa
923 494 977 532 sic
1007 503 1205 534 versantur
1232 497 1271 535 in
1287 496 1568 536 ceremoniis&
1584 498 1922 537 obseruationibus
1937 500 2072 548 sacris,
2095 508 2136 540 vt
2150 509 2233 541 tum

311 544 529 582 doctrinam
565 556 720 584 morum
746 547 796 584 ad
824 548 956 594 fidem,
989 548 1191 597 pietatem,
1218 549 1477 599 iustitiamque
1505 551 1778 599 pertinentium
1807 552 1911 590 velut
1937 553 2232 594 fundamentum

310 595 391 635 siue
418 598 581 635 naturali
608 597 689 637 siue
716 598 849 638 diuino
877 600 957 638 iure
986 598 1234 653 dispositum,
1257 603 1475 641 necessario
1490 605 1789 653 complectatur:
1812 610 1895 642 tum
1909 604 1949 642 in
1964 606 2089 645 causis
2104 608 2232 647 multis

309 649 456 699 aliquid
483 650 532 688 de
559 650 728 690 iudiciali
757 652 1005 704 participent,
1034 657 1111 704 qua
1137 668 1198 693 res
1226 655 1406 705 politicae
1437 667 1526 694 cum
1555 656 1837 696 Ecclesiasticis
1864 657 2093 698 coniunctae
2122 667 2230 708 sunt,

310 703 346 739 &
373 715 434 741 res
463 703 654 742 humanae
681 716 770 743 cum
798 706 914 744 rebus
942 707 1216 747 conscientiae.

361 756 539 806 Exempli
566 768 701 808 causa3
730 758 828 797 Iuris
857 760 1076 799 communis
1102 767 1218 811 atque
1247 762 1404 800 moralis
1432 768 1489 800 est
1516 761 1740 812 simpliciter
1766 762 1862 801 illud
1877 771 2149 816 praeceptum,
2172 766 2232 805 Ne

309 807 485 846 occidas:
515 821 594 859 quo
623 822 670 848 ex
698 819 907 861 praecepto
937 813 1108 862 sequitur
1136 814 1338 853 conclusio
1369 814 1546 865 politica:
1576 815 1792 854 occisorem
1820 816 2048 855 auctoritate
2076 818 2233 868 publica

306 862 619 910 persequendum
647 876 731 902 esse
759 865 794 902 δε
821 865 1071 904 afficiendum
1098 874 1236 906 morte.
1265 868 1340 906 Sed
1365 867 1458 918 quid
1481 867 1607 906 sinon
1621 865 1908 918 comperiatur?
1931 869 2069 908 dehac
2084 872 2231 920 specie,

305 914 505 963 prospexit
532 915 725 954 Dominus
754 918 892 956 morali
918 927 1127 969 praecepto
1143 920 1442 970 sapientissime,
1460 921 1568 970 quod
1581 929 1732 971 partem
1747 921 2046 961 ceremonialem
2061 928 2227 973 partem-

306 979 382 1015 que
410 967 610 1016 politicam
638 969 751 1007 simul
779 971 1067 1020 complectitur:
1098 974 1186 1011 cum
1214 974 1267 1012 ita
1294 973 1500 1024 praecipit,
1530 973 1569 1012 Si
1583 973 1669 1023 quis
1683 973 1901 1013 inueniatur
1915 974 1955 1012 in
1970 982 2089 1023 terra,
2113 988 2230 1026 quam

307 1021 454 1058 Iehoua
491 1022 598 1059 Deus
632 1028 719 1060 tuus
753 1023 820 1062 dat
852 1024 923 1063 tibi
954 1032 996 1064 vt
1031 1026 1286 1065 haereditario
1322 1026 1403 1066 iure
1439 1026 1639 1077 possideas
1668 1040 1772 1078 eam,
1802 1028 2005 1066 confossus
2032 1028 2163 1068 iacens
2192 1030 2230 1068 in

307 1086 420 1122 agro,
462 1087 536 1111 nec
577 1081 716 1113 notum
756 1076 803 1114 sit
843 1077 927 1127 quis
963 1079 1193 1128 percusserit
1230 1091 1338 1118 eum:
1367 1087 1460 1118 tunc
1487 1080 1630 1130 egressi
1657 1079 1830 1119 seniores
1857 1080 1913 1118 tui
1940 1081 1976 1118 δε
2002 1080 2149 1120 iudices
2176 1082 2232 1121 tui

308 1126 513 1164 metientur
540 1127 705 1177 spatium
733 1128 823 1168 inde
850 1131 901 1168 ad
929 1131 1103 1170 ciuitates
1123 1144 1222 1181 quae
1237 1140 1325 1171 sunt
1340 1133 1443 1171 circa
1458 1134 1683 1172 confossum
1697 1133 1825 1171 illum:
1849 1137 1999 1183 eritque
2013 1141 2053 1172 vt
2067 1133 2231 1174 ciuitatis

306 1178 404 1217 illius
433 1192 532 1228 quae
560 1181 737 1231 proxima
765 1183 835 1221 erit
862 1183 923 1222 isti
951 1186 1154 1230 confosso,
1184 1186 1349 1224 ciuitatis
1377 1198 1470 1236 ergo
1498 1185 1598 1224 illius
1612 1185 1783 1224 seniores
1797 1185 1992 1236 accipiant
2005 1186 2165 1226 vitulam
2181 1189 2229 1227 de

307 1243 484 1271 armento
525 1245 624 1282 quae
663 1248 744 1273 non
785 1235 843 1274 sid
879 1237 929 1275 ad
965 1249 1076 1276 vsum
1109 1238 1301 1289 adhibita,
1329 1250 1430 1288 quae
1457 1251 1537 1277 non
1565 1239 1720 1277 traxerit
1746 1238 1898 1288 iugum:
1927 1241 1963 1277 δε
1991 1240 2229 1279 deducentes

304 1284 475 1324 seniores
502 1285 600 1325 illius
627 1287 791 1327 ciuitatis
818 1289 976 1328 vitulam
1004 1291 1108 1329 illam
1134 1291 1174 1329 in
1202 1293 1342 1330 vallem
1356 1291 1556 1330 horridam
1570 1292 1610 1330 in
1624 1303 1702 1341 qua
1717 1292 1812 1330 nihil
1827 1292 1966 1330 colitur
1979 1304 2106 1342 neque
2121 1294 2230 1332 semi-

307 1345 437 1385 natur,
479 1339 730 1379 decollabunt
766 1342 819 1380 ibi
855 1343 1014 1381 vitulam
1043 1343 1082 1381 in
1111 1344 1174 1382 illa
1201 1346 1317 1383 valle:
1348 1345 1489 1383 deinde
1516 1345 1746 1383 accedentes
1772 1344 1994 1383 sacerdotes
2023 1345 2086 1394 filij
2114 1347 2230 1396 Leui,

306 1402 407 1440 quos
447 1392 562 1442 elegit
600 1395 747 1432 Iehoua
786 1397 892 1434 Deus
933 1403 1020 1434 tuus
1060 1397 1111 1435 ad
1152 1397 1447 1436 ministrandum
1488 1397 1561 1436 sibi
1600 1400 1636 1436 δε
1663 1398 1977 1436 benedicendum
2005 1397 2044 1436 in
2071 1399 2231 1438 nomine

305 1445 497 1495 Iehouae,
525 1447 560 1483 &
588 1460 634 1484 ex
662 1459 829 1496 quorum
857 1449 1082 1499 praestituto
1109 1458 1243 1500 agetur
1270 1451 1308 1489 in
1338 1451 1446 1489 omni
1473 1451 1738 1489 controuersia
1766 1450 1924 1489 &omni
1938 1452 2071 1503 plaga;
2094 1464 2230 1491 omnes

302 1508 461 1546 quoque
489 1498 659 1538 seniores
689 1501 853 1540 ciuitatis
880 1502 979 1541 illius
1007 1502 1072 1552 qui
1099 1511 1187 1541 sunt
1215 1503 1399 1553 proximi,
1426 1504 1477 1542 ad
1491 1505 1719 1543 confossum
1732 1503 1866 1552 istum,
1890 1504 2077 1542 lauabunt
2092 1517 2228 1543 manus

303 1561 390 1587 suas
419 1562 532 1600 super
562 1551 740 1600 vitulam,
770 1555 1002 1594 decollatam
1030 1555 1069 1594 in
1098 1569 1143 1594 ea
1171 1558 1289 1606 valle,
1318 1559 1354 1595 &
1379 1563 1636 1607 protestantes
1652 1556 1802 1607 dicent,
1827 1568 1963 1594 manus
1976 1564 2131 1596 nostrae
2146 1571 2227 1596 non

300 1602 517 1641 effuderunt
545 1606 648 1643 hunc
675 1607 921 1657 sanguinem,
950 1611 986 1647 δε
1014 1608 1117 1647 oculi
1145 1609 1266 1648 nostri
1294 1610 1557 1648 effundentem
1585 1622 1664 1648 non
1680 1609 1869 1648 viderunt.
1900 1609 2023 1659 Expia
2037 1612 2227 1660 populum

303 1663 412 1694 tuum
452 1658 635 1696 Israelem
676 1672 794 1708 quem
837 1661 1049 1709 redemisti,
1093 1663 1256 1711 Iehoua,
1287 1665 1322 1701 ἃ
1350 1676 1399 1701 ne
1428 1662 1586 1712 impone
1615 1669 1764 1701 reatum
1792 1662 1987 1712 sanguinis
2014 1662 2159 1712 innoxij
2188 1663 2227 1701 in

303 1709 434 1746 medio
462 1710 597 1759 populi
624 1711 678 1749 tui
705 1713 868 1752 Israelis.
896 1715 1012 1753 Deut.
1045 1729 1104 1754 21.
1138 1729 1169 1755 1.
1198 1717 1269 1754 &c.
1298 1718 1343 1754 In
1373 1717 1450 1754 hoc
1480 1722 1689 1765 praecepto
1716 1714 1791 1753 Dei
1815 1715 1976 1754 moralia
1990 1716 2226 1754 documenta

303 1761 382 1799 duo
419 1769 524 1812 sunt,
553 1775 653 1812 quae
681 1767 704 1802 a
731 1765 924 1816 plerisque
951 1780 1031 1806 non
1058 1768 1291 1818 admodum,
1319 1775 1385 1807 aut
1412 1770 1516 1807 certe
1544 1769 1653 1807 molli
1679 1767 1863 1817 brachio,
1891 1767 1923 1806 si
1949 1769 2067 1820 forte,
2096 1769 2227 1807 obser-

303 1822 461 1853 uantur:
505 1828 645 1867 vnum,
682 1818 789 1867 quod
817 1826 897 1858 tota
927 1822 1146 1870 respublica
1172 1835 1237 1860 rea
1264 1828 1320 1860 est
1348 1834 1480 1860 coram
1508 1821 1681 1859 Domino
1709 1819 1855 1870 innoxij
1880 1821 2072 1871 sanguinis
2100 1821 2227 1873 effusi,

303 1867 375 1906 nisi
402 1881 483 1906 rem
513 1877 783 1919 persequatur:
812 1873 996 1923 alterum,
1025 1875 1133 1922 quod
1161 1874 1192 1912 si
1219 1874 1274 1913 rei
1302 1874 1567 1925 cognitionem
1593 1874 2107 1924 peruestigare&consequi
2121 1875 2227 1913 nullo

303 1927 421 1970 pacto
447 1928 603 1971 potest,
633 1935 799 1974 purgare
828 1939 867 1964 se
896 1925 1074 1976 religiose
1103 1927 1238 1975 debet,
1265 1934 1348 1965 tum
1371 1940 1505 1966 coram
1528 1926 1724 1974 Domino,
1747 1933 1830 1965 tum
1844 1939 1977 1965 coram
1992 1928 2139 1977 populo
2153 1927 2228 1966 Dei

304 1973 475 2025 reliquo,
503 1982 544 2013 vt
573 1976 689 2014 fidem
716 1989 825 2016 suam
854 1980 1001 2028 populo
1029 1982 1065 2018 δε
1093 1979 1292 2018 Ecclesiae
1318 1981 1471 2030 probet.
1499 1981 1565 2018 Ad
1591 1980 1693 2018 hanc
1719 1993 1822 2029 rem,
1851 1991 1951 2030 quae
1979 1979 2135 2018 moralis
2148 1987 2227 2031 est,

304 2039 432 2076 neque
459 2027 570 2066 aliter
598 2032 717 2079 quam
744 2031 893 2070 ratione
921 2032 1025 2070 ciuili
1052 2034 1088 2071 &
1117 2032 1387 2072 Ecclesiastica
1414 2032 1652 2071 coniunctim
1680 2033 1846 2083 procu(f.
1865 2032 2057 2083 1524)rari
2077 2039 2226 2092 potest,

303 2081 411 2118 Deus
453 2090 662 2132 praecepta
687 2083 884 2134 adhibuit,
913 2085 1053 2134 quibus
1080 2097 1168 2124 suas
1195 2092 1324 2136 partes
1352 2085 1608 2136 magistratui,
1637 2086 1672 2123 &
1700 2098 1788 2125 suas
1814 2084 2013 2124 Ecclesiae
2042 2098 2227 2135 praescn-

303 2133 424 2171 beret.
457 2135 558 2172 Nam
591 2135 830 2185 magistratui
857 2137 1012 2176 ciuilem
1039 2139 1307 2188 quaestionem
1330 2141 1366 2177 δι
1382 2138 1749 2189 peruestigationem
1765 2138 2115 2189 diligentissimam,
2140 2151 2227 2188 pro-

302 2185 625 2236 testationemque
654 2189 903 2228 coniunctam
932 2192 1173 2239 ceremonia,
1201 2191 1521 2230 Ecclesiaervero
1550 2191 1813 2241 expiationem
1842 2192 2041 2229 communi
2067 2192 2226 2230 nomine

302 2237 516 2288 imperauit.
543 2243 588 2278 In
618 2242 779 2280 caeteris
807 2254 963 2292 quoque
990 2244 1221 2295 generibus,
1251 2244 1418 2282 iudiciali
1444 2244 1603 2294 inquam
1631 2246 1667 2283 &
1683 2244 1952 2294 ceremoniali,
1977 2244 2114 2303 eadem
2128 2244 2225 2282 ratio

302 2293 469 2330 tenenda
506 2301 581 2332 est:
611 2296 946 2344 quemadmodum
973 2297 1160 2347 exemplis
1188 2297 1436 2347 sequentibus
1464 2309 1533 2347 per
1562 2296 1812 2336 occasionem
1839 2297 1915 2335 suis
1943 2298 2039 2335 locrs
2068 2298 2227 2335 demon-

304 2344 497 2384 strabitur.

358 2400 567 2448 Postquam
596 2399 709 2450 igitur
735 2414 817 2439 rem
845 2401 896 2440 ita
922 2415 1004 2441 esse
1035 2403 1296 2453 ostendimus,
1325 2402 1374 2441 de
1401 2403 1482 2441 iure
1510 2402 1608 2441 illius
1638 2402 1693 2451 (id
1719 2403 1822 2441 enim
1850 2401 2016 2440 maxime
2043 2402 2227 2440 hocloco

303 2451 443 2500 agitur)
472 2452 682 2491 videamus.
720 2455 830 2492 Tc&
861 2468 882 2504 3
891 2465 922 2504 5.
952 2458 1002 2494 ln
1030 2457 1090 2494 liis
1117 2469 1213 2506 quae
1226 2458 1339 2494 mixti
1349 2457 1621 2505 suntgezzeris,
1643 2457 1748 2505 quod
1756 2457 1901 2493 morale
1915 2461 1985 2501 est,
2000 2460 2228 2506 permanet;

303 2507 408 2553 quoi
426 2507 592 2543 absolut&
610 2508 805 2553 iudiciale,
831 2513 1002 2546 mutatur
1023 2510 1317 2547 circumstantiis
1328 2521 1344 2555 ,·
1366 2510 1470 2559 quod
1479 2510 1744 2557 ceremoniale,
1768 2509 1944 2547 vnizcersc
1956 2509 2085 2559 perit:
2107 2509 2228 2546 cuius-

303 2560 406 2595 modi
440 2565 531 2597 silut
556 2560 770 2598 obseruatio
800 2562 876 2598 diei
901 2562 1096 2611 sabbathi,
1125 2563 1260 2599 Exodi
1289 2575 1349 2599 20.
1389 2562 1469 2599 Lex
1496 2562 1540 2598 dc
1565 2562 1846 2599 homicidarum
1874 2566 2025 2612 receptu
2053 2561 2093 2598 ill
2120 2562 2230 2600 vrbes

293 2611 492 2661 perfugq',
521 2613 644 2650 Num.
672 2623 735 2661 35.
776 2614 972 2661 Purgatio
1000 2616 1069 2652 illa
1096 2616 1139 2652 de
1164 2616 1381 2663 homicidio,
1410 2615 1517 2651 cuius
1545 2615 1712 2652 incertus
1740 2620 1895 2662 auctor,
1926 2615 2044 2651 Dent.
2076 2626 2137 2652 21.
2174 2614 2232 2650 Et

301 2665 454 2702 similia.
496 2666 632 2713 Itaque
669 2665 707 2703 in
748 2667 824 2703 hoc
853 2666 972 2704 mixto
1002 2669 1132 2717 legum
1162 2667 1425 2705 Mosaicarum
1452 2679 1613 2716 genere,
1642 2678 1738 2716 quas
1765 2666 1962 2704 iudiciales
1990 2667 2228 2725 appellamus

303 2717 384 2754 siue
413 2717 610 2766 politicas,
641 2724 716 2756 tres
743 2725 869 2768 partes
896 2718 1188 2770 distinguendae
1213 2727 1320 2770 sunt,
1346 2719 1524 2770 moralis,
1548 2719 1726 2769 politica,
1751 2721 1786 2757 δι
1809 2719 2099 2770 ceremoniahs,
2122 2721 2229 2757 &lus

304 2782 435 2808 earum
464 2770 656 2820 sigillatim
687 2770 1001 2811 discernendum.
2103 2822 2162 2860 P,

2134 2836 2229 2862 rima
