2334 3020
772 107 987 134 THESES
1029 106 1457 136 THEOLOGICAE.
1986 110 2061 145 249

130 217 179 256 ἐφ’
207 219 243 255 ei
268 228 366 266 quae
391 217 592 254 secundam
617 217 790 264 pietatem
823 221 879 254 est
903 216 1118 265 doctrinae,
1147 216 1180 252 is
1207 220 1355 264 turget,
1383 215 1484 252 nillil
1505 216 1636 252 sciens.
1661 227 1692 252 1.
1730 215 1825 252 Tim.
1841 215 1878 252 6.
1894 225 1930 262 3.
1946 214 2063 263 Prop-

130 277 235 309 terea
262 275 441 320 precatur
470 270 693 318 Romanos,
723 276 763 306 vt
792 270 1001 307 obseruent
1028 267 1276 306 dissidiorum
1302 270 1337 306 ἃ
1361 267 1636 306 scandalorum
1660 267 2065 317 authores,docentes

128 322 310 361 nimirum
338 329 489 372 praeter
517 321 734 360 doctrinam
763 334 880 371 quam
908 321 1152 371 didicissent,
1180 324 1216 360 δι
1243 320 1438 359 declinent
1466 322 1516 359 ab
1545 320 1613 359 eis.
1655 322 1765 358 Μῖνι
1793 321 1862 370 qm'
1882 320 2067 357 eiusmodi

128 382 233 426 smzt,
262 374 406 425 inquit,
430 376 600 413 Domino
629 381 760 413 nostro
784 376 873 412 lesu
905 375 1057 412 Christo
1085 388 1160 412 non
1187 376 1380 425 seruiunt,
1407 375 1478 411 sed
1498 386 1568 411 suo
1595 376 1722 413 ventri
1730 404 1740 424 ,
1763 374 1812 411 ἐν
1817 380 1896 424 per
1910 374 2065 410 blandi-

127 430 357 478 loquentiam
384 429 503 466 cora'a
530 429 722 466 hominum
751 429 899 465 minime
925 429 1116 465 malorum
1143 428 1336 465 seducunt.
1364 428 1476 465 Rom.
1509 428 1566 464 16.
1601 438 1660 475 17.

183 484 218 520 6.
273 481 447 519 Ecclesia
479 481 593 531 igitur
619 480 837 519 Christiana
865 491 987 530 quum
1016 481 1158 518 habeat
1186 479 1448 518 firmissimum
1477 492 1699 518 sermonem
1728 478 2005 529 Propheticum
2030 480 2065 515 ἃ

129 534 404 585 Apostolicum
433 536 761 585 complectentem
792 533 831 571 in
862 547 902 573 se
930 535 1107 584 plenam,
1136 533 1326 584 integram
1351 534 1620 572 &absolutam
1637 532 1875 581 doctrinam,
1897 532 2066 580 idquue

129 590 341 637 perfectam
371 588 545 637 regulam
573 601 619 626 ac
648 586 766 626 veluti
793 598 1016 626 mensuram
1044 587 1299 636 adaequatam
1330 598 1465 625 eorum
1492 585 1670 625 omnium
1698 585 1839 635 quibus
1862 586 1969 623 Deus
1985 597 2065 622 non

129 643 213 679 vult
241 647 346 678 certa
387 639 478 678 fidei
519 644 761 691 πληροφορίᾳ
789 639 983 689 assentiri,
1027 639 1240 678 rectissime
1269 639 1381 690 facit,
1413 641 1503 678 cum
1533 639 1609 678 iam
1637 639 1749 677 multi
1777 639 2003 677 seductores
2031 639 2066 675 δε

130 693 500 743 pseudoprophetae
529 694 706 731 venerint
733 695 771 731 in
800 694 1013 743 mundum,
1043 692 1150 742 quod
1178 692 1268 731 huic
1295 692 1361 731 vni
1383 693 1576 740 attendat,
1601 691 1779 742 illiusque
1794 692 1939 731 robore
1954 691 2068 741 fulta,

129 759 270 797 magna
311 746 564 796 certitudine,
606 746 798 796 firmaque
839 745 1058 785 constantia
1086 746 1360 795 conquiescat:
1399 746 1508 796 quod
1535 758 1616 784 non
1645 745 1767 784 cuiuis
1795 743 1963 795 spiritui,
1989 744 2067 781 hoc

129 806 206 849 est,
242 799 397 837 doctori
428 798 708 838 reuelationem
737 799 901 850 Spiritus
928 798 1087 838 iactanti
1115 800 1269 849 credat,
1298 800 1367 838 sed
1394 799 1618 838 doctrinam
1647 798 1746 837 illius
1775 799 1917 848 probet
1943 810 1992 835 an
2022 810 2068 835 ex

128 854 216 891 Deo
245 852 309 890 sit:
339 853 448 902 quod
473 852 643 902 denique
671 865 752 891 non
781 853 893 891 vnius
920 851 1081 890 alicuius
1109 852 1279 890 hominis
1309 853 1475 902 dogma,
1507 852 1575 891 sed
1603 852 1638 890 &
1667 851 1843 891 omnium
1871 857 1951 889 tam
1966 850 2069 888 Con-

129 905 308 944 ciliorum
351 905 615 955 definitiones,
656 908 774 955 quam
817 908 974 945 Patrum
1017 905 1247 956 sententias,
1304 905 1538 944 Pontificum
1579 907 1852 943 Romanorum
1893 904 2070 953 decreta,

128 958 399 1008 Traditiones,
441 957 750 998 Constitutiones
792 971 929 998 omnes
969 959 1019 997 ad
1058 958 1338 1009 praescriptam
1368 957 1592 997 diuinorum
1620 969 1847 997 sermonum
1875 958 2070 1007 regulam,

129 1019 290 1051 reuocet
332 1014 367 1051 δι
411 1012 604 1063 expendat
643 1011 866 1063 diligenter
894 1012 1068 1062 nihilque
1095 1011 1280 1062 reccipiat
1307 1011 1381 1050 nisi
1409 1012 1518 1062 quod
1545 1023 1636 1050 curn
1664 1024 1710 1051 ea
1741 1010 1995 1051 coniunctum
2023 1009 2070 1048 sit

131 1065 166 1102 &
196 1078 265 1115 per
293 1065 425 1104 omnia
452 1072 771 1104 consentaneum.

184 1130 218 1167 7.
273 1120 368 1157 Hoc
403 1118 498 1157 illud
539 1125 597 1157 est
636 1118 755 1158 totius
804 1131 919 1157 verae
959 1117 1155 1177 religionis
1196 1117 1514 1169 fundamentum,
1555 1117 1665 1177 quod
1706 1123 1765 1156 tot
1793 1121 1951 1166 tantisq.
1978 1115 2071 1154 belli

128 1171 186 1210 sui
214 1171 432 1211 incursibus
461 1172 600 1222 iugiter
627 1178 830 1222 oppugnat
857 1172 992 1210 Satan·
1022 1170 1131 1209 cuius
1158 1171 1319 1221 quidem
1347 1184 1485 1210 omnes
1512 1170 1690 1209 omnium
1718 1176 1889 1209 aetatum
1909 1168 2069 1208 admini-

128 1233 229 1264 stros
270 1224 353 1263 tota
394 1228 588 1276 πανοπλίᾳ
625 1225 885 1276 antecedunt,
922 1223 1140 1262 Meretricis
1167 1226 1394 1275 Romanae,
1423 1223 1557 1263 matris
1585 1223 1694 1262 istius
1723 1222 2007 1263 scortationum
2036 1224 2071 1260 &

127 1277 467 1317 abominationum
509 1268 634 1316 terrae
677 1254 894 1328 mancipia’,
935 1279 971 1316 &
1006 1284 1264 1316 assentatores
1300 1277 1509 1327 Pontificij,
1547 1277 1614 1327 qui
1642 1283 1682 1315 vt
1708 1276 1851 1327 placita
1878 1275 2070 1325 quaedam

128 1331 353 1382 hominum,
381 1345 428 1370 ac
456 1331 636 1382 pestifera
664 1342 732 1369 sua
760 1331 948 1382 dogmata
975 1331 1047 1369 sub
1075 1337 1279 1381 praetextu
1307 1330 1560 1369 traditionum
1588 1329 1907 1380 Apostolicarum
1936 1330 2072 1367 Eccle-

128 1384 206 1423 siae
243 1385 477 1423 obtrudant:
521 1384 800 1434 condendique
832 1395 959 1423 nouos
995 1384 1087 1422 fidei
1122 1384 1308 1423 articulos
1345 1390 1601 1434 potestatem,
1643 1395 1721 1433 qua
1748 1397 1789 1422 se
1818 1383 1968 1433 aliquot
1995 1382 2071 1420 iam

127 1437 267 1476 seculis
294 1437 333 1476 in
362 1439 511 1488 populo
540 1436 616 1475 Dei
643 1437 912 1487 venditarunt,
940 1436 1150 1476 stabiliant:
1180 1437 1247 1476 diu
1276 1439 1519 1487 multumque
1547 1439 1725 1487 (1-1717)
1747 1435 2004 1486 dimicarunt,
2022 1448 2071 1473 an

131 1492 170 1530 S.
199 1491 395 1541 Scriptura
424 1490 473 1529 sit
501 1489 629 1529 modis
658 1490 842 1530 omnibus
870 1497 1161 1542 consummata,
1188 1490 1242 1529 ita
1270 1497 1310 1529 vt
1339 1492 1511 1541 perfecta
1539 1489 1633 1529 fidei
1660 1489 1841 1529 doctrina
1864 1502 1911 1528 ex
1935 1502 1981 1528 ea
1995 1488 2074 1539 peti

128 1544 263 1594 possit.
304 1545 460 1594 Negant
499 1543 708 1594 perfidiose
742 1556 902 1595 omnes,
937 1544 974 1582 &
1008 1551 1169 1583 cunctas
1205 1544 1307 1583 vires
1341 1557 1430 1583 suas
1466 1544 1692 1594 intendunt,
1721 1551 1761 1582 vt
1789 1543 2072 1593 Scripturarum

128 1597 444 1636 insufficientiam
472 1596 587 1636 nobis
616 1598 889 1647 persuadeant.

183 1653 220 1690 8.
277 1652 327 1688 Et
357 1652 447 1689 curn
476 1662 595 1688 nemo
625 1650 910 1690 haereticorum
943 1650 1013 1701 sit,
1053 1657 1094 1688 vt
1123 1650 1262 1700 Hilarij
1292 1650 1422 1690 verbis
1450 1657 1628 1702 vtamur,
1665 1649 1734 1699 qui
1760 1663 1800 1688 se
1827 1661 1908 1688 non
1938 1660 2071 1688 secun-

129 1704 223 1742 dum
254 1703 462 1754 scripturas
488 1703 715 1753 praedicare
743 1717 810 1753 ea,
841 1704 982 1754 quibus
1010 1704 1278 1754 blasphemat,
1308 1703 1538 1755 mentiatur,
1564 1703 1813 1753 nitanturque
1841 1715 1979 1741 omnes
2007 1714 2075 1741 sua

128 1757 315 1808 dogmata
343 1758 596 1807 confirmare,
623 1770 673 1795 ne
701 1756 783 1796 sine
811 1764 910 1795 teste
937 1769 1021 1796 esse
1049 1757 1275 1808 videantur,
1304 1757 1420 1796 etiam
1450 1757 1628 1807 Papistae
1653 1759 1732 1807 quo
1745 1755 2075 1794 laboriosissimos

128 1809 222 1849 istos
263 1818 427 1849 conatus
464 1809 593 1860 specie
635 1809 801 1848 vestiant
842 1810 996 1861 pietatis
1040 1812 1075 1848 &
1117 1810 1358 1861 blasphemis
1389 1811 1466 1850 suis
1495 1809 1732 1849 commentis
1759 1810 1879 1848 fidem
1907 1808 2074 1857 faciant,

128 1864 239 1902 locos
269 1865 463 1913 quosdam
493 1864 530 1901 S.
561 1863 783 1914 Scripturae
807 1864 846 1902 in
873 1863 1134 1914 patrocinium
1162 1865 1316 1902 trahere
1345 1863 1531 1903 nituntur.
1560 1863 1697 1913 Qualis
1724 1870 1782 1901 est
1806 1862 1869 1901 ille
1887 1876 1918 1899 2.
1935 1862 2075 1900 Thess.

132 1930 166 1955 2.
216 1927 273 1967 15.
317 1917 384 1956 vbi
426 1918 642 1978 Apostolus
684 1917 758 1955 ait:
799 1919 990 1968 Fratres,
1014 1923 1208 1967 perstate,
1247 1919 1296 1956 ἂν
1323 1919 1478 1955 retinete
1505 1919 1691 1955 traditam
1720 1917 1931 1954 doctrinam
1960 1928 2074 1966 quam

129 1971 250 2008 edocta
280 1973 386 2022 estis,
423 1972 504 2008 sim
531 1977 603 2017 per
632 1983 860 2020 sermonem,
888 1984 969 2009 seue
988 1977 1067 2022 per
1095 1972 1289 2021 epzstolam
1319 1977 1505 2009 nostram.
1561 1972 1621 2008 Ex
1649 1970 1708 2008 his
1736 1968 1864 2007 verbis
1892 1968 2077 2018 colligere

132 2024 271 2061 volunt
289 2023 421 2062 omnia
448 2024 689 2062 documenta
717 2024 768 2062 ad
797 2026 960 2062 salutem
990 2030 1165 2062 nostram
1193 2024 1411 2063 necessaria
1441 2037 1522 2062 non
1552 2037 1635 2062 esse
1662 2023 1826 2073 scripta,
1850 2035 1897 2060 ac
1911 2021 2078 2072 proinde

131 2076 352 2115 Ecclesiam
379 2078 525 2115 habere
549 2084 782 2126 potestatem
811 2077 902 2116 fidei
923 2077 1110 2127 dogmata
1125 2077 1241 2115 etiam
1258 2085 1366 2115 extra
1381 2077 1598 2127 Scripturas
1612 2075 1918 2136 praescribendi.
1933 2077 2078 2124 Atque,

133 2142 214 2168 non
244 2130 438 2181 sequitur,
476 2129 508 2168 si
534 2131 749 2180 Apostolus
777 2130 885 2169 iubet
912 2130 1283 2169 Thessalonicenses
1311 2139 1444 2169 tenere
1471 2143 1552 2169 non
1581 2130 1708 2169 minus
1738 2128 1959 2168 doctrinam
1988 2130 2011 2166 a
2037 2140 2079 2167 se

135 2182 225 2221 viua
265 2196 365 2222 voce
401 2183 604 2234 traditam,
646 2186 764 2233 quarn
795 2183 1002 2234 scriptam,
1038 2197 1132 2234 ergo
1161 2184 1294 2222 omnia
1321 2183 1540 2222 necessaria
1567 2183 1606 2221 in
1629 2184 1793 2222 Canone
1821 2194 1926 2221 nunc
1952 2181 2078 2231 edito,

135 2237 251 2286 plene
280 2237 555 2286 cumulateque
582 2249 664 2275 non
692 2237 864 2287 reperiri.
919 2238 1021 2275 Nam
1050 2250 1124 2276 nos
1147 2239 1277 2287 plures
1305 2248 1410 2276 nunc
1438 2237 1630 2275 habemus
1655 2236 1799 2287 libros,
1840 2238 1959 2286 quam
1987 2242 2081 2273 tunc

139 2290 339 2328 habebant
369 2289 749 2329 Thessalonicenses.
777 2291 835 2328 Ea
864 2298 1024 2341 propter
1051 2290 1087 2328 in
1118 2290 1277 2329 decreto
1310 2290 1487 2329 Gratiani
1521 2304 1578 2329 11.
1596 2291 1759 2339 Quaest.
1774 2302 1811 2339 3.
1840 2291 1886 2327 ls
1902 2290 2082 2339 qm‘post.

140 2343 347 2382 Manifeste
383 2343 632 2394 prohibetur.
676 2355 724 2382 ne
772 2344 866 2393 quid
896 2353 1003 2382 extra
1032 2343 1251 2393 Scripturas
1280 2343 1549 2382 annuncietur.
1605 2344 1656 2382 Et
1684 2343 1715 2382 is
1745 2343 1812 2393 qui
1839 2349 1992 2392 praeter
2021 2341 2083 2390 id,

136 2396 245 2445 quod
274 2396 313 2434 in
342 2398 380 2435 S.
408 2396 528 2435 literis
555 2396 759 2435 euidenter
786 2396 1049 2448 praecipitur,
1092 2396 1196 2435 aliud
1225 2396 1389 2447 imperat
1417 2398 1478 2435 vel
1507 2396 1619 2447 dicit,
1647 2403 1835 2446 tanquam
1862 2397 1980 2434 falsus
2008 2394 2083 2433 Dei

133 2448 240 2488 testis
267 2451 303 2488 &
331 2451 540 2500 sacrilegus
563 2456 753 2488 censetur.

201 2516 237 2553 9.
293 2503 524 2542 Obtendunt
554 2510 756 2553 praeterea
779 2505 910 2542 locum
944 2503 1010 2553 qui
1033 2503 1196 2541 habetur
1229 2517 1260 2541 1.
1290 2504 1383 2542 Cor.
1412 2515 1452 2541 11.
1481 2517 1545 2554 34.
1569 2503 1637 2542 vbi
1657 2503 1873 2553 Apostolus
1892 2500 2083 2552 promittit

148 2555 382 2607 Corinthiis,
409 2570 449 2595 se
478 2558 567 2595 curn
596 2556 646 2594 ad
675 2569 743 2595 eos
769 2556 918 2595 venerit
946 2556 1094 2606 reliqua
1122 2556 1416 2606 dispositurum.
1445 2556 1628 2596 Ostendit
1656 2564 1786 2595 autem
1815 2556 1979 2594 verbum
2009 2554 2081 2592 dis—

147 2610 342 2659 ponendi,
373 2609 436 2648 illa
465 2610 514 2648 de
541 2609 682 2658 quibus
710 2610 789 2660 agit
816 2611 1032 2660 Apostolus
1059 2622 1139 2648 non
1168 2611 1219 2648 ad
1243 2621 1494 2649 communem
1523 2609 1719 2660 religionis
1747 2608 1986 2658 doctrinam,
2014 2607 2083 2646 sed

144 2663 193 2700 ad
237 2669 418 2701 externos
456 2663 571 2712 ritus,
610 2663 645 2700 &
687 2664 931 2701 ceremonias
967 2662 1216 2713 pertinuisse,
1251 2665 1300 2702 de
1332 2663 1472 2713 quibus
1502 2663 1596 2701 dicit
1623 2676 1663 2702 se
1692 2661 1960 2713 prouisurum,
1988 2668 2029 2699 vt
2052 2660 2082 2698 si

149 2727 248 2764 quac
280 2716 472 2765 supersint
499 2716 536 2753 in
566 2723 714 2753 rectum
745 2716 923 2754 ordinem
953 2716 1183 2766 redigenda,
1210 2717 1371 2768 redigat.
1400 2718 1460 2755 An
1489 2729 1583 2767 ergo
1611 2717 1688 2755 hoc
1703 2716 1826 2754 modo
1841 2721 2082 2765 argumenta-

147 2766 320 2806 buntur.
310 2779 322 2797 f
357 2783 389 2807 1.
417 2770 510 2807 Cor.
539 2783 570 2806 1.
602 2780 636 2818 5.
664 2771 815 2808 Paulus
837 2771 942 2820 quad
964 2771 1137 2819 adsidet
1162 2770 1345 2819 dogmata
1373 2772 1508 2809 attmet
1531 2770 1751 2808 Corinllzzos
1777 2782 1933 2807 momm
1946 2769 2081 2806 notitza

1136 2834 1184 2871 32
1919 2822 2080 2871 ditatos,
