2334 3020
788 94 1005 121 THEsEs
1049 93 1481 122 THEOI.0G1(·AE.
2026 92 2096 140 285

151 203 271 242 semel
309 201 540 241 moriantur.
587 214 621 239 2.
651 200 838 239 Animam
876 200 1035 251 corpori
1062 203 1085 239 a
1113 212 1192 251 quo
1221 208 1422 252 separatur
1446 215 1530 241 esse
1560 204 1815 252 superstitem.
1859 220 1894 255 3.
1925 207 2103 245 Eandem

150 254 318 295 essentia
346 266 414 293 sua
447 253 785 304 incorruptibilem
816 255 851 292 &
879 253 1141 292 immortalem
1172 267 1410 305 permanere.
1437 255 1539 294 Vide
1566 258 1696 295 chr.
1725 271 1759 307 9.
1794 269 1852 307 27.
1884 261 1934 298 ἐφ’
1958 273 2016 297 12.
2042 273 2101 309 23.

150 310 252 357 Ecff.
286 310 490 357 1748)cles.
526 320 588 345 12.
620 321 658 357 9.
685 309 834 346 sllcrttlz.
867 320 925 346 10.
959 310 1019 346 28.
1049 312 1168 359 Apoc.
1199 309 1235 346 6.
1265 322 1302 357 9.

209 375 245 401 2.
299 360 461 411 Triplex
490 360 605 399 etiam
635 366 693 398 est
724 360 878 398 animae
908 360 1028 410 ratio,
1057 373 1157 410 quae
1186 362 1318 400 venire
1341 361 1379 399 in
1395 361 1907 414 considerationempotest.
1941 375 2103 416 1.prout

151 422 209 453 cst
238 413 400 465 corpori
429 414 599 452 adunata
628 413 666 452 in
696 421 846 452 natura.
879 428 912 453 2.
942 421 1059 464 prout
1087 422 1144 453 est
1171 422 1261 465 post
1288 421 1455 453 mortem
1483 417 1507 453 ὲι
1535 428 1701 466 001Ρο16
1717 426 1904 467 separata.
1934 432 1970 467 3.
1986 427 2101 468 prout

153 468 280 506 sutura
319 474 377 505 est
419 474 508 517 post
550 466 900 517 resurrectionem,
937 467 1115 506 restituto
1149 481 1316 518 corpore
1357 467 1486 518 ipsius.
1529 470 1591 507 De
1619 469 1744 519 prima
1772 472 1894 510 ferme
1922 472 2101 510 dixerunt

152 533 304 559 omnes.
334 520 447 558 tertia
474 520 598 570 magis
627 520 755 570 optari
782 527 912 571 potest
940 523 1058 570 quarn
1089 520 1284 571 explicari.
1315 522 1537 560 Secundam
1559 523 1689 572 itaque
1715 524 1898 563 hocloco
1914 525 2101 564 sumimus

152 573 484 623 adumbrandam,
514 573 673 612 iuuante
701 573 878 612 Domino
906 575 1020 612 Patre
1049 574 1262 624 Spirituum
1290 576 1325 612 &
1353 575 1561 614 Seruatore
1589 583 1738 615 nostro.

201 641 239 676 3.
295 628 446 665 Statum
475 626 630 665 animae
659 629 682 665 ἐι
711 639 879 678 corpore
907 635 1108 677 separatae
1137 639 1326 666 vocamus
1353 628 1624 667 conditionem
1652 629 1776 680 illam,
1799 630 1838 668 in
1854 642 1932 680 qua
1947 631 2100 670 animae

148 691 216 718 seu
244 679 407 730 Spiritus
436 679 597 718 humani
626 687 736 729 sunt,
765 679 1049 731 tantisperdum
1079 681 1245 731 separati
1274 695 1343 731 per
1372 689 1540 721 mortem
1560 696 1584 721 a
1605 682 1681 721 suis
1697 684 1930 734 corporibus
1945 686 2098 724 absunt.

148 732 268 772 Cuius
298 739 417 771 status
445 733 507 771 vel
537 733 777 772 conditionis
811 735 1043 772 obseruatur
1071 734 1170 772 ratio
1197 734 1236 772 in
1266 735 1388 773 modo
1419 736 1454 773 &
1481 735 1784 775 circunstantiis:
1814 738 1955 789 modo,
1985 740 2098 777 affec-

148 787 262 825 tionis
300 788 335 825 &
374 785 541 825 actionis
568 787 782 825 humanae:
813 786 1110 826 Circunstantiis
1139 790 1235 826 vcro
1264 787 1344 826 loci
1372 790 1407 826 &
1436 789 1639 840 temporis:
1669 802 1770 840 quae
1822 792 1922 830 duae
1951 790 2098 830 circun-

150 838 312 877 stantiae
341 840 393 877 ad
421 839 590 890 singulas
619 853 679 879 res
708 847 856 879 creatas
880 840 1089 890 pertinent.

199 906 235 940 4.
291 892 461 931 Affectio
500 893 717 932 animarum
752 900 842 944 post
870 900 1038 932 mortem
1066 896 1089 932 a
1117 907 1285 945 corpore
1314 893 1534 934 absentium
1563 902 1622 934 est
1650 897 1806 946 duplex.
1836 905 1954 942 prout
1992 898 2096 937 enim

146 945 210 984 1110
238 947 318 984 duo
348 952 439 985 sunt
465 946 672 985 hominum
702 959 863 998 genera,
902 947 1077 997 piorum,
1107 948 1173 997 qui
1202 947 1316 986 electi
1343 949 1393 986 ab
1421 955 1582 987 aeterno
1608 951 1774 988 credunt
1790 951 1828 989 in
1845 952 2042 991 Christum
2057 952 2096 991 in

146 1000 220 1038 hac
255 999 356 1050 vita,
382 1001 418 1038 δε
445 999 485 1037 111
514 999 690 1038 Domino
721 1000 958 1039 moriuntur:
989 1000 1222 1050 impiorum,
1253 1001 1319 1051 qui
1348 1001 1551 1040 electionis
1580 1010 1758 1052 expertes
1787 1012 1948 1043 manent
1976 1005 2097 1044 incre-

145 1052 247 1104 duli,
276 1052 332 1091 sic
360 1052 400 1090 in
429 1054 552 1091 altero
581 1053 648 1092 illo
676 1055 809 1092 seculo
839 1054 983 1103 duplex
1010 1054 1231 1092 animarum
1259 1061 1317 1093 est
1343 1053 1522 1093 affectio:
1545 1056 1719 1094 fidelium
1735 1057 1909 1097 conditio
1924 1059 2096 1109 gloriosa

146 1107 181 1143 &
211 1106 323 1154 felix,
352 1106 568 1144 infidelium
596 1119 690 1145 vero
718 1106 982 1157 ignominiosa
1009 1107 1240 1157 miseraque.

199 1170 234 1209 5.
288 1158 470 1198 Felicitas
497 1159 717 1198 animarum
745 1160 919 1198 fidelium
945 1160 984 1198 in
1013 1173 1060 1199 eo
1090 1160 1288 1210 consistit,
1317 1161 1427 1210 quOd
1457 1161 1740 1210 perfectionem
1769 1164 1866 1202 boni
1880 1167 2096 1204 naturalem

145 1215 180 1250 δε
211 1214 546 1263 supernaturalem
574 1214 697 1252 modo
726 1213 1008 1263 supernaturali
1037 1213 1237 1252 obtinent:
1268 1213 1308 1251 id
1335 1221 1393 1252 est
1420 1215 1511 1252 cum
1528 1216 1637 1264 quod
1651 1218 1701 1255 ab
1716 1217 1825 1255 omni
1840 1219 1943 1256 malo
1960 1220 2098 1269 culpae

145 1268 179 1304 ἃ
210 1279 361 1316 poenae
390 1274 480 1305 sunt
508 1265 672 1318 liberae,
701 1275 819 1316 prout
848 1266 1007 1317 dicitur,
1034 1266 1204 1305 Animae
1232 1267 1422 1305 iustorum
1451 1275 1540 1306 sunt
1567 1268 1607 1305 in
1628 1282 1747 1307 manu
1770 1270 1922 1321 Dei,vt
1938 1272 2097 1311 minime

142 1319 306 1369 attingat
347 1331 416 1358 eos
457 1319 673 1359 cruciatus:
713 1320 808 1371 Sap.
839 1333 876 1369 3.
910 1333 942 1359 1.
971 1320 1007 1358 δι
1035 1320 1148 1370 alibi,
1178 1322 1270 1360 Non
1299 1319 1469 1359 esurient
1496 1334 1625 1371 neque
1655 1322 1783 1362 sitient
1809 1325 1996 1374 amplius,
2025 1330 2097 1365 &cu

144 1374 306 1424 Apocal.
338 1386 370 1411 1.
403 1372 438 1422 7'.
471 1374 530 1411 16.
574 1380 657 1411 tum
687 1373 796 1423 quod
831 1375 1010 1411 fruuntur
1046 1385 1200 1413 summo
1235 1375 1365 1424 bono,
1402 1375 1480 1413 hoc
1515 1382 1592 1424 est,
1623 1378 1905 1417 communione
1934 1378 2030 1430 Dei,
2060 1382 2095 1417 &

140 1425 287 1476 gloriae
330 1425 432 1464 illius
473 1433 663 1476 perpetua
700 1426 1056 1478 contemplatione,
1099 1429 1135 1466 &
1172 1427 1315 1466 iustitia
1349 1427 1505 1477 vitaque
1541 1435 1739 1468 aeternae:
1768 1431 1909 1480 quibus
1938 1432 2093 1471 animae

142 1479 335 1517 adunatae
377 1490 467 1517 cum
506 1479 664 1519 Christo
703 1480 831 1530 capite
860 1492 931 1519 suo
960 1480 1164 1530 potiuntur
1190 1481 1296 1531 apud
1324 1482 1455 1519 Deum
1484 1483 1639 1520 Patrem
1669 1483 1706 1521 in
1739 1484 1885 1523 vnitate
1913 1486 2095 1536 Spiritus,

142 1532 208 1581 qui
237 1538 295 1570 est
324 1531 485 1582 Spiritus
514 1532 636 1584 vitae,
665 1534 701 1571 &
731 1533 877 1572 vnitate
904 1531 1106 1586 corporis,
1136 1535 1245 1585 quod
1274 1541 1331 1574 est
1358 1535 1535 1573 Ecclesia
1564 1536 1762 1589 caelestis,
1787 1538 1878 1577 hinc
1907 1539 1979 1578 illis
2007 1552 2096 1590 gau-

141 1585 249 1624 dium
277 1585 497 1637 ineffabile,
524 1588 559 1625 81
587 1586 820 1626 immortalis
847 1587 985 1638 gloria.

195 1640 233 1677 6.
287 1640 412 1677 Hunc
439 1646 572 1678 autem
602 1646 765 1690 statum,
803 1640 896 1691 quia
922 1647 1029 1679 totus
1058 1641 1265 1692 spiritualis
1295 1648 1377 1693 est,
1406 1643 1442 1680 &
1471 1653 1586 1691 supra
1614 1643 1716 1682 hanc
1744 1651 1942 1696 naturam,
1971 1651 2097 1696 eoque

139 1692 254 1731 nobis
293 1692 333 1730 in
376 1705 495 1731 carne
542 1693 972 1744 incomprehensibilis,
1014 1696 1121 1734 Deus
1159 1708 1233 1745 pro
1276 1706 1345 1734 sua
1381 1694 1559 1733 bonitate
1597 1697 1712 1735 variis
1739 1698 1869 1737 modis
1898 1702 1933 1738 &⁷
1964 1712 2093 1738 rerum

140 1744 419 1795 temporalium
465 1746 789 1797 terrestriumque
831 1747 1058 1787 nominibus
1093 1748 1304 1787 delineauit
1342 1747 1382 1786 in
1408 1749 1532 1787 verbo
1562 1760 1646 1789 suo.
1675 1759 1840 1790 vocatur
1867 1753 1972 1791 enim
2001 1766 2092 1803 pos·

139 1800 260 1838 sessio
289 1799 401 1850 regni
430 1801 657 1852 coelorum,
685 1803 808 1840 ,Μἰιίί.
839 1812 901 1851 25.
930 1814 993 1850 34.
1023 1801 1198 1853 requies,
1227 1802 1558 1849 Hebr.4.10.&’
1576 1816 1636 1842 11.
1663 1805 1838 1844 caelestis
1853 1807 2093 1858 haereditas,

144 1866 176 1891 1.
198 1854 303 1893 Petr.
332 1866 366 1892 1.
391 1866 430 1900 4.
460 1866 611 1892 corona
639 1854 802 1904 gloriae.
838 1868 872 1893 1.
894 1856 1004 1894 Petr.
1032 1866 1066 1906 5.
1091 1869 1129 1903 4.
1167 1863 1285 1906 atque
1313 1854 1378 1893 hic
1407 1862 1527 1893 status
1555 1857 1732 1896 omnium
1761 1860 1934 1898 fidelium
1964 1860 2093 1910 specie

137 1905 358 1945 communis
377 1914 458 1957 est,
484 1907 749 1957 omnibnsque
765 1907 984 1961 sufficiens,
999 1916 1270 1948 verumtamen
1287 1907 1464 1947 diuersus
1478 1909 1603 1959 gradu
1616 1923 1690 1949 nec
1705 1912 1879 1962 aequalis
1897 1914 2094 1953 omnibus.

138 1961 239 1997 Nam
270 1961 312 1998 in
341 1960 466 1999 domo
494 1959 618 1998 Patris
648 1968 738 1999 sunt
766 1961 993 2001 mansiones
1021 1964 1188 2013 multae,
1217 1962 1300 2001 siue
1328 1961 1537 2012 stationes,
1567 1970 1608 2002 vt
1631 1966 1818 2004 membris
1840 1966 1878 2004 in
1904 1979 2094 2017 corpore,

138 2012 333 2063 lapidibus
361 2012 401 2051 in
433 2014 580 2064 domo,
608 2014 774 2064 gemmis
803 2015 842 2054 in
869 2016 1038 2065 templo,
1068 2015 1220 2055 ciuibus
1251 2015 1290 2054 in
1315 2015 1472 2054 ciuitate
1493 2018 1705 2056 Ierusalem
1729 2020 1909 2059 caelesti:
1939 2022 1974 2059 &
1995 2021 2091 2071 varij

136 2066 280 2116 gradus
322 2066 499 2106 caelestis
541 2067 718 2119 gloriae,
761 2080 861 2119 quos
889 2070 997 2108 Deus
1027 2083 1099 2120 pro
1129 2069 1380 2120 beneplacito
1410 2081 1482 2108 suo
1510 2069 1583 2119 piis
1614 2070 1811 2111 distribuit
1838 2072 2092 2124 inaequaliter

136 2127 340 2170 tamquam
369 2119 490 2159 stellis
518 2119 559 2158 in
588 2121 699 2160 caelo
716 2151 727 2172 ,
770 2124 806 2161 &
835 2121 1001 2174 gemmis
1031 2124 1070 2161 in
1099 2123 1278 2162 Sacrario
1309 2121 1415 2161 varie
1444 2121 1705 2163 micantibus:
1749 2133 1866 2177 prout
1893 2126 1958 2166 hic
1986 2127 2093 2166 dona

136 2173 283 2223 gratiae
312 2180 369 2212 est
397 2174 608 2213 admensus
635 2173 764 2227 varie,
806 2176 843 2214 &
876 2175 1016 2215 officiis
1053 2189 1100 2215 ac
1133 2175 1452 2227 perpessionibus
1488 2175 1744 2227 inaequaliter
1778 2193 1846 2219 eos
1875 2181 2090 2220 exornauit.

136 2227 239 2265 Vide
266 2228 409 2266 Ioann.
442 2240 502 2275 14.
535 2241 568 2266 1.
595 2229 746 2268 Matth.
776 2242 836 2280 19.
853 2231 915 2268 28.
940 2230 976 2268 δε
1004 2243 1064 2269 20.
1083 2243 1145 2280 23.
1174 2232 1286 2270 Dan.
1307 2242 1417 2279 12.3.
1439 2243 1471 2268 1.
1505 2230 1680 2271 Corinth.
1709 2245 1745 2282 3.
1767 2247 1827 2282 14.
1845 2247 1881 2274 2.
1914 2235 2087 2274 Corinth.

135 2294 173 2330 9.
199 2281 238 2319 6.
266 2281 432 2332 Apocal.
458 2294 519 2320 21.
548 2294 609 2321 10.

192 2345 227 2382 7.
282 2333 470 2373 Actiones
510 2334 685 2373 fidelium
729 2335 951 2375 animarum
996 2339 1093 2386 (non
1128 2337 1233 2376 enirn
1261 2343 1350 2376 sunt
1378 2335 1456 2374 illic
1485 2337 1601 2386 plane
1630 2338 1802 2390 otiosae,
1845 2352 1974 2391 neque
2003 2341 2090 2380 dor-

133 2386 283 2436 miunt,
326 2394 367 2426 vt
403 2387 603 2438 phanatici
638 2395 778 2428 contra
807 2401 1034 2441 expressum
1064 2390 1141 2429 Dei
1168 2391 1334 2430 verbum
1363 2391 1398 2428 δε
1427 2389 1639 2439 Spirituum
1666 2400 1846 2432 naturam
1874 2394 2091 2447 somniant)

130 2440 169 2478 in
206 2439 337 2490 quiete
372 2440 546 2491 ipsarum
583 2448 696 2494 sunt,
739 2443 849 2493 quod
884 2443 1131 2493 quiescentes
1167 2446 1191 2482 a
1224 2445 1302 2483 suis
1339 2442 1542 2482 laboribus
1580 2446 1712 2485 Deum
1750 2447 1934 2499 laudant,
1975 2448 2091 2498 eique

129 2493 271 2543 gratias
314 2494 580 2533 indesinenter
623 2502 769 2548 agunt,
812 2503 1084 2548 exspectantes
1126 2497 1236 2548 regni
1273 2496 1418 2537 Christi
1456 2499 1869 2552 consummationem,
1910 2508 2090 2552 optantes

128 2546 412 2597 perfectionem
439 2548 619 2598 corporis
650 2548 777 2601 illius,
805 2552 842 2589 &
870 2562 1086 2601 corporum
1111 2562 1273 2590 suorum
1297 2549 1514 2603 gloriosam
1539 2554 1868 2593 resurrectionem
1890 2555 1942 2593 ad
1968 2555 2087 2593 vitam

130 2607 344 2639 aeternam.
372 2601 538 2652 Apocal.
558 2615 618 2650 14.
638 2615 701 2652 13.
743 2605 876 2654 Atque
905 2605 1005 2642 haec
1031 2605 1271 2655 exspectatio
1300 2604 1396 2644 nihil
1427 2602 1477 2641 de
1509 2604 1693 2646 felicitate
1720 2607 1875 2646 illarum
1904 2608 2090 2660 derogat,

131 2653 223 2703 quia
261 2654 418 2703 plenam
460 2655 590 2705 specie
633 2657 670 2694 &
711 2657 901 2709 veritate,
941 2657 1033 2696 lieet
1069 2671 1151 2697 non
1178 2659 1299 2708 pleno
1327 2656 1452 2710 gradu
1481 2655 1522 2696 in
1550 2673 1722 2710 persona
1749 2667 1833 2700 tota
1862 2661 2090 2700 felicitatem

133 2705 352 2757 possident:
379 2708 488 2757 quod
519 2707 636 2747 etiam
667 2717 917 2762 exspectant,
963 2717 1075 2750 certo
1104 2712 1247 2752 certius
1275 2715 1496 2761 nonerunt,
1541 2716 1576 2752 δι
1607 2726 1818 2764 persuasae
1847 2722 1937 2754 sunt
1964 2715 2087 2754 adim-

132 2760 284 2811 pletum
312 2759 357 2799 iri
384 2759 525 2800 virtute
553 2761 644 2802 Dei.

1861 2823 1897 2860 8.
1954 2823 2087 2860 Locus
