<?xml version="1.0" encoding="UTF-8"?>
<!DOCTYPE html PUBLIC "-//W3C//DTD XHTML 1.0 Transitional//EN"
    "http://www.w3.org/TR/xhtml1/DTD/xhtml1-transitional.dtd">
<html xmlns="http://www.w3.org/1999/xhtml" xml:lang="en" lang="en">
 <head>
  <title>
</title>
<meta http-equiv="Content-Type" content="text/html;charset=utf-8" />
  <meta name='ocr-system' content='tesseract 3.04.00' />
  <meta name='ocr-capabilities' content='ocr_page ocr_carea ocr_par ocr_line ocrx_word'/>
</head>
<body>
  <div class='ocr_page' id='page_1' title='image "./opusculatheologi00juni/opusculatheologi00juni_0379.png"; bbox 0 0 2334 3020; ppageno 0'>
   <div class='ocr_carea' id='block_1_1' title="bbox 665 127 2049 168">
    <p class='ocr_par' dir='ltr' id='par_1_1' title="bbox 665 127 2049 168">
     <span class='ocr_line' id='line_1_1' title="bbox 665 127 2049 168; baseline -0.002 -7"><span class='ocrx_word' id='word_1_1' title='bbox 665 130 731 161; x_wconf 78' lang='lat' dir='ltr'><strong>DE</strong></span> <span class='ocrx_word' id='word_1_2' title='bbox 773 129 1054 161; x_wconf 80' lang='lat' dir='ltr'><strong>POLITIAE</strong></span> <span class='ocrx_word' id='word_1_3' title='bbox 1095 127 1264 160; x_wconf 77' lang='lat' dir='ltr'>MOSIS</span> <span class='ocrx_word' id='word_1_4' title='bbox 1304 129 1495 160; x_wconf 71' lang='lat' dir='ltr'><strong>osssssR.</strong></span> <span class='ocrx_word' id='word_1_5' title='bbox 1975 128 2049 168; x_wconf 89' lang='lat'><strong>345</strong></span> 
     </span>
    </p>
   </div>
   <div class='ocr_carea' id='block_1_2' title="bbox 109 235 2058 2795">
    <p class='ocr_par' dir='ltr' id='par_1_2' title="bbox 117 235 2053 397">
     <span class='ocr_line' id='line_1_2' title="bbox 117 235 2053 292; baseline -0.004 -12"><span class='ocrx_word' id='word_1_6' title='bbox 117 241 375 292; x_wconf 75' lang='lat' dir='ltr'><strong>contendere,</strong></span> <span class='ocrx_word' id='word_1_7' title='bbox 403 247 486 279; x_wconf 91' lang='lat' dir='ltr'><strong>tum</strong></span> <span class='ocrx_word' id='word_1_8' title='bbox 514 242 607 278; x_wconf 77' lang='lat' dir='ltr'><strong>vere</strong></span> <span class='ocrx_word' id='word_1_9' title='bbox 635 239 725 289; x_wconf 83' lang='lat' dir='ltr'><strong>quia</strong></span> <span class='ocrx_word' id='word_1_10' title='bbox 751 246 887 278; x_wconf 92' lang='lat' dir='ltr'><strong>natura</strong></span> <span class='ocrx_word' id='word_1_11' title='bbox 909 239 991 289; x_wconf 85' lang='lat' dir='ltr'><strong>ipsa</strong></span> <span class='ocrx_word' id='word_1_12' title='bbox 1019 245 1243 278; x_wconf 82' lang='lat' dir='ltr'><strong>constanter</strong></span> <span class='ocrx_word' id='word_1_13' title='bbox 1271 238 1388 276; x_wconf 90' lang='lat' dir='ltr'><strong>docet</strong></span> <span class='ocrx_word' id='word_1_14' title='bbox 1418 250 1555 277; x_wconf 88' lang='lat' dir='ltr'><strong>omnes</strong></span> <span class='ocrx_word' id='word_1_15' title='bbox 1579 243 1707 287; x_wconf 88' lang='lat' dir='ltr'><strong>partes</strong></span> <span class='ocrx_word' id='word_1_16' title='bbox 1736 235 1849 275; x_wconf 91' lang='lat' dir='ltr'><strong>vnius</strong></span> <span class='ocrx_word' id='word_1_17' title='bbox 1877 236 2053 286; x_wconf 85' lang='lat' dir='ltr'><strong>corporis</strong></span> 
     </span>
     <span class='ocr_line' id='line_1_3' title="bbox 117 289 2053 344; baseline -0.004 -10"><span class='ocrx_word' id='word_1_18' title='bbox 117 296 167 335; x_wconf 93' lang='lat' dir='ltr'><strong>ad</strong></span> <span class='ocrx_word' id='word_1_19' title='bbox 196 302 321 334; x_wconf 87' lang='lat' dir='ltr'><strong>totum</strong></span> <span class='ocrx_word' id='word_1_20' title='bbox 350 292 542 344; x_wconf 90' lang='lat' dir='ltr'><strong>ordinari,</strong></span> <span class='ocrx_word' id='word_1_21' title='bbox 571 293 606 330; x_wconf 89' lang='lat'>&amp;</span> <span class='ocrx_word' id='word_1_22' title='bbox 634 292 747 332; x_wconf 90' lang='lat' dir='ltr'><strong>vnius</strong></span> <span class='ocrx_word' id='word_1_23' title='bbox 774 292 892 343; x_wconf 89' lang='lat' dir='ltr'><strong>partis</strong></span> <span class='ocrx_word' id='word_1_24' title='bbox 921 292 1112 332; x_wconf 86' lang='lat' dir='ltr'><strong>rationem</strong></span> <span class='ocrx_word' id='word_1_25' title='bbox 1141 291 1301 331; x_wconf 87' lang='lat' dir='ltr'><strong>seorsim</strong></span> <span class='ocrx_word' id='word_1_26' title='bbox 1330 291 1580 330; x_wconf 84' lang='lat' dir='ltr'><strong>constitutam</strong></span> <span class='ocrx_word' id='word_1_27' title='bbox 1609 303 1649 328; x_wconf 92' lang='lat' dir='ltr'><strong>re</strong></span> <span class='ocrx_word' id='word_1_28' title='bbox 1677 289 1759 340; x_wconf 87' lang='lat' dir='ltr'><strong>ipsa</strong></span> <span class='ocrx_word' id='word_1_29' title='bbox 1787 289 2053 340; x_wconf 82' lang='lat' dir='ltr'><strong>imperfectam</strong></span> 
     </span>
     <span class='ocr_line' id='line_1_4' title="bbox 117 344 1540 397; baseline -0.004 -9"><span class='ocrx_word' id='word_1_30' title='bbox 117 361 225 397; x_wconf 90' lang='lat' dir='ltr'><strong>esse,</strong></span> <span class='ocrx_word' id='word_1_31' title='bbox 254 348 384 387; x_wconf 89' lang='lat' dir='ltr'><strong>donec</strong></span> <span class='ocrx_word' id='word_1_32' title='bbox 411 348 462 386; x_wconf 90' lang='lat' dir='ltr'><strong>ad</strong></span> <span class='ocrx_word' id='word_1_33' title='bbox 489 345 680 385; x_wconf 90' lang='lat' dir='ltr'><strong>rationem</strong></span> <span class='ocrx_word' id='word_1_34' title='bbox 709 345 846 397; x_wconf 88' lang='lat' dir='ltr'><strong>totius,</strong></span> <span class='ocrx_word' id='word_1_35' title='bbox 875 345 984 384; x_wconf 91' lang='lat' dir='ltr'><strong>cuius</strong></span> <span class='ocrx_word' id='word_1_36' title='bbox 1010 359 1099 396; x_wconf 90' lang='lat' dir='ltr'><strong>pars</strong></span> <span class='ocrx_word' id='word_1_37' title='bbox 1123 344 1188 384; x_wconf 87' lang='lat' dir='ltr'><strong>illa</strong></span> <span class='ocrx_word' id='word_1_38' title='bbox 1216 352 1292 392; x_wconf 82' lang='lat' dir='ltr'><strong>est,</strong></span> <span class='ocrx_word' id='word_1_39' title='bbox 1322 351 1540 383; x_wconf 89' lang='lat' dir='ltr'><strong>reuocetur.</strong></span> 
     </span>
    </p>

    <p class='ocr_par' dir='ltr' id='par_1_3' title="bbox 113 394 2053 878">
     <span class='ocr_line' id='line_1_5' title="bbox 169 394 2052 452; baseline -0.004 -12"><span class='ocrx_word' id='word_1_40' title='bbox 169 403 300 452; x_wconf 89' lang='lat' dir='ltr'><strong>Atque</strong></span> <span class='ocrx_word' id='word_1_41' title='bbox 328 402 427 439; x_wconf 89' lang='lat' dir='ltr'><strong>haec</strong></span> <span class='ocrx_word' id='word_1_42' title='bbox 453 399 612 450; x_wconf 90' lang='lat' dir='ltr'><strong>quidem</strong></span> <span class='ocrx_word' id='word_1_43' title='bbox 641 399 814 438; x_wconf 90' lang='lat' dir='ltr'><strong>definitio</strong></span> <span class='ocrx_word' id='word_1_44' title='bbox 843 399 938 450; x_wconf 89' lang='lat' dir='ltr'><strong>legis</strong></span> <span class='ocrx_word' id='word_1_45' title='bbox 965 398 1121 450; x_wconf 78' lang='lat' dir='ltr'><strong>proprie</strong></span> <span class='ocrx_word' id='word_1_46' title='bbox 1151 397 1455 448; x_wconf 78' lang='lat' dir='ltr'><strong>simpliciterque</strong></span> <span class='ocrx_word' id='word_1_47' title='bbox 1484 398 1532 437; x_wconf 90' lang='lat' dir='ltr'><strong>de</strong></span> <span class='ocrx_word' id='word_1_48' title='bbox 1561 396 1669 436; x_wconf 91' lang='lat' dir='ltr'><strong>omni</strong></span> <span class='ocrx_word' id='word_1_49' title='bbox 1696 397 1782 447; x_wconf 89' lang='lat' dir='ltr'><strong>lege</strong></span> <span class='ocrx_word' id='word_1_50' title='bbox 1811 394 2052 446; x_wconf 90' lang='lat' dir='ltr'><strong>enunciatur,</strong></span> 
     </span>
     <span class='ocr_line' id='line_1_6' title="bbox 116 447 2053 505; baseline -0.004 -12"><span class='ocrx_word' id='word_1_51' title='bbox 116 468 216 505; x_wconf 90' lang='lat' dir='ltr'><strong>quae</strong></span> <span class='ocrx_word' id='word_1_52' title='bbox 244 456 284 494; x_wconf 89' lang='lat' dir='ltr'><strong>in</strong></span> <span class='ocrx_word' id='word_1_53' title='bbox 310 455 426 493; x_wconf 88' lang='lat' dir='ltr'><strong>rebus</strong></span> <span class='ocrx_word' id='word_1_54' title='bbox 453 452 591 492; x_wconf 85' lang='lat' dir='ltr'><strong>creatis</strong></span> <span class='ocrx_word' id='word_1_55' title='bbox 619 464 790 502; x_wconf 89' lang='lat' dir='ltr'><strong>vnquam</strong></span> <span class='ocrx_word' id='word_1_56' title='bbox 818 451 991 491; x_wconf 90' lang='lat' dir='ltr'><strong>instituta</strong></span> <span class='ocrx_word' id='word_1_57' title='bbox 1019 459 1096 502; x_wconf 89' lang='lat' dir='ltr'><strong>est,</strong></span> <span class='ocrx_word' id='word_1_58' title='bbox 1125 459 1190 491; x_wconf 88' lang='lat' dir='ltr'><strong>aut</strong></span> <span class='ocrx_word' id='word_1_59' title='bbox 1219 453 1337 502; x_wconf 78' lang='lat' dir='ltr'><strong>porre</strong></span> <span class='ocrx_word' id='word_1_60' title='bbox 1365 450 1512 490; x_wconf 88' lang='lat' dir='ltr'><strong>institui</strong></span> <span class='ocrx_word' id='word_1_61' title='bbox 1539 456 1687 501; x_wconf 86' lang='lat' dir='ltr'><strong>potest:</strong></span> <span class='ocrx_word' id='word_1_62' title='bbox 1717 450 1786 488; x_wconf 90' lang='lat' dir='ltr'><strong>sed</strong></span> <span class='ocrx_word' id='word_1_63' title='bbox 1814 457 1945 487; x_wconf 90' lang='lat' dir='ltr'><strong>tamen</strong></span> <span class='ocrx_word' id='word_1_64' title='bbox 1962 447 2053 498; x_wconf 89' lang='lat' dir='ltr'><strong>quia</strong></span> 
     </span>
     <span class='ocr_line' id='line_1_7' title="bbox 115 501 2052 559; baseline -0.005 -11"><span class='ocrx_word' id='word_1_65' title='bbox 115 510 194 548; x_wconf 87' lang='lat' dir='ltr'><strong>hoc</strong></span> <span class='ocrx_word' id='word_1_66' title='bbox 221 508 348 559; x_wconf 89' lang='lat' dir='ltr'><strong>ipsum</strong></span> <span class='ocrx_word' id='word_1_67' title='bbox 376 506 470 558; x_wconf 89' lang='lat' dir='ltr'><strong>legis</strong></span> <span class='ocrx_word' id='word_1_68' title='bbox 498 518 645 544; x_wconf 87' lang='lat' dir='ltr'><strong>nornen</strong></span> <span class='ocrx_word' id='word_1_69' title='bbox 673 507 723 544; x_wconf 94' lang='lat' dir='ltr'><strong>de</strong></span> <span class='ocrx_word' id='word_1_70' title='bbox 751 516 901 544; x_wconf 88' lang='lat' dir='ltr'><strong>summa</strong></span> <span class='ocrx_word' id='word_1_71' title='bbox 929 506 994 544; x_wconf 91' lang='lat' dir='ltr'><strong>illa</strong></span> <span class='ocrx_word' id='word_1_72' title='bbox 1021 505 1170 544; x_wconf 89' lang='lat' dir='ltr'><strong>ratione</strong></span> <span class='ocrx_word' id='word_1_73' title='bbox 1199 505 1353 545; x_wconf 90' lang='lat' dir='ltr'><strong>diuinae</strong></span> <span class='ocrx_word' id='word_1_74' title='bbox 1382 504 1578 554; x_wconf 82' lang='lat' dir='ltr'><strong>sapientae</strong></span> <span class='ocrx_word' id='word_1_75' title='bbox 1592 502 1787 541; x_wconf 90' lang='lat' dir='ltr'><strong>mouentis</strong></span> <span class='ocrx_word' id='word_1_76' title='bbox 1803 504 1837 540; x_wconf 82' lang='lat'>&amp;</span> <span class='ocrx_word' id='word_1_77' title='bbox 1853 501 2052 551; x_wconf 86' lang='lat' dir='ltr'><strong>dirigentis</strong></span> 
     </span>
     <span class='ocr_line' id='line_1_8' title="bbox 116 554 2052 610; baseline -0.005 -9"><span class='ocrx_word' id='word_1_78' title='bbox 116 561 248 602; x_wconf 88' lang='lat' dir='ltr'><strong>omnia</strong></span> <span class='ocrx_word' id='word_1_79' title='bbox 275 561 326 599; x_wconf 90' lang='lat' dir='ltr'><strong>ad</strong></span> <span class='ocrx_word' id='word_1_80' title='bbox 353 562 472 598; x_wconf 90' lang='lat' dir='ltr'><strong>finem</strong></span> <span class='ocrx_word' id='word_1_81' title='bbox 499 559 642 598; x_wconf 87' lang='lat' dir='ltr'><strong>iustum</strong></span> <span class='ocrx_word' id='word_1_82' title='bbox 670 559 885 609; x_wconf 90' lang='lat' dir='ltr'><strong>praedicari</strong></span> <span class='ocrx_word' id='word_1_83' title='bbox 913 560 1032 610; x_wconf 88' lang='lat' dir='ltr'><strong>solet,</strong></span> <span class='ocrx_word' id='word_1_84' title='bbox 1061 559 1203 598; x_wconf 91' lang='lat' dir='ltr'><strong>eodem</strong></span> <span class='ocrx_word' id='word_1_85' title='bbox 1231 569 1390 609; x_wconf 92' lang='lat' dir='ltr'><strong>quoque</strong></span> <span class='ocrx_word' id='word_1_86' title='bbox 1418 558 1540 596; x_wconf 89' lang='lat' dir='ltr'><strong>modo</strong></span> <span class='ocrx_word' id='word_1_87' title='bbox 1569 555 1665 607; x_wconf 91' lang='lat' dir='ltr'><strong>legis</strong></span> <span class='ocrx_word' id='word_1_88' title='bbox 1688 554 1862 594; x_wconf 86' lang='lat' dir='ltr'><strong>definitio</strong></span> <span class='ocrx_word' id='word_1_89' title='bbox 1890 555 1988 592; x_wconf 90' lang='lat' dir='ltr'><strong>haec</strong></span> <span class='ocrx_word' id='word_1_90' title='bbox 2004 554 2052 592; x_wconf 91' lang='lat' dir='ltr'><strong>de</strong></span> 
     </span>
     <span class='ocr_line' id='line_1_9' title="bbox 114 608 2052 662; baseline -0.004 -9"><span class='ocrx_word' id='word_1_91' title='bbox 114 615 180 653; x_wconf 90' lang='lat' dir='ltr'><strong>illa</strong></span> <span class='ocrx_word' id='word_1_92' title='bbox 221 626 373 654; x_wconf 89' lang='lat' dir='ltr'><strong>summa</strong></span> <span class='ocrx_word' id='word_1_93' title='bbox 412 612 562 651; x_wconf 90' lang='lat' dir='ltr'><strong>ratione</strong></span> <span class='ocrx_word' id='word_1_94' title='bbox 600 613 663 650; x_wconf 91' lang='lat' dir='ltr'><strong>vel</strong></span> <span class='ocrx_word' id='word_1_95' title='bbox 704 612 949 651; x_wconf 90' lang='lat' dir='ltr'><strong>ordinatione</strong></span> <span class='ocrx_word' id='word_1_96' title='bbox 979 611 1240 651; x_wconf 89' lang='lat' dir='ltr'><strong>communiter</strong></span> <span class='ocrx_word' id='word_1_97' title='bbox 1267 610 1518 662; x_wconf 88' lang='lat' dir='ltr'><strong>intelligenda</strong></span> <span class='ocrx_word' id='word_1_98' title='bbox 1545 616 1616 649; x_wconf 85' lang='lat' dir='ltr'><strong>est.</strong></span> <span class='ocrx_word' id='word_1_99' title='bbox 1657 608 1811 647; x_wconf 84' lang='lat' dir='ltr'><strong>Dicitur</strong></span> <span class='ocrx_word' id='word_1_100' title='bbox 1838 613 1966 646; x_wconf 87' lang='lat' dir='ltr'><strong>autem</strong></span> <span class='ocrx_word' id='word_1_101' title='bbox 1991 608 2052 646; x_wconf 90' lang='lat' dir='ltr'><strong>lex</strong></span> 
     </span>
     <span class='ocr_line' id='line_1_10' title="bbox 114 659 2050 718; baseline -0.004 -12"><span class='ocrx_word' id='word_1_102' title='bbox 114 667 180 706; x_wconf 92' lang='lat' dir='ltr'><strong>illa</strong></span> <span class='ocrx_word' id='word_1_103' title='bbox 202 666 425 717; x_wconf 77' lang='lat' dir='ltr'><strong>analogice,</strong></span> <span class='ocrx_word' id='word_1_104' title='bbox 453 679 500 704; x_wconf 88' lang='lat' dir='ltr'><strong>ac</strong></span> <span class='ocrx_word' id='word_1_105' title='bbox 527 678 608 704; x_wconf 91' lang='lat' dir='ltr'><strong>non</strong></span> <span class='ocrx_word' id='word_1_106' title='bbox 635 672 834 716; x_wconf 84' lang='lat' dir='ltr'><strong>tamquam</strong></span> <span class='ocrx_word' id='word_1_107' title='bbox 863 667 1061 718; x_wconf 76' lang='grc' dir='ltr'><strong>ὀμογενής,</strong></span> <span class='ocrx_word' id='word_1_108' title='bbox 1090 665 1129 704; x_wconf 88' lang='lat' dir='ltr'><strong>id</strong></span> <span class='ocrx_word' id='word_1_109' title='bbox 1159 673 1238 716; x_wconf 90' lang='lat' dir='ltr'><strong>est,</strong></span> <span class='ocrx_word' id='word_1_110' title='bbox 1267 664 1381 704; x_wconf 89' lang='lat' dir='ltr'><strong>vnius</strong></span> <span class='ocrx_word' id='word_1_111' title='bbox 1410 662 1562 714; x_wconf 90' lang='lat' dir='ltr'><strong>generis</strong></span> <span class='ocrx_word' id='word_1_112' title='bbox 1590 674 1681 701; x_wconf 91' lang='lat' dir='ltr'><strong>cum</strong></span> <span class='ocrx_word' id='word_1_113' title='bbox 1709 660 1861 712; x_wconf 88' lang='lat' dir='ltr'><strong>legibus</strong></span> <span class='ocrx_word' id='word_1_114' title='bbox 1889 659 2050 699; x_wconf 90' lang='lat' dir='ltr'><strong>nostris:</strong></span> 
     </span>
     <span class='ocr_line' id='line_1_11' title="bbox 115 713 2053 772; baseline -0.005 -12"><span class='ocrx_word' id='word_1_115' title='bbox 115 733 208 772; x_wconf 90' lang='lat' dir='ltr'><strong>ergo</strong></span> <span class='ocrx_word' id='word_1_116' title='bbox 237 719 506 760; x_wconf 89' lang='lat' dir='ltr'><strong>definitionem</strong></span> <span class='ocrx_word' id='word_1_117' title='bbox 535 730 694 769; x_wconf 92' lang='lat' dir='ltr'><strong>quoque</strong></span> <span class='ocrx_word' id='word_1_118' title='bbox 721 719 837 771; x_wconf 84' lang='lat' dir='ltr'><strong>legis,</strong></span> <span class='ocrx_word' id='word_1_119' title='bbox 866 732 983 769; x_wconf 88' lang='lat' dir='ltr'><strong>quam</strong></span> <span class='ocrx_word' id='word_1_120' title='bbox 1007 719 1128 758; x_wconf 77' lang='lat' dir='ltr'><strong>mode</strong></span> <span class='ocrx_word' id='word_1_121' title='bbox 1158 718 1412 767; x_wconf 83' lang='lat' dir='ltr'><strong>asseruimus,</strong></span> <span class='ocrx_word' id='word_1_122' title='bbox 1441 716 1494 756; x_wconf 92' lang='lat' dir='ltr'><strong>sie</strong></span> <span class='ocrx_word' id='word_1_123' title='bbox 1523 715 1727 766; x_wconf 79' lang='lat' dir='ltr'><strong>analogice</strong></span> <span class='ocrx_word' id='word_1_124' title='bbox 1743 722 1899 765; x_wconf 91' lang='lat' dir='ltr'><strong>oportet</strong></span> <span class='ocrx_word' id='word_1_125' title='bbox 1914 713 2053 765; x_wconf 89' lang='lat' dir='ltr'><strong>accipi,</strong></span> 
     </span>
     <span class='ocr_line' id='line_1_12' title="bbox 115 767 2053 824; baseline -0.004 -12"><span class='ocrx_word' id='word_1_126' title='bbox 115 781 156 813; x_wconf 93' lang='lat' dir='ltr'><strong>vt</strong></span> <span class='ocrx_word' id='word_1_127' title='bbox 183 786 261 824; x_wconf 91' lang='lat' dir='ltr'><strong>qua</strong></span> <span class='ocrx_word' id='word_1_128' title='bbox 288 775 385 812; x_wconf 91' lang='lat' dir='ltr'><strong>haec</strong></span> <span class='ocrx_word' id='word_1_129' title='bbox 413 772 595 812; x_wconf 90' lang='lat' dir='ltr'><strong>dicuntur</strong></span> <span class='ocrx_word' id='word_1_130' title='bbox 623 773 674 811; x_wconf 92' lang='lat' dir='ltr'><strong>de</strong></span> <span class='ocrx_word' id='word_1_131' title='bbox 700 773 810 823; x_wconf 92' lang='lat' dir='ltr'><strong>Deo,</strong></span> <span class='ocrx_word' id='word_1_132' title='bbox 839 771 1100 823; x_wconf 86' lang='lat' dir='ltr'><strong>intelligantur</strong></span> <span class='ocrx_word' id='word_1_133' title='bbox 1128 777 1374 824; x_wconf 71' lang='grc' dir='ltr'><em>θεοπρεπῶς,</em></span> <span class='ocrx_word' id='word_1_134' title='bbox 1405 772 1439 809; x_wconf 86' lang='lat'>&amp;</span> <span class='ocrx_word' id='word_1_135' title='bbox 1463 776 1580 820; x_wconf 90' lang='lat' dir='ltr'><strong>prout</strong></span> <span class='ocrx_word' id='word_1_136' title='bbox 1604 770 1653 808; x_wconf 90' lang='lat' dir='ltr'><strong>de</strong></span> <span class='ocrx_word' id='word_1_137' title='bbox 1680 769 1769 807; x_wconf 91' lang='lat' dir='ltr'><strong>Deo</strong></span> <span class='ocrx_word' id='word_1_138' title='bbox 1799 767 2053 817; x_wconf 76' lang='lat' dir='ltr'><strong>capianobis</strong></span> 
     </span>
     <span class='ocr_line' id='line_1_13' title="bbox 113 822 1801 878; baseline -0.004 -12"><span class='ocrx_word' id='word_1_139' title='bbox 113 834 298 878; x_wconf 91' lang='lat' dir='ltr'><strong>possunt,</strong></span> <span class='ocrx_word' id='word_1_140' title='bbox 325 838 403 877; x_wconf 90' lang='lat' dir='ltr'><strong>qua</strong></span> <span class='ocrx_word' id='word_1_141' title='bbox 430 833 561 865; x_wconf 89' lang='lat' dir='ltr'><strong>autem</strong></span> <span class='ocrx_word' id='word_1_142' title='bbox 590 825 638 865; x_wconf 93' lang='lat' dir='ltr'><strong>de</strong></span> <span class='ocrx_word' id='word_1_143' title='bbox 667 825 805 864; x_wconf 90' lang='lat' dir='ltr'><strong>creatis</strong></span> <span class='ocrx_word' id='word_1_144' title='bbox 832 826 950 864; x_wconf 92' lang='lat' dir='ltr'><strong>rebus</strong></span> <span class='ocrx_word' id='word_1_145' title='bbox 975 824 1179 864; x_wconf 88' lang='lat' dir='ltr'><strong>enunciata</strong></span> <span class='ocrx_word' id='word_1_146' title='bbox 1205 833 1313 874; x_wconf 90' lang='lat' dir='ltr'><strong>sunt,</strong></span> <span class='ocrx_word' id='word_1_147' title='bbox 1343 824 1500 874; x_wconf 91' lang='lat' dir='ltr'><strong>proprie</strong></span> <span class='ocrx_word' id='word_1_148' title='bbox 1527 822 1801 872; x_wconf 85' lang='lat' dir='ltr'><strong>intelligantur.</strong></span> 
     </span>
    </p>

    <p class='ocr_par' dir='ltr' id='par_1_4' title="bbox 114 872 2054 983">
     <span class='ocr_line' id='line_1_14' title="bbox 166 872 2054 930; baseline -0.004 -11"><span class='ocrx_word' id='word_1_149' title='bbox 166 883 214 920; x_wconf 92' lang='lat' dir='ltr'><strong>In</strong></span> <span class='ocrx_word' id='word_1_150' title='bbox 241 880 346 919; x_wconf 65' lang='lat' dir='ltr'><strong>hunc·</strong></span> <span class='ocrx_word' id='word_1_151' title='bbox 374 879 537 919; x_wconf 89' lang='lat' dir='ltr'><strong>modum</strong></span> <span class='ocrx_word' id='word_1_152' title='bbox 553 910 563 930; x_wconf 94' lang='lat'><strong>,</strong></span> <span class='ocrx_word' id='word_1_153' title='bbox 590 886 632 918; x_wconf 91' lang='lat' dir='ltr'><strong>vt</strong></span> <span class='ocrx_word' id='word_1_154' title='bbox 659 879 833 918; x_wconf 89' lang='lat' dir='ltr'><strong>definitio</strong></span> <span class='ocrx_word' id='word_1_155' title='bbox 862 878 997 930; x_wconf 81' lang='lat' dir='ltr'><strong>Legis,</strong></span> <span class='ocrx_word' id='word_1_156' title='bbox 1034 878 1090 917; x_wconf 91' lang='lat' dir='ltr'><strong>sic</strong></span> <span class='ocrx_word' id='word_1_157' title='bbox 1117 877 1256 917; x_wconf 89' lang='lat' dir='ltr'><strong>diuisio</strong></span> <span class='ocrx_word' id='word_1_158' title='bbox 1280 877 1346 916; x_wconf 91' lang='lat' dir='ltr'><strong>illa</strong></span> <span class='ocrx_word' id='word_1_159' title='bbox 1372 877 1498 927; x_wconf 90' lang='lat' dir='ltr'><strong>prima</strong></span> <span class='ocrx_word' id='word_1_160' title='bbox 1526 875 1757 926; x_wconf 88' lang='lat' dir='ltr'><strong>accipienda</strong></span> <span class='ocrx_word' id='word_1_161' title='bbox 1784 880 1861 925; x_wconf 87' lang='lat' dir='ltr'><strong>est,</strong></span> <span class='ocrx_word' id='word_1_162' title='bbox 1892 885 1969 923; x_wconf 91' lang='lat' dir='ltr'><strong>qua</strong></span> <span class='ocrx_word' id='word_1_163' title='bbox 1997 872 2054 911; x_wconf 94' lang='lat' dir='ltr'><strong>vsi</strong></span> 
     </span>
     <span class='ocr_line' id='line_1_15' title="bbox 114 933 473 983; baseline -0.003 -10"><span class='ocrx_word' id='word_1_164' title='bbox 114 946 246 973; x_wconf 88' lang='lat' dir='ltr'><strong>sumus</strong></span> <span class='ocrx_word' id='word_1_165' title='bbox 274 933 447 972; x_wconf 89' lang='lat' dir='ltr'><strong>dicentes</strong></span> <span class='ocrx_word' id='word_1_166' title='bbox 463 963 473 983; x_wconf 88' lang='lat'><strong>,</strong></span> 
     </span>
    </p>

    <p class='ocr_par' dir='ltr' id='par_1_5' title="bbox 165 985 1700 1036">
     <span class='ocr_line' id='line_1_16' title="bbox 165 985 1700 1036; baseline -0.004 -11"><span class='ocrx_word' id='word_1_167' title='bbox 165 989 311 1025; x_wconf 84' lang='lat' dir='ltr'>LEGEM</span> <span class='ocrx_word' id='word_1_168' title='bbox 340 992 411 1025; x_wconf 75' lang='lat' dir='ltr'><strong>aut</strong></span> <span class='ocrx_word' id='word_1_169' title='bbox 436 991 631 1024; x_wconf 78' lang='lat' dir='ltr'><strong>aeternam</strong></span> <span class='ocrx_word' id='word_1_170' title='bbox 660 998 756 1036; x_wconf 85' lang='lat' dir='ltr'><strong>esse,</strong></span> <span class='ocrx_word' id='word_1_171' title='bbox 787 991 858 1024; x_wconf 72' lang='lat' dir='ltr'><strong>aut</strong></span> <span class='ocrx_word' id='word_1_172' title='bbox 881 985 1133 1035; x_wconf 74' lang='lat' dir='ltr'><strong>informatam</strong></span> <span class='ocrx_word' id='word_1_173' title='bbox 1164 985 1214 1022; x_wconf 48' lang='grc' dir='ltr'><strong>ἐφ’</strong></span> <span class='ocrx_word' id='word_1_174' title='bbox 1240 985 1427 1022; x_wconf 80' lang='lat' dir='ltr'><strong>traditam</strong></span> <span class='ocrx_word' id='word_1_175' title='bbox 1455 985 1494 1020; x_wconf 77' lang='lat' dir='ltr'><strong>in</strong></span> <span class='ocrx_word' id='word_1_176' title='bbox 1522 987 1700 1033; x_wconf 73' lang='lat' dir='ltr'><strong>tempore.</strong></span> 
     </span>
    </p>

    <p class='ocr_par' dir='ltr' id='par_1_6' title="bbox 112 1033 2055 1345">
     <span class='ocr_line' id='line_1_17' title="bbox 165 1033 2051 1089; baseline -0.005 -10"><span class='ocrx_word' id='word_1_177' title='bbox 165 1040 321 1079; x_wconf 89' lang='lat' dir='ltr'><strong>Etenim</strong></span> <span class='ocrx_word' id='word_1_178' title='bbox 349 1042 421 1078; x_wconf 91' lang='lat' dir='ltr'><strong>hae</strong></span> <span class='ocrx_word' id='word_1_179' title='bbox 451 1041 550 1078; x_wconf 85' lang='lat' dir='ltr'><strong>duae</strong></span> <span class='ocrx_word' id='word_1_180' title='bbox 578 1039 729 1089; x_wconf 87' lang='lat' dir='ltr'><strong>species</strong></span> <span class='ocrx_word' id='word_1_181' title='bbox 755 1051 836 1077; x_wconf 91' lang='lat' dir='ltr'><strong>non</strong></span> <span class='ocrx_word' id='word_1_182' title='bbox 864 1044 953 1077; x_wconf 91' lang='lat' dir='ltr'><strong>sunt</strong></span> <span class='ocrx_word' id='word_1_183' title='bbox 980 1038 1092 1077; x_wconf 90' lang='lat' dir='ltr'><strong>vnius</strong></span> <span class='ocrx_word' id='word_1_184' title='bbox 1119 1037 1271 1088; x_wconf 90' lang='lat' dir='ltr'><strong>generis</strong></span> <span class='ocrx_word' id='word_1_185' title='bbox 1302 1036 1472 1087; x_wconf 89' lang='lat' dir='ltr'><strong>proprie,</strong></span> <span class='ocrx_word' id='word_1_186' title='bbox 1504 1036 1573 1074; x_wconf 90' lang='lat' dir='ltr'><strong>sed</strong></span> <span class='ocrx_word' id='word_1_187' title='bbox 1600 1033 1802 1084; x_wconf 86' lang='lat' dir='ltr'><strong>analogice</strong></span> <span class='ocrx_word' id='word_1_188' title='bbox 1830 1034 1982 1072; x_wconf 81' lang='lat' dir='ltr'><strong>tantum</strong></span> <span class='ocrx_word' id='word_1_189' title='bbox 1999 1033 2051 1071; x_wconf 87' lang='lat' dir='ltr'><strong>ad</strong></span> 
     </span>
     <span class='ocr_line' id='line_1_18' title="bbox 114 1087 2050 1142; baseline -0.005 -10"><span class='ocrx_word' id='word_1_190' title='bbox 114 1106 234 1132; x_wconf 88' lang='lat' dir='ltr'><strong>vnum</strong></span> <span class='ocrx_word' id='word_1_191' title='bbox 262 1094 367 1132; x_wconf 90' lang='lat' dir='ltr'><strong>velut</strong></span> <span class='ocrx_word' id='word_1_192' title='bbox 394 1105 605 1131; x_wconf 91' lang='lat' dir='ltr'><strong>commune</strong></span> <span class='ocrx_word' id='word_1_193' title='bbox 634 1099 752 1142; x_wconf 91' lang='lat' dir='ltr'><strong>caput</strong></span> <span class='ocrx_word' id='word_1_194' title='bbox 778 1092 1013 1142; x_wconf 86' lang='lat' dir='ltr'><strong>referuntur,</strong></span> <span class='ocrx_word' id='word_1_195' title='bbox 1043 1090 1221 1141; x_wconf 89' lang='lat' dir='ltr'><strong>quamuis</strong></span> <span class='ocrx_word' id='word_1_196' title='bbox 1248 1097 1333 1129; x_wconf 88' lang='lat' dir='ltr'><strong>toto</strong></span> <span class='ocrx_word' id='word_1_197' title='bbox 1361 1102 1502 1140; x_wconf 86' lang='lat' dir='ltr'><strong>genere</strong></span> <span class='ocrx_word' id='word_1_198' title='bbox 1533 1087 1766 1126; x_wconf 84' lang='lat' dir='ltr'><strong>differentes.</strong></span> <span class='ocrx_word' id='word_1_199' title='bbox 1798 1088 2050 1136; x_wconf 79' lang='lat' dir='ltr'><strong>Quapropter</strong></span> 
     </span>
     <span class='ocr_line' id='line_1_19' title="bbox 113 1140 2052 1196; baseline -0.005 -11"><span class='ocrx_word' id='word_1_200' title='bbox 113 1147 228 1185; x_wconf 89' lang='lat' dir='ltr'><strong>etiam</strong></span> <span class='ocrx_word' id='word_1_201' title='bbox 256 1146 296 1184; x_wconf 90' lang='lat' dir='ltr'><strong>in</strong></span> <span class='ocrx_word' id='word_1_202' title='bbox 324 1148 398 1185; x_wconf 92' lang='lat' dir='ltr'><strong>hac</strong></span> <span class='ocrx_word' id='word_1_203' title='bbox 427 1145 617 1184; x_wconf 88' lang='lat' dir='ltr'><strong>diuisione</strong></span> <span class='ocrx_word' id='word_1_204' title='bbox 645 1145 770 1195; x_wconf 92' lang='lat' dir='ltr'><strong>(quod</strong></span> <span class='ocrx_word' id='word_1_205' title='bbox 798 1156 920 1195; x_wconf 91' lang='lat' dir='ltr'><strong>genus</strong></span> <span class='ocrx_word' id='word_1_206' title='bbox 947 1144 1086 1195; x_wconf 89' lang='lat' dir='ltr'><strong>Logici</strong></span> <span class='ocrx_word' id='word_1_207' title='bbox 1114 1145 1179 1190; x_wconf 77' lang='grc' dir='ltr'><strong>ἀφ’</strong></span> <span class='ocrx_word' id='word_1_208' title='bbox 1209 1143 1293 1196; x_wconf 78' lang='grc' dir='ltr'><strong>ἑνρς</strong></span> <span class='ocrx_word' id='word_1_209' title='bbox 1322 1143 1414 1194; x_wconf 81' lang='grc' dir='ltr'><strong><em>πρὸς</em></strong></span> <span class='ocrx_word' id='word_1_210' title='bbox 1436 1143 1476 1181; x_wconf 77' lang='grc' dir='ltr'><strong>ἓν</strong></span> <span class='ocrx_word' id='word_1_211' title='bbox 1491 1142 1749 1191; x_wconf 77' lang='lat' dir='ltr'><strong>appellarunt)</strong></span> <span class='ocrx_word' id='word_1_212' title='bbox 1765 1147 1846 1178; x_wconf 88' lang='lat' dir='ltr'><strong>tum</strong></span> <span class='ocrx_word' id='word_1_213' title='bbox 1877 1140 1919 1177; x_wconf 85' lang='grc' dir='ltr'><strong>τὸ</strong></span> <span class='ocrx_word' id='word_1_214' title='bbox 1935 1141 2052 1182; x_wconf 64' lang='grc' dir='ltr'><em>φύσει</em></span> 
     </span>
     <span class='ocr_line' id='line_1_20' title="bbox 112 1192 2055 1250; baseline -0.005 -12"><span class='ocrx_word' id='word_1_215' title='bbox 112 1201 295 1250; x_wconf 77' lang='grc' dir='ltr'><em>πρότερον</em></span> <span class='ocrx_word' id='word_1_216' title='bbox 337 1203 400 1236; x_wconf 88' lang='grc' dir='ltr'><strong>καὶ</strong></span> <span class='ocrx_word' id='word_1_217' title='bbox 445 1199 601 1250; x_wconf 76' lang='grc' dir='ltr'><strong>ῧςερον,</strong></span> <span class='ocrx_word' id='word_1_218' title='bbox 643 1204 726 1236; x_wconf 89' lang='lat' dir='ltr'><strong>tum</strong></span> <span class='ocrx_word' id='word_1_219' title='bbox 770 1198 887 1236; x_wconf 88' lang='lat' dir='ltr'><strong>etiam</strong></span> <span class='ocrx_word' id='word_1_220' title='bbox 915 1197 959 1235; x_wconf 85' lang='grc' dir='ltr'><strong>τὸ</strong></span> <span class='ocrx_word' id='word_1_221' title='bbox 987 1200 1132 1248; x_wconf 77' lang='grc' dir='ltr'><strong><em>μᾶλλον</em></strong></span> <span class='ocrx_word' id='word_1_222' title='bbox 1155 1197 1217 1233; x_wconf 68' lang='grc' dir='ltr'><strong>καὶ</strong></span> <span class='ocrx_word' id='word_1_223' title='bbox 1246 1198 1357 1244; x_wconf 76' lang='grc' dir='ltr'><em>ἧττον</em></span> <span class='ocrx_word' id='word_1_224' title='bbox 1383 1198 1624 1234; x_wconf 89' lang='lat' dir='ltr'><strong>obseruatur.</strong></span> <span class='ocrx_word' id='word_1_225' title='bbox 1653 1195 1736 1232; x_wconf 92' lang='lat' dir='ltr'><strong>Lex</strong></span> <span class='ocrx_word' id='word_1_226' title='bbox 1764 1192 1868 1231; x_wconf 92' lang='lat' dir='ltr'><strong>enim</strong></span> <span class='ocrx_word' id='word_1_227' title='bbox 1898 1198 2055 1230; x_wconf 89' lang='lat' dir='ltr'><strong>aeterna</strong></span> 
     </span>
     <span class='ocr_line' id='line_1_21' title="bbox 113 1246 2055 1303; baseline -0.004 -13"><span class='ocrx_word' id='word_1_228' title='bbox 113 1256 148 1290; x_wconf 88' lang='lat'>&amp;</span> <span class='ocrx_word' id='word_1_229' title='bbox 176 1262 312 1290; x_wconf 87' lang='lat' dir='ltr'><strong>natura</strong></span> <span class='ocrx_word' id='word_1_230' title='bbox 342 1264 408 1290; x_wconf 89' lang='lat' dir='ltr'><strong>sua</strong></span> <span class='ocrx_word' id='word_1_231' title='bbox 437 1253 544 1302; x_wconf 90' lang='lat' dir='ltr'><strong>prior</strong></span> <span class='ocrx_word' id='word_1_232' title='bbox 572 1258 648 1303; x_wconf 89' lang='lat' dir='ltr'><strong>est,</strong></span> <span class='ocrx_word' id='word_1_233' title='bbox 678 1252 713 1289; x_wconf 88' lang='lat'>&amp;</span> <span class='ocrx_word' id='word_1_234' title='bbox 743 1264 902 1290; x_wconf 91' lang='lat' dir='ltr'><strong>omnem</strong></span> <span class='ocrx_word' id='word_1_235' title='bbox 929 1251 1045 1301; x_wconf 87' lang='lat' dir='ltr'><strong>Legis</strong></span> <span class='ocrx_word' id='word_1_236' title='bbox 1066 1249 1250 1288; x_wconf 89' lang='lat' dir='ltr'><strong>naturalis</strong></span> <span class='ocrx_word' id='word_1_237' title='bbox 1271 1262 1318 1288; x_wconf 90' lang='lat' dir='ltr'><strong>ac</strong></span> <span class='ocrx_word' id='word_1_238' title='bbox 1331 1250 1526 1287; x_wconf 87' lang='lat' dir='ltr'><strong>humanae</strong></span> <span class='ocrx_word' id='word_1_239' title='bbox 1542 1247 1704 1286; x_wconf 88' lang='lat' dir='ltr'><strong>modum</strong></span> <span class='ocrx_word' id='word_1_240' title='bbox 1720 1246 1883 1285; x_wconf 90' lang='lat' dir='ltr'><strong>omnino</strong></span> <span class='ocrx_word' id='word_1_241' title='bbox 1899 1250 2055 1295; x_wconf 90' lang='lat' dir='ltr'><strong>superat</strong></span> 
     </span>
     <span class='ocr_line' id='line_1_22' title="bbox 113 1305 535 1345; baseline 0 -2"><span class='ocrx_word' id='word_1_242' title='bbox 113 1305 262 1344; x_wconf 91' lang='lat' dir='ltr'><strong>infinita</strong></span> <span class='ocrx_word' id='word_1_243' title='bbox 289 1305 429 1345; x_wconf 88' lang='lat' dir='ltr'><strong>virtute</strong></span> <span class='ocrx_word' id='word_1_244' title='bbox 456 1317 535 1344; x_wconf 89' lang='lat' dir='ltr'><strong>sua.</strong></span> 
     </span>
    </p>

    <p class='ocr_par' dir='ltr' id='par_1_7' title="bbox 109 1352 2058 2795">
     <span class='ocr_line' id='line_1_23' title="bbox 165 1352 2052 1409; baseline -0.005 -12"><span class='ocrx_word' id='word_1_245' title='bbox 165 1360 313 1409; x_wconf 90' lang='lat' dir='ltr'><strong>Legem</strong></span> <span class='ocrx_word' id='word_1_246' title='bbox 341 1365 537 1398; x_wconf 84' lang='lat' dir='ltr'><strong>aeternam</strong></span> <span class='ocrx_word' id='word_1_247' title='bbox 565 1357 641 1396; x_wconf 90' lang='lat' dir='ltr'><strong>Dei</strong></span> <span class='ocrx_word' id='word_1_248' title='bbox 667 1358 746 1396; x_wconf 90' lang='lat' dir='ltr'><strong>hoc</strong></span> <span class='ocrx_word' id='word_1_249' title='bbox 774 1357 895 1396; x_wconf 88' lang='lat' dir='ltr'><strong>modo</strong></span> <span class='ocrx_word' id='word_1_250' title='bbox 925 1356 1152 1396; x_wconf 89' lang='lat' dir='ltr'><strong>definimus:</strong></span> <span class='ocrx_word' id='word_1_251' title='bbox 1183 1368 1268 1395; x_wconf 89' lang='lat' dir='ltr'><strong>esse</strong></span> <span class='ocrx_word' id='word_1_252' title='bbox 1289 1361 1504 1407; x_wconf 78' lang='lat' dir='ltr'><strong>conceptum</strong></span> <span class='ocrx_word' id='word_1_253' title='bbox 1524 1354 1792 1393; x_wconf 71' lang='lat' dir='ltr'><strong>immutabilem</strong></span> <span class='ocrx_word' id='word_1_254' title='bbox 1798 1352 2052 1402; x_wconf 77' lang='lat' dir='ltr'><strong>formamque</strong></span> 
     </span>
     <span class='ocr_line' id='line_1_24' title="bbox 115 1403 2055 1461; baseline -0.005 -11"><span class='ocrx_word' id='word_1_255' title='bbox 115 1414 280 1450; x_wconf 77' lang='lat' dir='ltr'><strong>rationis</strong></span> <span class='ocrx_word' id='word_1_256' title='bbox 319 1414 359 1450; x_wconf 80' lang='lat' dir='ltr'><strong>in</strong></span> <span class='ocrx_word' id='word_1_257' title='bbox 399 1414 488 1450; x_wconf 81' lang='lat' dir='ltr'><strong>Deo</strong></span> <span class='ocrx_word' id='word_1_258' title='bbox 526 1413 700 1461; x_wconf 73' lang='lat' dir='ltr'><strong>principe</strong></span> <span class='ocrx_word' id='word_1_259' title='bbox 738 1412 1003 1450; x_wconf 78' lang='lat' dir='ltr'><strong>vniuersitatis</strong></span> <span class='ocrx_word' id='word_1_260' title='bbox 1044 1411 1256 1448; x_wconf 70' lang='lat' dir='ltr'><strong>eaez&#39;stentem</strong></span> <span class='ocrx_word' id='word_1_261' title='bbox 1300 1415 1387 1448; x_wconf 77' lang='lat' dir='ltr'><strong>ante</strong></span> <span class='ocrx_word' id='word_1_262' title='bbox 1414 1410 1542 1446; x_wconf 85' lang='lat' dir='ltr'><strong>omnia</strong></span> <span class='ocrx_word' id='word_1_263' title='bbox 1569 1414 1765 1459; x_wconf 78' lang='lat' dir='ltr'><strong>tempora,</strong></span> <span class='ocrx_word' id='word_1_264' title='bbox 1793 1404 1976 1443; x_wconf 88' lang='lat' dir='ltr'><strong>nimirum</strong></span> <span class='ocrx_word' id='word_1_265' title='bbox 2003 1403 2055 1442; x_wconf 92' lang='lat' dir='ltr'><strong>ad</strong></span> 
     </span>
     <span class='ocr_line' id='line_1_25' title="bbox 111 1458 2055 1516; baseline -0.005 -13"><span class='ocrx_word' id='word_1_266' title='bbox 111 1477 320 1503; x_wconf 90' lang='lat' dir='ltr'><strong>commune</strong></span> <span class='ocrx_word' id='word_1_267' title='bbox 348 1467 517 1516; x_wconf 89' lang='lat' dir='ltr'><strong>bonum,</strong></span> <span class='ocrx_word' id='word_1_268' title='bbox 545 1472 662 1514; x_wconf 89' lang='lat' dir='ltr'><strong>prout</strong></span> <span class='ocrx_word' id='word_1_269' title='bbox 689 1465 728 1502; x_wconf 89' lang='lat' dir='ltr'><strong>in</strong></span> <span class='ocrx_word' id='word_1_270' title='bbox 753 1463 955 1502; x_wconf 87' lang='lat' dir='ltr'><strong>communi</strong></span> <span class='ocrx_word' id='word_1_271' title='bbox 983 1462 1209 1501; x_wconf 87' lang='lat' dir='ltr'><strong>definitione</strong></span> <span class='ocrx_word' id='word_1_272' title='bbox 1234 1463 1358 1500; x_wconf 86' lang='lat' dir='ltr'><strong>fuerat</strong></span> <span class='ocrx_word' id='word_1_273' title='bbox 1386 1463 1476 1500; x_wconf 84' lang='lat' dir='ltr'><strong>ante</strong></span> <span class='ocrx_word' id='word_1_274' title='bbox 1503 1460 1761 1512; x_wconf 89' lang='lat' dir='ltr'><strong>propositum.</strong></span> <span class='ocrx_word' id='word_1_275' title='bbox 1792 1458 1945 1507; x_wconf 86' lang='lat' dir='ltr'><strong>Quibus</strong></span> <span class='ocrx_word' id='word_1_276' title='bbox 1973 1469 2055 1495; x_wconf 91' lang='lat' dir='ltr'><strong>ver-</strong></span> 
     </span>
     <span class='ocr_line' id='line_1_26' title="bbox 112 1510 2053 1569; baseline -0.005 -12"><span class='ocrx_word' id='word_1_277' title='bbox 112 1519 171 1557; x_wconf 90' lang='lat' dir='ltr'><strong>bis</strong></span> <span class='ocrx_word' id='word_1_278' title='bbox 199 1520 346 1569; x_wconf 89' lang='lat' dir='ltr'><strong>Legem</strong></span> <span class='ocrx_word' id='word_1_279' title='bbox 376 1517 481 1556; x_wconf 92' lang='lat' dir='ltr'><strong>illam</strong></span> <span class='ocrx_word' id='word_1_280' title='bbox 510 1524 706 1556; x_wconf 88' lang='lat' dir='ltr'><strong>aeternam</strong></span> <span class='ocrx_word' id='word_1_281' title='bbox 737 1530 854 1568; x_wconf 89' lang='lat' dir='ltr'><strong>supra</strong></span> <span class='ocrx_word' id='word_1_282' title='bbox 876 1523 1056 1555; x_wconf 90' lang='lat' dir='ltr'><strong>naturam</strong></span> <span class='ocrx_word' id='word_1_283' title='bbox 1078 1518 1211 1567; x_wconf 88' lang='lat' dir='ltr'><strong>legum</strong></span> <span class='ocrx_word' id='word_1_284' title='bbox 1239 1515 1400 1554; x_wconf 90' lang='lat' dir='ltr'><strong>aliarum</strong></span> <span class='ocrx_word' id='word_1_285' title='bbox 1429 1514 1605 1553; x_wconf 90' lang='lat' dir='ltr'><strong>omnium</strong></span> <span class='ocrx_word' id='word_1_286' title='bbox 1635 1516 1692 1563; x_wconf 89' lang='lat' dir='ltr'><strong>(vt</strong></span> <span class='ocrx_word' id='word_1_287' title='bbox 1719 1512 1840 1551; x_wconf 77' lang='lat' dir='ltr'><strong>mode</strong></span> <span class='ocrx_word' id='word_1_288' title='bbox 1870 1510 2053 1559; x_wconf 87' lang='lat' dir='ltr'><strong>diximus)</strong></span> 
     </span>
     <span class='ocr_line' id='line_1_27' title="bbox 112 1564 2055 1622; baseline -0.005 -12"><span class='ocrx_word' id='word_1_289' title='bbox 112 1571 328 1610; x_wconf 85' lang='lat' dir='ltr'><strong>asserimus.</strong></span> <span class='ocrx_word' id='word_1_290' title='bbox 359 1573 463 1610; x_wconf 90' lang='lat' dir='ltr'><strong>Num</strong></span> <span class='ocrx_word' id='word_1_291' title='bbox 491 1571 559 1609; x_wconf 91' lang='lat' dir='ltr'><strong>vbi</strong></span> <span class='ocrx_word' id='word_1_292' title='bbox 586 1577 801 1622; x_wconf 73' lang='lat' dir='ltr'><strong>conceptum</strong></span> <span class='ocrx_word' id='word_1_293' title='bbox 830 1571 1099 1608; x_wconf 67' lang='lat' dir='ltr'><strong>inmutabilem</strong></span> <span class='ocrx_word' id='word_1_294' title='bbox 1117 1571 1358 1619; x_wconf 77' lang='lat' dir='ltr'><strong>firmamque</strong></span> <span class='ocrx_word' id='word_1_295' title='bbox 1373 1570 1539 1607; x_wconf 69' lang='lat' dir='ltr'><strong>rationis</strong></span> <span class='ocrx_word' id='word_1_296' title='bbox 1555 1569 1681 1618; x_wconf 88' lang='lat' dir='ltr'><strong>legem</strong></span> <span class='ocrx_word' id='word_1_297' title='bbox 1702 1574 1901 1605; x_wconf 82' lang='lat' dir='ltr'><strong>aeternam</strong></span> <span class='ocrx_word' id='word_1_298' title='bbox 1924 1564 2055 1614; x_wconf 87' lang='lat' dir='ltr'><strong>appel-</strong></span> 
     </span>
     <span class='ocr_line' id='line_1_28' title="bbox 109 1619 2054 1676; baseline -0.005 -13"><span class='ocrx_word' id='word_1_299' title='bbox 109 1626 247 1676; x_wconf 86' lang='lat' dir='ltr'><strong>lamus,</strong></span> <span class='ocrx_word' id='word_1_300' title='bbox 275 1637 416 1676; x_wconf 88' lang='lat' dir='ltr'><strong>purum</strong></span> <span class='ocrx_word' id='word_1_301' title='bbox 431 1632 568 1675; x_wconf 88' lang='lat' dir='ltr'><strong>putum</strong></span> <span class='ocrx_word' id='word_1_302' title='bbox 585 1631 716 1662; x_wconf 86' lang='lat' dir='ltr'><strong>actum</strong></span> <span class='ocrx_word' id='word_1_303' title='bbox 732 1637 815 1663; x_wconf 88' lang='lat' dir='ltr'><strong>esse</strong></span> <span class='ocrx_word' id='word_1_304' title='bbox 830 1625 1162 1662; x_wconf 87' lang='lat' dir='ltr'><strong>demonstramus:</strong></span> <span class='ocrx_word' id='word_1_305' title='bbox 1179 1622 1514 1673; x_wconf 69' lang='lat' dir='ltr'><strong>quemadmodum</strong></span> <span class='ocrx_word' id='word_1_306' title='bbox 1538 1622 1645 1659; x_wconf 90' lang='lat' dir='ltr'><strong>Deus</strong></span> <span class='ocrx_word' id='word_1_307' title='bbox 1668 1622 1769 1668; x_wconf 83' lang='grc' dir='ltr'><em>ἁπλῆ</em></span> <span class='ocrx_word' id='word_1_308' title='bbox 1786 1619 1957 1670; x_wconf 74' lang='grc' dir='ltr'><strong>ἐνέργεια</strong></span> <span class='ocrx_word' id='word_1_309' title='bbox 1986 1623 2054 1667; x_wconf 89' lang='lat' dir='ltr'><strong>est,</strong></span> 
     </span>
     <span class='ocr_line' id='line_1_29' title="bbox 112 1672 2054 1729; baseline -0.005 -12"><span class='ocrx_word' id='word_1_310' title='bbox 112 1680 135 1716; x_wconf 78' lang='lat' dir='ltr'><strong>a</strong></span> <span class='ocrx_word' id='word_1_311' title='bbox 163 1690 241 1728; x_wconf 92' lang='lat' dir='ltr'><strong>quo</strong></span> <span class='ocrx_word' id='word_1_312' title='bbox 271 1687 471 1729; x_wconf 88' lang='lat' dir='ltr'><strong>tamquam</strong></span> <span class='ocrx_word' id='word_1_313' title='bbox 500 1677 709 1716; x_wconf 90' lang='lat' dir='ltr'><strong>vniuersali</strong></span> <span class='ocrx_word' id='word_1_314' title='bbox 743 1677 935 1728; x_wconf 90' lang='lat' dir='ltr'><strong>principio</strong></span> <span class='ocrx_word' id='word_1_315' title='bbox 966 1690 1026 1716; x_wconf 91' lang='lat' dir='ltr'><strong>res</strong></span> <span class='ocrx_word' id='word_1_316' title='bbox 1056 1689 1192 1715; x_wconf 89' lang='lat' dir='ltr'><strong>omnes</strong></span> <span class='ocrx_word' id='word_1_317' title='bbox 1224 1676 1425 1714; x_wconf 88' lang='lat' dir='ltr'><strong>vniuersae</strong></span> <span class='ocrx_word' id='word_1_318' title='bbox 1453 1675 1637 1725; x_wconf 91' lang='lat' dir='ltr'><strong>pendent.</strong></span> <span class='ocrx_word' id='word_1_319' title='bbox 1690 1675 1792 1711; x_wconf 81' lang='lat' dir='ltr'><strong>Cum</strong></span> <span class='ocrx_word' id='word_1_320' title='bbox 1820 1680 1949 1709; x_wconf 88' lang='lat' dir='ltr'><strong>autem</strong></span> <span class='ocrx_word' id='word_1_321' title='bbox 1978 1672 2054 1709; x_wconf 89' lang='lat' dir='ltr'><strong>for-</strong></span> 
     </span>
     <span class='ocr_line' id='line_1_30' title="bbox 112 1723 2054 1780; baseline -0.005 -10"><span class='ocrx_word' id='word_1_322' title='bbox 112 1745 216 1770; x_wconf 90' lang='lat' dir='ltr'><strong>mam</strong></span> <span class='ocrx_word' id='word_1_323' title='bbox 257 1732 361 1770; x_wconf 90' lang='lat' dir='ltr'><strong>illam</strong></span> <span class='ocrx_word' id='word_1_324' title='bbox 389 1731 549 1770; x_wconf 87' lang='lat' dir='ltr'><strong>rationis</strong></span> <span class='ocrx_word' id='word_1_325' title='bbox 577 1734 599 1770; x_wconf 79' lang='lat' dir='ltr'><strong>a</strong></span> <span class='ocrx_word' id='word_1_326' title='bbox 627 1732 715 1769; x_wconf 92' lang='lat' dir='ltr'><strong>Deo</strong></span> <span class='ocrx_word' id='word_1_327' title='bbox 745 1733 780 1770; x_wconf 69' lang='grc' dir='ltr'><strong>δι</strong></span> <span class='ocrx_word' id='word_1_328' title='bbox 808 1731 848 1769; x_wconf 87' lang='lat' dir='ltr'><strong>in</strong></span> <span class='ocrx_word' id='word_1_329' title='bbox 877 1732 965 1769; x_wconf 89' lang='lat' dir='ltr'><strong>Deo</strong></span> <span class='ocrx_word' id='word_1_330' title='bbox 995 1737 1230 1780; x_wconf 87' lang='lat' dir='ltr'><strong>conceptam</strong></span> <span class='ocrx_word' id='word_1_331' title='bbox 1259 1742 1342 1768; x_wconf 89' lang='lat' dir='ltr'><strong>esse</strong></span> <span class='ocrx_word' id='word_1_332' title='bbox 1370 1728 1419 1766; x_wconf 86' lang='lat' dir='ltr'><strong>ad</strong></span> <span class='ocrx_word' id='word_1_333' title='bbox 1447 1739 1656 1767; x_wconf 90' lang='lat' dir='ltr'><strong>commune</strong></span> <span class='ocrx_word' id='word_1_334' title='bbox 1686 1727 1837 1764; x_wconf 91' lang='lat' dir='ltr'><strong>bonum</strong></span> <span class='ocrx_word' id='word_1_335' title='bbox 1867 1723 2054 1772; x_wconf 87' lang='lat' dir='ltr'><strong>dicimus,</strong></span> 
     </span>
     <span class='ocr_line' id='line_1_31' title="bbox 114 1781 2052 1835; baseline -0.004 -13"><span class='ocrx_word' id='word_1_336' title='bbox 114 1784 320 1824; x_wconf 77' lang='lat' dir='ltr'><strong>manifeste</strong></span> <span class='ocrx_word' id='word_1_337' title='bbox 362 1786 491 1835; x_wconf 90' lang='lat' dir='ltr'><strong>legem</strong></span> <span class='ocrx_word' id='word_1_338' title='bbox 528 1791 725 1823; x_wconf 89' lang='lat' dir='ltr'><strong>aeternam</strong></span> <span class='ocrx_word' id='word_1_339' title='bbox 753 1783 828 1823; x_wconf 92' lang='lat' dir='ltr'><strong>Dei</strong></span> <span class='ocrx_word' id='word_1_340' title='bbox 864 1787 888 1822; x_wconf 81' lang='lat' dir='ltr'><strong>a</strong></span> <span class='ocrx_word' id='word_1_341' title='bbox 913 1783 1064 1822; x_wconf 89' lang='lat' dir='ltr'><strong>ratione</strong></span> <span class='ocrx_word' id='word_1_342' title='bbox 1093 1783 1242 1833; x_wconf 88' lang='lat' dir='ltr'><strong>reliqua</strong></span> <span class='ocrx_word' id='word_1_343' title='bbox 1269 1782 1426 1821; x_wconf 90' lang='lat' dir='ltr'><strong>diuinae</strong></span> <span class='ocrx_word' id='word_1_344' title='bbox 1454 1781 1665 1832; x_wconf 86' lang='lat' dir='ltr'><strong>sapientiae</strong></span> <span class='ocrx_word' id='word_1_345' title='bbox 1694 1793 1785 1829; x_wconf 90' lang='lat' dir='ltr'><strong>erga</strong></span> <span class='ocrx_word' id='word_1_346' title='bbox 1813 1790 1873 1816; x_wconf 90' lang='lat' dir='ltr'><strong>res</strong></span> <span class='ocrx_word' id='word_1_347' title='bbox 1903 1784 2052 1815; x_wconf 85' lang='lat' dir='ltr'><strong>creatas</strong></span> 
     </span>
     <span class='ocr_line' id='line_1_32' title="bbox 113 1830 2054 1888; baseline -0.005 -11"><span class='ocrx_word' id='word_1_348' title='bbox 113 1837 259 1888; x_wconf 86' lang='lat' dir='ltr'><strong>agentis</strong></span> <span class='ocrx_word' id='word_1_349' title='bbox 288 1840 324 1876; x_wconf 69' lang='grc' dir='ltr'><strong>δι</strong></span> <span class='ocrx_word' id='word_1_350' title='bbox 352 1837 581 1888; x_wconf 88' lang='lat' dir='ltr'><strong>occupantis</strong></span> <span class='ocrx_word' id='word_1_351' title='bbox 610 1850 692 1877; x_wconf 90' lang='lat' dir='ltr'><strong>sese</strong></span> <span class='ocrx_word' id='word_1_352' title='bbox 720 1837 1005 1888; x_wconf 86' lang='lat' dir='ltr'><strong>distinguimus.</strong></span> <span class='ocrx_word' id='word_1_353' title='bbox 1055 1838 1158 1874; x_wconf 87' lang='lat' dir='ltr'><strong>Nam</strong></span> <span class='ocrx_word' id='word_1_354' title='bbox 1187 1835 1284 1874; x_wconf 87' lang='lat' dir='ltr'><strong>ratio</strong></span> <span class='ocrx_word' id='word_1_355' title='bbox 1314 1835 1468 1873; x_wconf 89' lang='lat' dir='ltr'><strong>diuinae</strong></span> <span class='ocrx_word' id='word_1_356' title='bbox 1495 1835 1595 1873; x_wconf 83' lang='lat' dir='ltr'><strong>illius</strong></span> <span class='ocrx_word' id='word_1_357' title='bbox 1624 1832 1853 1884; x_wconf 88' lang='lat' dir='ltr'><strong>sapientiae,</strong></span> <span class='ocrx_word' id='word_1_358' title='bbox 1888 1841 1987 1879; x_wconf 88' lang='lat' dir='ltr'><strong>quae</strong></span> <span class='ocrx_word' id='word_1_359' title='bbox 2016 1830 2054 1867; x_wconf 89' lang='lat' dir='ltr'><strong>in</strong></span> 
     </span>
     <span class='ocr_line' id='line_1_33' title="bbox 113 1883 2056 1943; baseline -0.005 -14"><span class='ocrx_word' id='word_1_360' title='bbox 113 1891 394 1931; x_wconf 91' lang='lat' dir='ltr'><strong>rebus&#39;creatis</strong></span> <span class='ocrx_word' id='word_1_361' title='bbox 422 1891 608 1943; x_wconf 89' lang='lat' dir='ltr'><strong>agendis,</strong></span> <span class='ocrx_word' id='word_1_362' title='bbox 646 1891 875 1942; x_wconf 89' lang='lat' dir='ltr'><strong>mouendis,</strong></span> <span class='ocrx_word' id='word_1_363' title='bbox 915 1892 950 1929; x_wconf 68' lang='grc' dir='ltr'><strong>δε</strong></span> <span class='ocrx_word' id='word_1_364' title='bbox 979 1889 1239 1930; x_wconf 91' lang='lat' dir='ltr'><strong>sustentandis</strong></span> <span class='ocrx_word' id='word_1_365' title='bbox 1267 1889 1428 1939; x_wconf 91' lang='lat' dir='ltr'><strong>emicat,</strong></span> <span class='ocrx_word' id='word_1_366' title='bbox 1457 1901 1503 1927; x_wconf 90' lang='lat' dir='ltr'><strong>ea</strong></span> <span class='ocrx_word' id='word_1_367' title='bbox 1525 1887 1565 1926; x_wconf 93' lang='lat' dir='ltr'><strong>in</strong></span> <span class='ocrx_word' id='word_1_368' title='bbox 1589 1889 1705 1926; x_wconf 90' lang='lat' dir='ltr'><strong>rebus</strong></span> <span class='ocrx_word' id='word_1_369' title='bbox 1736 1884 1920 1924; x_wconf 89' lang='lat' dir='ltr'><strong>omnibus</strong></span> <span class='ocrx_word' id='word_1_370' title='bbox 1948 1883 2056 1921; x_wconf 92' lang='lat' dir='ltr'><strong>omni</strong></span> 
     </span>
     <span class='ocr_line' id='line_1_34' title="bbox 114 1936 2054 1995; baseline -0.005 -12"><span class='ocrx_word' id='word_1_371' title='bbox 114 1952 292 1995; x_wconf 90' lang='lat' dir='ltr'><strong>tempore</strong></span> <span class='ocrx_word' id='word_1_372' title='bbox 336 1952 571 1995; x_wconf 87' lang='lat' dir='ltr'><strong>occupatur:</strong></span> <span class='ocrx_word' id='word_1_373' title='bbox 614 1945 692 1983; x_wconf 87' lang='lat' dir='ltr'><strong>Sed</strong></span> <span class='ocrx_word' id='word_1_374' title='bbox 734 1945 782 1983; x_wconf 90' lang='lat' dir='ltr'><strong>de</strong></span> <span class='ocrx_word' id='word_1_375' title='bbox 826 1957 871 1982; x_wconf 91' lang='lat' dir='ltr'><strong>ea</strong></span> <span class='ocrx_word' id='word_1_376' title='bbox 909 1945 1036 1983; x_wconf 78' lang='lat' dir='ltr'><strong>solum</strong></span> <span class='ocrx_word' id='word_1_377' title='bbox 1077 1944 1228 1982; x_wconf 90' lang='lat' dir='ltr'><strong>ratione</strong></span> <span class='ocrx_word' id='word_1_378' title='bbox 1263 1942 1419 1981; x_wconf 90' lang='lat' dir='ltr'><strong>diuinae</strong></span> <span class='ocrx_word' id='word_1_379' title='bbox 1444 1941 1655 1992; x_wconf 87' lang='lat' dir='ltr'><strong>sapientiae</strong></span> <span class='ocrx_word' id='word_1_380' title='bbox 1683 1940 1878 1978; x_wconf 91' lang='lat' dir='ltr'><strong>hocloco</strong></span> <span class='ocrx_word' id='word_1_381' title='bbox 1907 1936 2054 1986; x_wconf 87' lang='lat' dir='ltr'><strong>agitur,</strong></span> 
     </span>
     <span class='ocr_line' id='line_1_35' title="bbox 114 1990 2055 2048; baseline -0.005 -11"><span class='ocrx_word' id='word_1_382' title='bbox 114 2010 213 2048; x_wconf 90' lang='lat' dir='ltr'><strong>quae</strong></span> <span class='ocrx_word' id='word_1_383' title='bbox 241 1999 420 2037; x_wconf 90' lang='lat' dir='ltr'><strong>homines</strong></span> <span class='ocrx_word' id='word_1_384' title='bbox 441 1999 593 2037; x_wconf 87' lang='lat' dir='ltr'><strong>ratione</strong></span> <span class='ocrx_word' id='word_1_385' title='bbox 621 1998 819 2048; x_wconf 90' lang='lat' dir='ltr'><strong>praeditos</strong></span> <span class='ocrx_word' id='word_1_386' title='bbox 846 1997 1009 2036; x_wconf 83' lang='lat' dir='ltr'><strong>instituit</strong></span> <span class='ocrx_word' id='word_1_387' title='bbox 1034 1996 1074 2035; x_wconf 91' lang='lat' dir='ltr'><strong>in</strong></span> <span class='ocrx_word' id='word_1_388' title='bbox 1101 1996 1355 2047; x_wconf 90' lang='lat' dir='ltr'><strong>perceptione</strong></span> <span class='ocrx_word' id='word_1_389' title='bbox 1382 1995 1522 2046; x_wconf 82' lang='lat' dir='ltr'><strong>ipsius,</strong></span> <span class='ocrx_word' id='word_1_390' title='bbox 1557 2001 1597 2032; x_wconf 93' lang='lat' dir='ltr'><strong>vt</strong></span> <span class='ocrx_word' id='word_1_391' title='bbox 1624 2007 1671 2032; x_wconf 87' lang='lat' dir='ltr'><strong>ea</strong></span> <span class='ocrx_word' id='word_1_392' title='bbox 1694 1998 1876 2044; x_wconf 84' lang='lat' dir='ltr'><strong>percepta</strong></span> <span class='ocrx_word' id='word_1_393' title='bbox 1908 1990 1958 2028; x_wconf 89' lang='lat' dir='ltr'><strong>ad</strong></span> <span class='ocrx_word' id='word_1_394' title='bbox 1987 1990 2055 2028; x_wconf 91' lang='lat' dir='ltr'><strong>ob·</strong></span> 
     </span>
     <span class='ocr_line' id='line_1_36' title="bbox 113 2042 2056 2102; baseline -0.005 -13"><span class='ocrx_word' id='word_1_395' title='bbox 113 2051 291 2101; x_wconf 89' lang='lat' dir='ltr'><strong>sequium</strong></span> <span class='ocrx_word' id='word_1_396' title='bbox 318 2051 480 2102; x_wconf 89' lang='lat' dir='ltr'><strong>iustum,</strong></span> <span class='ocrx_word' id='word_1_397' title='bbox 516 2051 704 2091; x_wconf 87' lang='lat' dir='ltr'><strong>faciendis</strong></span> <span class='ocrx_word' id='word_1_398' title='bbox 731 2051 855 2102; x_wconf 83' lang='lat' dir='ltr'><strong>iustis,</strong></span> <span class='ocrx_word' id='word_1_399' title='bbox 887 2048 1170 2100; x_wconf 78' lang='lat' dir='ltr'><strong>contrariisque</strong></span> <span class='ocrx_word' id='word_1_400' title='bbox 1198 2048 1410 2101; x_wconf 82' lang='lat' dir='ltr'><strong>fugiendis,</strong></span> <span class='ocrx_word' id='word_1_401' title='bbox 1439 2049 1684 2087; x_wconf 85' lang='lat' dir='ltr'><strong>adducantur</strong></span> <span class='ocrx_word' id='word_1_402' title='bbox 1713 2043 1933 2084; x_wconf 86' lang='lat' dir='ltr'><strong>communis</strong></span> <span class='ocrx_word' id='word_1_403' title='bbox 1960 2042 2056 2081; x_wconf 91' lang='lat' dir='ltr'><strong>boni</strong></span> 
     </span>
     <span class='ocr_line' id='line_1_37' title="bbox 114 2096 2056 2156; baseline -0.005 -13"><span class='ocrx_word' id='word_1_404' title='bbox 114 2105 465 2156; x_wconf 85' lang='lat' dir='ltr'><strong>contemplatione,</strong></span> <span class='ocrx_word' id='word_1_405' title='bbox 508 2104 547 2143; x_wconf 89' lang='lat' dir='ltr'><strong>in</strong></span> <span class='ocrx_word' id='word_1_406' title='bbox 582 2117 660 2155; x_wconf 93' lang='lat' dir='ltr'><strong>quo</strong></span> <span class='ocrx_word' id='word_1_407' title='bbox 700 2105 814 2143; x_wconf 89' lang='lat' dir='ltr'><strong>etiam</strong></span> <span class='ocrx_word' id='word_1_408' title='bbox 841 2104 1037 2155; x_wconf 89' lang='lat' dir='ltr'><strong>priuatum</strong></span> <span class='ocrx_word' id='word_1_409' title='bbox 1066 2106 1123 2152; x_wconf 88' lang='lat' dir='ltr'><strong>(vt</strong></span> <span class='ocrx_word' id='word_1_410' title='bbox 1151 2105 1243 2141; x_wconf 83' lang='lat' dir='ltr'><strong>ante</strong></span> <span class='ocrx_word' id='word_1_411' title='bbox 1268 2101 1579 2153; x_wconf 84' lang='lat' dir='ltr'><strong>perstrinximus)</strong></span> <span class='ocrx_word' id='word_1_412' title='bbox 1607 2103 1642 2139; x_wconf 65' lang='grc' dir='ltr'><strong>δι</strong></span> <span class='ocrx_word' id='word_1_413' title='bbox 1670 2099 1904 2150; x_wconf 85' lang='lat' dir='ltr'><strong>particulare</strong></span> <span class='ocrx_word' id='word_1_414' title='bbox 1926 2096 2056 2135; x_wconf 88' lang='lat' dir='ltr'><strong>situm.</strong></span> 
     </span>
     <span class='ocr_line' id='line_1_38' title="bbox 115 2150 2056 2209; baseline -0.005 -12"><span class='ocrx_word' id='word_1_415' title='bbox 115 2159 365 2209; x_wconf 88' lang='lat' dir='ltr'><strong>Quapropter</strong></span> <span class='ocrx_word' id='word_1_416' title='bbox 406 2158 556 2209; x_wconf 87' lang='lat' dir='ltr'><strong>optimo</strong></span> <span class='ocrx_word' id='word_1_417' title='bbox 597 2159 679 2197; x_wconf 85' lang='lat' dir='ltr'><strong>iure</strong></span> <span class='ocrx_word' id='word_1_418' title='bbox 716 2158 808 2196; x_wconf 88' lang='lat' dir='ltr'><strong>huic</strong></span> <span class='ocrx_word' id='word_1_419' title='bbox 841 2157 918 2208; x_wconf 89' lang='lat' dir='ltr'><strong>legi</strong></span> <span class='ocrx_word' id='word_1_420' title='bbox 944 2159 1027 2196; x_wconf 88' lang='lat' dir='ltr'><strong>laus</strong></span> <span class='ocrx_word' id='word_1_421' title='bbox 1057 2157 1122 2195; x_wconf 90' lang='lat' dir='ltr'><strong>illa</strong></span> <span class='ocrx_word' id='word_1_422' title='bbox 1149 2157 1358 2195; x_wconf 87' lang='lat' dir='ltr'><strong>asserenda</strong></span> <span class='ocrx_word' id='word_1_423' title='bbox 1385 2163 1463 2207; x_wconf 90' lang='lat' dir='ltr'><strong>est,</strong></span> <span class='ocrx_word' id='word_1_424' title='bbox 1497 2166 1616 2204; x_wconf 89' lang='lat' dir='ltr'><strong>quam</strong></span> <span class='ocrx_word' id='word_1_425' title='bbox 1643 2152 1865 2191; x_wconf 87' lang='lat' dir='ltr'><strong>humanitus</strong></span> <span class='ocrx_word' id='word_1_426' title='bbox 1893 2150 1942 2188; x_wconf 91' lang='lat' dir='ltr'><strong>de</strong></span> <span class='ocrx_word' id='word_1_427' title='bbox 1970 2151 2056 2200; x_wconf 90' lang='lat' dir='ltr'><strong>lege</strong></span> 
     </span>
     <span class='ocr_line' id='line_1_39' title="bbox 114 2205 2052 2262; baseline -0.005 -12"><span class='ocrx_word' id='word_1_428' title='bbox 114 2212 354 2262; x_wconf 88' lang='lat' dir='ltr'><strong>Chrysippus</strong></span> <span class='ocrx_word' id='word_1_429' title='bbox 382 2212 695 2262; x_wconf 89' lang='lat' dir='ltr'><strong>praedicauerat,</strong></span> <span class='ocrx_word' id='word_1_430' title='bbox 723 2213 843 2250; x_wconf 90' lang='lat' dir='ltr'><strong>Hanc</strong></span> <span class='ocrx_word' id='word_1_431' title='bbox 870 2211 1046 2262; x_wconf 90' lang='lat' dir='ltr'><strong>reginam</strong></span> <span class='ocrx_word' id='word_1_432' title='bbox 1075 2223 1177 2261; x_wconf 88' lang='lat' dir='ltr'><strong>esse,</strong></span> <span class='ocrx_word' id='word_1_433' title='bbox 1206 2208 1443 2260; x_wconf 85' lang='lat' dir='ltr'><strong>praesidem,</strong></span> <span class='ocrx_word' id='word_1_434' title='bbox 1477 2208 1794 2258; x_wconf 78' lang='lat' dir='ltr'><strong>principemque,</strong></span> <span class='ocrx_word' id='word_1_435' title='bbox 1811 2205 2052 2242; x_wconf 85' lang='lat' dir='ltr'><strong>&amp;iustorum</strong></span> 
     </span>
     <span class='ocr_line' id='line_1_40' title="bbox 113 2256 2055 2315; baseline -0.005 -12"><span class='ocrx_word' id='word_1_436' title='bbox 113 2264 424 2315; x_wconf 81' lang='lat' dir='ltr'><strong>iniustorumque</strong></span> <span class='ocrx_word' id='word_1_437' title='bbox 465 2266 657 2315; x_wconf 89' lang='lat' dir='ltr'><strong>regulam,</strong></span> <span class='ocrx_word' id='word_1_438' title='bbox 699 2264 762 2303; x_wconf 89' lang='lat' dir='ltr'><strong>cui</strong></span> <span class='ocrx_word' id='word_1_439' title='bbox 798 2265 978 2315; x_wconf 87' lang='lat' dir='ltr'><strong>politicas</strong></span> <span class='ocrx_word' id='word_1_440' title='bbox 1020 2263 1236 2302; x_wconf 89' lang='lat' dir='ltr'><strong>animantes</strong></span> <span class='ocrx_word' id='word_1_441' title='bbox 1275 2264 1309 2301; x_wconf 89' lang='lat'>&amp;</span> <span class='ocrx_word' id='word_1_442' title='bbox 1339 2262 1502 2301; x_wconf 87' lang='lat' dir='ltr'><strong>sociales</strong></span> <span class='ocrx_word' id='word_1_443' title='bbox 1531 2273 1670 2300; x_wconf 88' lang='lat' dir='ltr'><strong>omnes</strong></span> <span class='ocrx_word' id='word_1_444' title='bbox 1697 2271 1796 2310; x_wconf 89' lang='lat' dir='ltr'><strong>opus</strong></span> <span class='ocrx_word' id='word_1_445' title='bbox 1825 2256 1872 2296; x_wconf 91' lang='lat' dir='ltr'><strong>sit</strong></span> <span class='ocrx_word' id='word_1_446' title='bbox 1900 2257 2055 2294; x_wconf 89' lang='lat' dir='ltr'><strong>confor-</strong></span> 
     </span>
     <span class='ocr_line' id='line_1_41' title="bbox 115 2309 2056 2370; baseline -0.005 -15"><span class='ocrx_word' id='word_1_447' title='bbox 115 2318 226 2358; x_wconf 86' lang='lat' dir='ltr'><strong>mari.</strong></span> <span class='ocrx_word' id='word_1_448' title='bbox 254 2320 368 2357; x_wconf 90' lang='lat' dir='ltr'><strong>Haec</strong></span> <span class='ocrx_word' id='word_1_449' title='bbox 396 2318 500 2358; x_wconf 88' lang='lat' dir='ltr'><strong>enim</strong></span> <span class='ocrx_word' id='word_1_450' title='bbox 529 2331 598 2368; x_wconf 91' lang='lat' dir='ltr'><strong>per</strong></span> <span class='ocrx_word' id='word_1_451' title='bbox 625 2331 666 2357; x_wconf 91' lang='lat' dir='ltr'><strong>se</strong></span> <span class='ocrx_word' id='word_1_452' title='bbox 694 2320 826 2369; x_wconf 89' lang='lat' dir='ltr'><strong>regula</strong></span> <span class='ocrx_word' id='word_1_453' title='bbox 855 2325 933 2370; x_wconf 88' lang='lat' dir='ltr'><strong>est,</strong></span> <span class='ocrx_word' id='word_1_454' title='bbox 970 2330 1051 2357; x_wconf 91' lang='lat' dir='ltr'><strong>non</strong></span> <span class='ocrx_word' id='word_1_455' title='bbox 1080 2326 1209 2356; x_wconf 87' lang='lat' dir='ltr'><strong>autem</strong></span> <span class='ocrx_word' id='word_1_456' title='bbox 1237 2317 1368 2367; x_wconf 91' lang='lat' dir='ltr'><strong>dono,</strong></span> <span class='ocrx_word' id='word_1_457' title='bbox 1398 2313 1778 2362; x_wconf 89' lang='lat' dir='ltr'><strong>communicatione,</strong></span> <span class='ocrx_word' id='word_1_458' title='bbox 1806 2318 1873 2349; x_wconf 90' lang='lat' dir='ltr'><strong>aut</strong></span> <span class='ocrx_word' id='word_1_459' title='bbox 1902 2309 2056 2360; x_wconf 85' lang='lat' dir='ltr'><strong>partici-</strong></span> 
     </span>
     <span class='ocr_line' id='line_1_42' title="bbox 114 2365 2053 2422; baseline -0.005 -12"><span class='ocrx_word' id='word_1_460' title='bbox 114 2371 272 2422; x_wconf 90' lang='lat' dir='ltr'><strong>patione</strong></span> <span class='ocrx_word' id='word_1_461' title='bbox 301 2372 445 2410; x_wconf 86' lang='lat' dir='ltr'><strong>aliena:</strong></span> <span class='ocrx_word' id='word_1_462' title='bbox 473 2373 589 2410; x_wconf 90' lang='lat' dir='ltr'><strong>Haec</strong></span> <span class='ocrx_word' id='word_1_463' title='bbox 612 2378 769 2410; x_wconf 88' lang='lat' dir='ltr'><strong>aeterna</strong></span> <span class='ocrx_word' id='word_1_464' title='bbox 797 2378 913 2422; x_wconf 90' lang='lat' dir='ltr'><strong>atque</strong></span> <span class='ocrx_word' id='word_1_465' title='bbox 944 2371 1076 2410; x_wconf 88' lang='lat' dir='ltr'><strong>diuina</strong></span> <span class='ocrx_word' id='word_1_466' title='bbox 1107 2377 1185 2421; x_wconf 91' lang='lat' dir='ltr'><strong>est,</strong></span> <span class='ocrx_word' id='word_1_467' title='bbox 1214 2375 1341 2420; x_wconf 83' lang='lat' dir='ltr'><strong>eoque</strong></span> <span class='ocrx_word' id='word_1_468' title='bbox 1369 2368 1605 2419; x_wconf 87' lang='lat' dir='ltr'><strong>principium</strong></span> <span class='ocrx_word' id='word_1_469' title='bbox 1620 2366 1854 2405; x_wconf 90' lang='lat' dir='ltr'><strong>vniuersale:</strong></span> <span class='ocrx_word' id='word_1_470' title='bbox 1873 2365 1908 2401; x_wconf 69' lang='grc' dir='ltr'><strong>δι</strong></span> <span class='ocrx_word' id='word_1_471' title='bbox 1925 2375 2053 2401; x_wconf 83' lang='lat' dir='ltr'><strong>exem-</strong></span> 
     </span>
     <span class='ocr_line' id='line_1_43' title="bbox 115 2415 2052 2476; baseline -0.005 -14"><span class='ocrx_word' id='word_1_472' title='bbox 115 2426 199 2474; x_wconf 91' lang='lat' dir='ltr'><strong>plar</strong></span> <span class='ocrx_word' id='word_1_473' title='bbox 234 2427 455 2476; x_wconf 86' lang='lat' dir='ltr'><strong>regularum</strong></span> <span class='ocrx_word' id='word_1_474' title='bbox 484 2425 647 2463; x_wconf 89' lang='lat' dir='ltr'><strong>aliarum</strong></span> <span class='ocrx_word' id='word_1_475' title='bbox 675 2424 870 2463; x_wconf 90' lang='lat' dir='ltr'><strong>omnium:</strong></span> <span class='ocrx_word' id='word_1_476' title='bbox 900 2426 998 2463; x_wconf 89' lang='lat' dir='ltr'><strong>haec</strong></span> <span class='ocrx_word' id='word_1_477' title='bbox 1026 2423 1299 2473; x_wconf 85' lang='lat' dir='ltr'><strong>immutabilis,</strong></span> <span class='ocrx_word' id='word_1_478' title='bbox 1328 2436 1375 2460; x_wconf 86' lang='lat' dir='ltr'><strong>ac</strong></span> <span class='ocrx_word' id='word_1_479' title='bbox 1402 2421 1569 2472; x_wconf 87' lang='lat' dir='ltr'><strong>proinde</strong></span> <span class='ocrx_word' id='word_1_480' title='bbox 1599 2423 1654 2469; x_wconf 92' lang='lat' dir='ltr'><strong>(vt</strong></span> <span class='ocrx_word' id='word_1_481' title='bbox 1682 2431 1774 2458; x_wconf 89' lang='lat' dir='ltr'><strong>cum</strong></span> <span class='ocrx_word' id='word_1_482' title='bbox 1802 2415 2052 2456; x_wconf 83' lang='lat' dir='ltr'><strong>Scholasticis</strong></span> 
     </span>
     <span class='ocr_line' id='line_1_44' title="bbox 114 2469 2058 2529; baseline -0.006 -12"><span class='ocrx_word' id='word_1_483' title='bbox 114 2479 334 2528; x_wconf 88' lang='lat' dir='ltr'><strong>loquamur)</strong></span> <span class='ocrx_word' id='word_1_484' title='bbox 363 2491 565 2529; x_wconf 88' lang='lat' dir='ltr'><strong>nunquam</strong></span> <span class='ocrx_word' id='word_1_485' title='bbox 592 2479 642 2517; x_wconf 89' lang='lat' dir='ltr'><strong>ab</strong></span> <span class='ocrx_word' id='word_1_486' title='bbox 671 2479 744 2517; x_wconf 83' lang='lat' dir='ltr'><strong>alia</strong></span> <span class='ocrx_word' id='word_1_487' title='bbox 765 2479 843 2516; x_wconf 89' lang='lat' dir='ltr'><strong>vlla</strong></span> <span class='ocrx_word' id='word_1_488' title='bbox 869 2480 956 2529; x_wconf 87' lang='lat' dir='ltr'><strong>lege</strong></span> <span class='ocrx_word' id='word_1_489' title='bbox 984 2479 1192 2528; x_wconf 84' lang='lat' dir='ltr'><strong>regulatur.</strong></span> <span class='ocrx_word' id='word_1_490' title='bbox 1222 2477 1417 2527; x_wconf 88' lang='lat' dir='ltr'><strong>Regulam</strong></span> <span class='ocrx_word' id='word_1_491' title='bbox 1447 2475 1550 2513; x_wconf 89' lang='lat' dir='ltr'><strong>enim</strong></span> <span class='ocrx_word' id='word_1_492' title='bbox 1580 2474 1662 2513; x_wconf 87' lang='lat' dir='ltr'><strong>aliis</strong></span> <span class='ocrx_word' id='word_1_493' title='bbox 1693 2471 1877 2511; x_wconf 85' lang='lat' dir='ltr'><strong>omnibus</strong></span> <span class='ocrx_word' id='word_1_494' title='bbox 1897 2469 2058 2508; x_wconf 87' lang='lat' dir='ltr'><strong>adhibet</strong></span> 
     </span>
     <span class='ocr_line' id='line_1_45' title="bbox 116 2522 2058 2582; baseline -0.005 -13"><span class='ocrx_word' id='word_1_495' title='bbox 116 2532 491 2582; x_wconf 88' lang='lat' dir='ltr'><strong>constantissimam,</strong></span> <span class='ocrx_word' id='word_1_496' title='bbox 535 2532 618 2582; x_wconf 84' lang='lat' dir='ltr'><strong>ipsa</strong></span> <span class='ocrx_word' id='word_1_497' title='bbox 662 2545 738 2570; x_wconf 90' lang='lat' dir='ltr'><strong>vna</strong></span> <span class='ocrx_word' id='word_1_498' title='bbox 766 2533 801 2570; x_wconf 65' lang='grc' dir='ltr'>ἃ</span> <span class='ocrx_word' id='word_1_499' title='bbox 830 2532 969 2570; x_wconf 87' lang='lat' dir='ltr'><strong>eadem</strong></span> <span class='ocrx_word' id='word_1_500' title='bbox 1003 2530 1264 2569; x_wconf 90' lang='lat' dir='ltr'><strong>indesinenter</strong></span> <span class='ocrx_word' id='word_1_501' title='bbox 1290 2541 1543 2580; x_wconf 86' lang='lat' dir='ltr'><strong>permanens,</strong></span> <span class='ocrx_word' id='word_1_502' title='bbox 1584 2540 1664 2566; x_wconf 92' lang='lat' dir='ltr'><strong>non</strong></span> <span class='ocrx_word' id='word_1_503' title='bbox 1693 2527 1767 2564; x_wconf 87' lang='lat' dir='ltr'><strong>alia</strong></span> <span class='ocrx_word' id='word_1_504' title='bbox 1795 2524 1878 2571; x_wconf 76' lang='lat' dir='ltr'><strong>hic,</strong></span> <span class='ocrx_word' id='word_1_505' title='bbox 1917 2525 1951 2562; x_wconf 84' lang='lat'>&amp;</span> <span class='ocrx_word' id='word_1_506' title='bbox 1983 2522 2058 2560; x_wconf 89' lang='lat' dir='ltr'><strong>alia</strong></span> 
     </span>
     <span class='ocr_line' id='line_1_46' title="bbox 115 2577 2057 2635; baseline -0.005 -13"><span class='ocrx_word' id='word_1_507' title='bbox 115 2584 233 2635; x_wconf 88' lang='lat' dir='ltr'><strong>alibi,</strong></span> <span class='ocrx_word' id='word_1_508' title='bbox 275 2598 349 2624; x_wconf 90' lang='lat' dir='ltr'><strong>nec</strong></span> <span class='ocrx_word' id='word_1_509' title='bbox 386 2586 479 2624; x_wconf 87' lang='lat' dir='ltr'><strong>alias</strong></span> <span class='ocrx_word' id='word_1_510' title='bbox 519 2586 628 2623; x_wconf 85' lang='lat' dir='ltr'><strong>aliter</strong></span> <span class='ocrx_word' id='word_1_511' title='bbox 668 2587 724 2634; x_wconf 89' lang='lat' dir='ltr'><strong>(vt</strong></span> <span class='ocrx_word' id='word_1_512' title='bbox 759 2585 998 2635; x_wconf 84' lang='lat' dir='ltr'><strong>Augustinus</strong></span> <span class='ocrx_word' id='word_1_513' title='bbox 1027 2583 1216 2633; x_wconf 88' lang='lat' dir='ltr'><strong>loquitur)</strong></span> <span class='ocrx_word' id='word_1_514' title='bbox 1245 2583 1314 2622; x_wconf 88' lang='lat' dir='ltr'><strong>sed</strong></span> <span class='ocrx_word' id='word_1_515' title='bbox 1342 2581 1611 2621; x_wconf 87' lang='lat' dir='ltr'><strong>aeternitatem</strong></span> <span class='ocrx_word' id='word_1_516' title='bbox 1640 2591 1748 2618; x_wconf 86' lang='lat' dir='ltr'><strong>suam</strong></span> <span class='ocrx_word' id='word_1_517' title='bbox 1778 2577 2057 2624; x_wconf 80' lang='lat' dir='ltr'><strong>veritatemque</strong></span> 
     </span>
     <span class='ocr_line' id='line_1_47' title="bbox 115 2631 2058 2689; baseline -0.005 -13"><span class='ocrx_word' id='word_1_518' title='bbox 115 2638 399 2678; x_wconf 88' lang='lat' dir='ltr'><strong>immutabilem</strong></span> <span class='ocrx_word' id='word_1_519' title='bbox 439 2639 478 2676; x_wconf 90' lang='lat' dir='ltr'><strong>in</strong></span> <span class='ocrx_word' id='word_1_520' title='bbox 519 2640 607 2677; x_wconf 90' lang='lat' dir='ltr'><strong>Deo</strong></span> <span class='ocrx_word' id='word_1_521' title='bbox 637 2650 753 2689; x_wconf 88' lang='lat' dir='ltr'><strong>supra</strong></span> <span class='ocrx_word' id='word_1_522' title='bbox 781 2651 841 2677; x_wconf 90' lang='lat' dir='ltr'><strong>res</strong></span> <span class='ocrx_word' id='word_1_523' title='bbox 870 2650 1008 2676; x_wconf 89' lang='lat' dir='ltr'><strong>omnes</strong></span> <span class='ocrx_word' id='word_1_524' title='bbox 1037 2637 1267 2687; x_wconf 79' lang='lat' dir='ltr'><strong>regulasque</strong></span> <span class='ocrx_word' id='word_1_525' title='bbox 1295 2648 1468 2674; x_wconf 88' lang='lat' dir='ltr'><strong>asserens</strong></span> <span class='ocrx_word' id='word_1_526' title='bbox 1498 2637 1533 2674; x_wconf 83' lang='lat'>&amp;</span> <span class='ocrx_word' id='word_1_527' title='bbox 1561 2633 1670 2673; x_wconf 90' lang='lat' dir='ltr'><strong>omni</strong></span> <span class='ocrx_word' id='word_1_528' title='bbox 1698 2631 1916 2671; x_wconf 87' lang='lat' dir='ltr'><strong>mutatione</strong></span> <span class='ocrx_word' id='word_1_529' title='bbox 1941 2636 2058 2678; x_wconf 88' lang='lat' dir='ltr'><strong>atque</strong></span> 
     </span>
     <span class='ocr_line' id='line_1_48' title="bbox 116 2682 2057 2738; baseline -0.005 -9"><span class='ocrx_word' id='word_1_530' title='bbox 116 2691 283 2730; x_wconf 90' lang='lat' dir='ltr'><strong>interitu.</strong></span> <span class='ocrx_word' id='word_1_531' title='bbox 312 2692 525 2730; x_wconf 79' lang='lat' dir='ltr'><strong>Enimuere</strong></span> <span class='ocrx_word' id='word_1_532' title='bbox 554 2703 623 2730; x_wconf 92' lang='lat' dir='ltr'><strong>cur</strong></span> <span class='ocrx_word' id='word_1_533' title='bbox 649 2705 731 2731; x_wconf 92' lang='lat' dir='ltr'><strong>non</strong></span> <span class='ocrx_word' id='word_1_534' title='bbox 758 2692 949 2730; x_wconf 86' lang='lat' dir='ltr'><strong>habeatur</strong></span> <span class='ocrx_word' id='word_1_535' title='bbox 975 2698 1135 2729; x_wconf 88' lang='lat' dir='ltr'><strong>aeterna</strong></span> <span class='ocrx_word' id='word_1_536' title='bbox 1160 2691 1196 2728; x_wconf 84' lang='lat'>&amp;</span> <span class='ocrx_word' id='word_1_537' title='bbox 1217 2689 1469 2728; x_wconf 91' lang='lat' dir='ltr'><strong>immutabilis</strong></span> <span class='ocrx_word' id='word_1_538' title='bbox 1484 2689 1616 2738; x_wconf 81' lang='lat' dir='ltr'><strong>regula</strong></span> <span class='ocrx_word' id='word_1_539' title='bbox 1631 2687 1852 2737; x_wconf 86' lang='lat' dir='ltr'><strong>regularum</strong></span> <span class='ocrx_word' id='word_1_540' title='bbox 1868 2682 2057 2727; x_wconf 77' lang='lat' dir='ltr'><strong>omnium,</strong></span> 
     </span>
     <span class='ocr_line' id='line_1_49' title="bbox 117 2734 2056 2795; baseline -0.005 -13"><span class='ocrx_word' id='word_1_541' title='bbox 117 2746 206 2783; x_wconf 81' lang='lat' dir='ltr'><strong>cum</strong></span> <span class='ocrx_word' id='word_1_542' title='bbox 248 2745 341 2783; x_wconf 88' lang='lat' dir='ltr'><strong>nihil</strong></span> <span class='ocrx_word' id='word_1_543' title='bbox 383 2745 488 2784; x_wconf 91' lang='lat' dir='ltr'><strong>aliud</strong></span> <span class='ocrx_word' id='word_1_544' title='bbox 525 2745 572 2784; x_wconf 90' lang='lat' dir='ltr'><strong>sit</strong></span> <span class='ocrx_word' id='word_1_545' title='bbox 611 2747 675 2784; x_wconf 88' lang='lat' dir='ltr'><strong>lex</strong></span> <span class='ocrx_word' id='word_1_546' title='bbox 701 2745 792 2795; x_wconf 89' lang='lat' dir='ltr'><strong>ista,</strong></span> <span class='ocrx_word' id='word_1_547' title='bbox 821 2747 940 2795; x_wconf 71' lang='lat' dir='ltr'><strong>quam</strong></span> <span class='ocrx_word' id='word_1_548' title='bbox 966 2743 1159 2794; x_wconf 89' lang='lat' dir='ltr'><strong>ipsissima</strong></span> <span class='ocrx_word' id='word_1_549' title='bbox 1186 2742 1261 2782; x_wconf 90' lang='lat' dir='ltr'><strong>Dei</strong></span> <span class='ocrx_word' id='word_1_550' title='bbox 1290 2742 1498 2793; x_wconf 82' lang='lat' dir='ltr'><strong>sapientia,</strong></span> <span class='ocrx_word' id='word_1_551' title='bbox 1526 2740 1719 2780; x_wconf 89' lang='lat' dir='ltr'><strong>rationem</strong></span> <span class='ocrx_word' id='word_1_552' title='bbox 1746 2738 1835 2777; x_wconf 90' lang='lat' dir='ltr'><strong>iusti</strong></span> <span class='ocrx_word' id='word_1_553' title='bbox 1863 2740 1897 2776; x_wconf 83' lang='lat'>&amp;</span> <span class='ocrx_word' id='word_1_554' title='bbox 1926 2734 2056 2774; x_wconf 88' lang='lat' dir='ltr'><strong>iniusti</strong></span> 
     </span>
    </p>
   </div>
   <div class='ocr_carea' id='block_1_3' title="bbox 116 2795 2060 2897">
    <p class='ocr_par' dir='ltr' id='par_1_8' title="bbox 116 2795 2060 2897">
     <span class='ocr_line' id='line_1_50' title="bbox 116 2795 2034 2878; baseline -0.002 -43"><span class='ocrx_word' id='word_1_555' title='bbox 116 2797 154 2835; x_wconf 91' lang='lat' dir='ltr'><strong>in</strong></span> <span class='ocrx_word' id='word_1_556' title='bbox 186 2799 300 2838; x_wconf 89' lang='lat' dir='ltr'><strong>rebus</strong></span> <span class='ocrx_word' id='word_1_557' title='bbox 328 2799 466 2838; x_wconf 87' lang='lat' dir='ltr'><strong>creatis</strong></span> <span class='ocrx_word' id='word_1_558' title='bbox 494 2800 544 2838; x_wconf 87' lang='lat' dir='ltr'><strong>ad</strong></span> <span class='ocrx_word' id='word_1_559' title='bbox 574 2798 782 2849; x_wconf 81' lang='lat' dir='ltr'><strong>imaginem</strong></span> <span class='ocrx_word' id='word_1_560' title='bbox 811 2798 929 2848; x_wconf 91' lang='lat' dir='ltr'><strong>ipsius</strong></span> <span class='ocrx_word' id='word_1_561' title='bbox 958 2795 1244 2836; x_wconf 87' lang='lat' dir='ltr'><strong>determinans?</strong></span> <span class='ocrx_word' id='word_1_562' title='bbox 2000 2842 2034 2878; x_wconf 82' lang='lat' dir='ltr'><strong>E</strong></span> 
     </span>
     <span class='ocr_line' id='line_1_51' title="bbox 1069 2854 2060 2897; baseline -0.01 0"><span class='ocrx_word' id='word_1_563' title='bbox 1069 2863 1119 2897; x_wconf 82' lang='lat'><strong>44</strong></span> <span class='ocrx_word' id='word_1_564' title='bbox 2036 2854 2060 2878; x_wconf 84' lang='lat' dir='ltr'><strong>x</strong></span> 
     </span>
    </p>
   </div>
  </div>
 </body>
</html>
