2334 3020
777 83 993 110 ”russas
1035 80 1464 108 'FHEOLOGICAFL
2009 71 2080 117 267

143 193 293 231 dicetur
336 192 436 231 Noui
479 191 740 240 Testamenti,
778 190 890 240 quin,
922 203 999 228 non
1039 189 1129 227 dico
1161 196 1336 238 septem,
1367 188 1435 227 sed
1467 190 1501 225 δι
1534 186 1682 224 infinita
1710 188 1808 236 pene
1839 186 2089 225 Sacramenta

151 254 375 284 statuamus.

706 493 770 530 LI.
827 492 910 528 DE
943 490 1529 528 PAEDOBAI’TISMO.

211 611 568 665 Quandoquidem
604 611 933 663 Anabaptz'stac
965 610 1121 650 multis
1149 609 1395 650 rationibus
1423 609 1677 662 Infantiam
1698 608 1976 661 Baptismum
1996 623 2090 649 coze-

146 673 310 714 uellere
341 672 621 720 contendunt,
655 671 1022 726 opcmzepretz'zmz
1045 670 1245 718 videtur,
1281 670 1509 710 doctrinae
1540 669 1675 710 lanius
1694 669 1952 717 veritatem,
1973 672 2084 721 sma-

143 733 343 774 dameam
358 766 366 781 ,
399 734 444 774 ὦ
475 739 621 773 ortum
653 747 708 772 ex
740 732 868 773 verbo
900 731 989 772 Dea·
1005 731 1306 779 ostendamus,
1325 729 1503 784 &imque
1519 731 1573 771 ab
1590 730 1961 771 aduersariormn
1982 729 2086 770 telis

146 794 433 835 vindicemus.

977 918 1195 955 THESIs
1238 919 1268 955 Ι.

199 1037 417 1086 CONs'rAT,
456 1037 583 1074 Deum
611 1047 689 1085 quo
717 1042 892 1084 tempore
921 1035 1060 1072 foedus
1087 1045 1176 1072 cum
1206 1032 1381 1071 Ecclesia
1411 1032 1480 1071 sua
1509 1032 1675 1071 sanciret
1706 1033 1959 1070 Sacramenta
1988 1031 2091 1069 insti-

147 1090 279 1140 tuisse,
308 1090 448 1138 quibus
478 1088 750 1139 insignirentur
777 1100 914 1126 omnes
941 1087 1007 1137 qui
1036 1086 1203 1125 foederis
1230 1093 1357 1125 essent
1386 1093 1610 1134 consortes,
1641 1093 1680 1123 vt
1709 1085 1752 1123 iis
1783 1085 1982 1135 insignitus
2011 1093 2089 1122 tan-

145 1155 263 1192 quam
291 1142 479 1192 symbolis
507 1145 541 1181 δι
570 1142 687 1180 sacris
717 1141 868 1179 tesseris
894 1142 944 1179 ab
972 1140 1192 1178 infidelibus
1220 1140 1544 1178 discernerentur.
1576 1140 1746 1177 Infantes
1772 1145 1901 1176 autem
1920 1138 2089 1175 fidelium

146 1196 186 1234 in
227 1196 384 1234 foedere
419 1209 502 1234 esse
539 1196 745 1245 probatur,
784 1201 864 1232 tum
894 1208 941 1232 ex
969 1193 1138 1232 formula
1167 1193 1250 1243 ipsa
1278 1192 1446 1231 foederis
1475 1193 1555 1230 eius
1583 1193 1694 1230 Deus
1723 1198 1831 1239 tuus,
1861 1204 1906 1228 ac
1934 1192 2088 1229 semim‘s

146 1251 214 1288 tui.
250 1250 346 1288 Gen.
380 1261 438 1297 17.
472 1263 504 1288 1.
533 1250 634 1286 Tum
663 1261 709 1287 ex
737 1261 784 1286 eo
814 1248 923 1297 quod
951 1248 1089 1285 Paulus
1117 1259 1185 1285 eos
1213 1245 1316 1284 dicat
1346 1258 1429 1283 esse
1453 1253 1609 1283 sanctos
1634 1244 1773 1294 (sancti
1789 1243 1894 1282 enim
1909 1256 1992 1282 esse
2008 1257 2087 1281 non

147 1309 332 1353 possunt,
362 1302 434 1341 nisi
461 1301 581 1352 quiin
609 1301 766 1339 foedere
795 1302 911 1348 sunt.)
945 1314 976 1339 1.
1011 1301 1183 1338 Corinth.
1220 1311 1253 1348 7.
1288 1313 1346 1346 14.
1362 1299 1479 1336 Vnde
1495 1298 1668 1347 sequitur
1682 1311 1755 1337 nec
1770 1309 1904 1347 posse,
1932 1310 2005 1335 nec
2029 1297 2091 1335 de-

145 1357 239 1394 bere
267 1368 334 1394 eos
362 1356 473 1406 signo
501 1354 688 1405 Baptismi
717 1353 856 1404 priuari
888 1353 953 1403 qui
981 1359 1264 1391 sacramentum
1292 1359 1349 1391 est
1377 1363 1514 1390 eorum
1538 1362 1697 1401 quoque
1720 1350 1837 1389 aetati
1851 1350 2091 1388 conueniens

147 1411 182 1447 &
224 1408 460 1447 destinatum
501 1410 524 1446 a
564 1409 672 1458 Deo,
712 1414 845 1456 vtpote
883 1407 1036 1456 signum
1072 1405 1305 1456 receptionis
1333 1405 1370 1443 in
1402 1405 1600 1443 Christum
1627 1406 1662 1443 &
1691 1403 1932 1454 Ecclesiam,
1960 1406 1983 1441 a
2012 1403 2088 1452 qua

146 1475 227 1500 non
256 1461 377 1512 magis
407 1462 553 1500 debent
580 1460 703 1499 arceri
730 1463 849 1510 quam
876 1463 900 1498 a
927 1461 1060 1499 salute.
1105 1460 1216 1508 Quae
1245 1458 1347 1496 enim
1380 1460 1484 1497 Deus
1514 1458 1736 1507 coniunxit,
1758 1470 1836 1495 non
1864 1463 1953 1495 sunt
1980 1469 2086 1506 sepa--

147 1515 289 1565 randa,
317 1514 544 1554 communio
570 1514 718 1553 scilicet
745 1513 915 1552 foederis
944 1515 979 1552 δε
1007 1513 1160 1564 signum
1190 1512 1500 1562 communionis,
1528 1511 1701 1562 receptio
1730 1512 1768 1550 in
1799 1510 2037 1560 Ecclesiam,
2055 1510 2090 1547 &

151 1568 303 1619 signum
331 1567 576 1619 receptionis.

202 1635 235 1660 2.
292 1622 445 1660 Deinde
474 1622 816 1660 Sacramentorum
843 1619 984 1658 veritas
1012 1632 1059 1658 ex
1083 1618 1407 1669 promissionibus
1437 1617 1577 1657 diuinis
1599 1618 1766 1657 &sacris
1783 1616 1995 1666 mysteriis,
2012 1615 2093 1666 qui-

147 1676 220 1713 bus
247 1674 490 1725 applicandis
519 1676 555 1713 &
582 1673 856 1724 obsignandis,
885 1673 1056 1712 instituta
1085 1680 1192 1721 sunt,
1222 1684 1380 1722 prorsus
1409 1672 1626 1722 dependet,
1655 1672 1755 1710 adeo
1786 1677 1826 1708 vt
1854 1670 1983 1707 dicere
2007 1682 2093 1719 pos-

147 1728 287 1777 simus,
317 1729 367 1766 ad
395 1740 495 1778 quos
524 1727 713 1766 beneficia
742 1725 904 1775 Christi,
931 1727 967 1764 &
995 1725 1273 1776 promissiones
1298 1725 1373 1764 Dei
1390 1725 1669 1775 pertinent,ad
1684 1737 1751 1762 eos
1767 1723 1884 1762 etiam
1899 1723 2092 1773 pertinere

147 1781 257 1831 signa
285 1780 588 1820 Sacramentalia
619 1793 719 1830 quae
748 1786 836 1819 sunt
862 1780 1166 1830 promissionum
1196 1779 1447 1829 appendices.
1478 1780 1527 1816 Et
1555 1780 1656 1816 hanc
1686 1789 1770 1816 esse
1793 1777 1968 1814 videmus
1985 1787 2092 1826 argu-

150 1834 429 1873 mentationem
471 1834 548 1885 qua
590 1834 707 1872 vtitur
743 1835 894 1872 Petrus:
933 1835 1018 1872 Act.
1050 1847 1084 1871 2.
1115 1835 1177 1882 38.
1206 1845 1270 1882 39.
1311 1833 1548 1870 Probaturus
1576 1832 1680 1869 enim
1708 1830 1896 1880 baptizari
1927 1830 2087 1877 debere,

146 1887 187 1925 in
223 1887 491 1926 remissionem
526 1894 794 1938 peccatorum,
833 1887 1000 1925 Iudaeos
1028 1898 1129 1936 quos
1156 1886 1447 1935 alloquebatur,
1475 1886 1578 1923 hanc
1606 1885 1732 1922 adfert
1759 1895 1916 1921 causam
1933 1913 1941 1929 ,
1988 1883 2094 1931 Quia

148 1942 250 1980 vebis
278 1941 433 1991 (inquit)
459 1942 575 1990 facta
603 1946 660 1978 est
678 1942 898 1989 promissio.
928 1940 1143 1978 Infantibus
1170 1946 1299 1977 autem
1328 1938 1500 1977 fidelium
1530 1940 1651 1976 factas
1679 1950 1762 1976 esse
1793 1935 2092 1987 promissiones:

148 2007 264 2032 nemo
296 1994 461 2044 negarit:
492 1995 624 2043 Quum
653 2000 815 2032 testetur
842 1995 950 2031 Deus
980 1993 1206 2031 Abrahamo
1236 2005 1277 2030 se
1304 1992 1388 2030 fore
1416 1991 1470 2029 illi
1495 1992 1625 2029 Deum
1652 1993 1686 2029 δε
1703 1989 1840 2028 semini
1858 1989 1956 2027 eius:
1987 1990 2098 2025 quta

147 2047 241 2085 illud
272 2047 393 2096 Petri,
421 2049 491 2085 Aa?
513 2061 580 2086 vos
610 2048 660 2086 &⁶
687 2048 744 2084 [lll'
765 2048 905 2085 liberos
933 2051 1080 2086 vestros
1099 2046 1218 2095 facta
1246 2051 1302 2084 est
1313 2046 1536 2094 promissio.
1567 2044 1680 2082 Adde
1697 2044 1807 2094 quod
1825 2043 1874 2080 ad
1891 2055 1958 2080 eos
1977 2041 2096 2079 etiam

147 2100 339 2150 pertinent
368 2103 402 2139 ἃ
432 2100 615 2150 mysteria
642 2113 750 2139 sacra
779 2099 850 2138 illis
879 2100 997 2150 signis
1027 2100 1275 2137 adumbrata:
1306 2098 1593 2136 Remissionem
1611 2097 1714 2135 enim
1730 2103 1984 2146 peccatorum
2003 2107 2095 2132 con-

147 2161 360 2203 sequuntur
398 2154 435 2192 in
469 2154 648 2204 Christo,
683 2153 767 2204 qui,
803 2160 840 2191 vt
869 2154 919 2192 ait
950 2154 1108 2203 Paulus,
1139 2152 1378 2201 Ecclesiam,
1408 2151 1516 2190 cuius
1547 2158 1635 2189 sunt
1665 2151 1862 2195 membra,
1894 2147 2098 2186 mundauit

147 2208 305 2245 lauacro
334 2219 471 2257 aquae.
514 2208 654 2257 Ephes.
688 2218 722 2256 5.
755 2208 815 2245 26.
848 2219 910 2255 27.

203 2273 238 2309 3.
295 2262 407 2299 Idem
446 2262 636 2310 probatur
672 2259 893 2298 firmissimo
935 2265 1167 2310 argumento
1202 2271 1250 2296 ex
1288 2256 1469 2307 analogia
1506 2256 1815 2294 circumcisionis
1846 2262 2018 2304 sumpto.
2061 2253 2100 2292 Si

147 2313 313 2351 dabatur
350 2313 444 2352 olim
482 2313 694 2352 infantibus
721 2312 990 2362 circumcisio,
1021 2313 1138 2351 debet
1166 2313 1201 2350 &
1230 2310 1349 2349 hodie
1379 2310 1450 2348 illis
1479 2309 1562 2348 dari
1589 2310 1822 2360 Baptismus.
1868 2309 1967 2347 Cum
1996 2307 2100 2345 enim

147 2367 254 2404 Deus
295 2379 385 2405 cum
420 2374 528 2416 patre
566 2366 808 2405 credentium
842 2367 1070 2405 Abrahamo
1100 2365 1238 2403 foedus
1266 2364 1379 2402 iniret
1407 2364 1608 2413 (fundatae
1636 2370 1765 2401 autem
1795 2368 1904 2400 erant
1935 2361 2100 2411 promis-

146 2419 275 2458 siones
317 2421 352 2458 Sc
395 2421 533 2459 foedus
568 2420 696 2471 ipsum
733 2419 771 2457 in
801 2419 976 2467 Christo)
1011 2418 1119 2457 dedit
1147 2418 1182 2456 ei
1211 2419 1510 2456 Sacramentum
1539 2416 1683 2455 Christi
1713 2415 1867 2453 venturi
1899 2414 2102 2452 veritatem

146 2472 381 2523 significans
425 2472 709 2512 Consummata
738 2476 830 2511 vero
860 2475 900 2520 (f.
934 2473 1049 2521 1733)
1078 2471 1143 2509 illa
1171 2471 1349 2520 veritate,
1375 2482 1475 2520 quae
1492 2469 1800 2509 Circumcisione
1818 2468 2103 2517 denotabatur,

144 2526 184 2568 id
211 2534 286 2568 est,
319 2539 484 2575 corpore
513 2527 707 2573 exhibito,
736 2525 975 2564 conueniens
1004 2525 1121 2563 etiam
1149 2525 1240 2573 fuit,
1269 2531 1309 2562 vt
1338 2530 1507 2561 cessaret
1537 2524 1686 2562 vmbra.
1718 2521 1874 2560 [dcirco
1902 2519 2102 2558 Dominus

147 2579 272 2628 (euius
301 2579 418 2617 solius
446 2586 504 2618 est
532 2580 730 2618 instituere
759 2579 937 2618 fidelibus
966 2579 1043 2617 suis
1071 2579 1340 2625 Sacramenta)
1369 2576 1468 2615 illius
1497 2576 1638 2615 veteris
1669 2575 1755 2614 vice
1786 2586 1938 2612 nouum
1969 2573 2102 2611 subro-

148 2631 271 2682 gauit,
300 2645 442 2682 nempe
468 2633 728 2682 Baptismum,
757 2632 823 2682 qui
853 2632 957 2670 idem
986 2643 1144 2681 prorsus
1177 2630 1354 2681 designat
1383 2643 1427 2667 ac
1457 2629 1745 2679 Circumcisi03
1776 2627 1849 2665 nisi
1881 2627 1990 2677 quod
2008 2627 2106 2664 haec

151 2685 435 2731 exhibendum,
476 2686 541 2724 ille
583 2685 800 2724 exhibitum
839 2686 963 2723 dicat:
1004 2685 1145 2723 modus
1179 2691 1308 2722 autem
1338 2695 1416 2721 non
1448 2689 1572 2721 mutat
1601 2682 1655 2721 rei
1682 2680 1954 2721 substantiam.
2000 2680 2102 2717 Cum

147 2737 284 2789 igitur,
325 2738 522 2789 Vtriusque
561 2739 665 2777 idem
700 2738 748 2777 sit
784 2751 894 2790 vsus,
933 2737 1192 2777 confirmandi
1230 2736 1379 2776 scilicet
1406 2736 1686 2787 promissiones
1716 2734 1870 2774 diuinas
1899 2732 2104 2792 fide-libus,

1910 2793 2107 2836 vtrlusque
