2334 3020
278 110 350 149 226
906 116 1121 146 Tnsssts
1166 116 1591 146 THEoLocrcAE.

278 229 424 277 Legem
466 225 660 274 reijciunt‚
697 231 907 262 statuentes
942 224 1164 262 Christiano
1198 224 1347 262 homini
1376 223 1469 260 nihil
1498 222 1695 267 illicitum,
1724 222 1818 261 nihil
1846 236 2003 272 prorsus
2031 224 2211 273 vetitum,

274 280 445 329 legisque
473 279 621 315 nullam
646 277 811 327 amplius
840 276 1030 314 rationem
1060 278 1282 315 habendam
1312 290 1414 314 esse:
1444 278 1479 314 &
1508 289 1568 314 res
1596 277 1742 315 medias
1773 278 1832 314 vel
1857 277 2117 316 indifferentes
2133 280 2209 317 dici

275 339 430 382 putant,
471 331 579 380 quod
621 330 703 368 sine
741 329 971 379 exceptione
1007 331 1099 379 vlla,
1135 330 1289 379 quoties
1318 331 1353 367 δι
1383 330 1585 378 quomodo
1616 329 1730 377 libet,
1759 343 1823 367 eas
1849 332 1910 367 vel
1939 342 2122 380 vsurpare
2151 334 2210 370 vel

275 385 455 422 omittere
483 383 599 421 liceat
626 383 775 431 absque
801 389 985 432 peccato,
1014 382 1183 432 idquue
1211 383 1388 421 libertate
1415 382 1653 431 Christiana,
1675 383 1726 420 ad
1742 383 1973 432 explendam
1989 383 2209 433 libidinem,

275 442 310 476 δι
338 436 624 474 simulationem
654 447 814 485 quoque
842 434 1037 485 religionis
1065 437 1287 474 abutuntur.
1322 437 1454 473 Galat.
1485 446 1520 485 5.
1554 448 1610 483 13.
1644 448 1677 473 2.
1706 436 1814 473 Petr.
1846 449 1879 473 2.
1915 439 1972 474 16.

331 505 364 528 2.
420 490 638 539 Ponlz'ficg'j,
669 488 736 538 qui
763 488 922 526 miseras
950 489 1153 527 hominum
1182 488 1441 527 conscientias
1468 488 1544 526 suis
1570 487 1841 526 traditionibus
1869 497 2044 528 onerant.

327 557 363 592 3.
418 544 577 591 ludaei,
618 541 685 591 qui
728 541 870 579 Christi
908 553 1069 591 regnum
1106 543 1349 580 mundanum
1386 541 1646 586 somniantes,
1673 548 1866 579 terrenam
1897 541 2114 580 libertatem
2144 556 2211 592 per

275 608 364 634 eum
411 602 637 645 expectant,
679 595 715 631 δε
757 594 852 631 nihil
893 594 942 632 de
983 595 1169 644 spirituali
1206 594 1382 633 dominio
1414 593 1556 632 Christi
1581 593 1618 631 in
1650 594 1825 632 Ecclesia
1853 606 1941 645 sua,
1970 597 2006 633 δι
2033 595 2211 634 libertate

275 648 458 698 Spiritus,
486 647 724 697 intelligunt,
753 648 868 685 soem.
905 649 964 685 18.
992 651 1056 697 36.

328 715 363 749 4.
420 703 714 751 Anathsistae,
744 700 812 749 qui
839 699 1056 739 libertatem
1086 708 1283 739 externam
1311 700 1428 738 etiam
1443 699 1816 750 fingentes,politici
1830 700 2079 750 Magistratus
2095 714 2211 739 omne

273 755 406 805 iugum
443 754 662 804 excutiunt,
697 754 732 791 &
761 752 1004 792 Christianos
1032 754 1137 792 mille
1164 767 1288 792 annos
1316 761 1405 791 ante
1433 752 1686 792 nouissimum
1721 753 1825 790 diem
1854 760 2082 803 regnaturos
2111 767 2211 792 som-

274 816 394 846 mant.

809 1040 996 1079 XXXIX.
1052 1040 1140 1076 DE
1181 1039 1669 1078 ADORATIONE.

1098 1158 1313 1195 THEsrs
1355 1158 1386 1195 I.

328 1277 500 1313 LATINIS
530 1273 737 1313 Adorandi
764 1286 841 1313 vox
868 1274 972 1312 idem
1000 1280 1132 1320 notat,
1161 1275 1270 1323 quod
1299 1273 1493 1312 Hebraeis
1518 1274 1722 1323 Sclcakalz,
1741 1276 1776 1313 δε
1792 1274 1953 1313 Graecis
1969 1281 2210 1326 ngoonvvsc‘vg

277 1328 469 1379 significat
511 1327 614 1366 enim
654 1328 759 1377 apud
801 1328 1008 1366 Hebraeos
1049 1327 1230 1365 Sclcakalz
1267 1334 1513 1376 prosternere
1548 1340 1629 1366 sese
1666 1334 1750 1365 toto
1778 1340 1945 1378 corpore
1973 1329 2022 1366 ad
2050 1335 2213 1378 terram,

276 1381 397 1431 passis
425 1381 605 1419 manibus
634 1382 669 1419 &
695 1380 881 1430 pedibus,
910 1388 950 1418 vt
977 1381 1077 1418 Psal.
1101 1391 1163 1430 95.
1180 1381 1214 1417 6.
1246 1382 1347 1418 Βοὴ»>
1363 1381 1646 1430 ηἰςσῆίίαΙεαηέ,
1662 1382 2063 1431 venicralza,72ibreca
2077 1383 2213 1431 Lz'pnez

277 1436 425 1472 Ielzoua
453 1435 648 1472 lcz‘sclzenu.
677 1432 716 1471 id
740 1440 814 1483 est,
847 1435 966 1481 venite
994 1435 1197 1470 adoremus
1228 1435 1277 1471 ἐφ’
1302 1435 1545 1471 itzcm‘uemus
1573 1447 1665 1472 nos:
1689 1436 2013 1485 genuflectamus,
2029 1436 2086 1472 ad
2084 1434 2214 1484 facies

278 1488 445 1525 lelzouae
461 1487 634 1536 factoris
663 1488 807 1536 nostri,
838 1486 860 1524 i.
891 1499 1025 1524 coram
1054 1485 1229 1524 Domino
1258 1494 1432 1524 creatore
1461 1495 1606 1524 nostro.
1637 1487 1716 1524 Vbi
1743 1487 1912 1546 primum
1936 1489 2098 1526 verbum
2113 1487 2212 1525 acci-

277 1539 378 1589 pitur
407 1539 688 1589 significatione
717 1539 794 1577 iam
822 1539 944 1583 dict-21,
974 1539 1183 1588 plurimum
1212 1539 1249 1576 in
1280 1539 1452 1589 Hitpa'e'l.
1481 1541 1658 1578 Alterum
1688 1540 1877 1589 significat
1899 1540 2034 1589 capitis
2055 1539 2212 1578 inclina-

277 1592 425 1631 tionem
453 1604 543 1630 cum
573 1594 673 1630 flexu
702 1592 890 1642 corporis.
920 1594 1165 1630 Postremum
1194 1600 1323 1630 autem
1353 1600 1409 1630 est
1432 1605 1602 1641 genuum
1630 1592 1828 1630 inclinatio
1847 1605 1967 1642 vsque
1985 1595 2035 1631 ad
2049 1601 2212 1641 terram,

277 1646 409 1684 Rabbz‘
446 1646 591 1684 Dauid
625 1647 771 1683 Kz'mki.
814 1645 1057 1684 Graecorum
1095 1647 1187 1683 vero
1225 1651 1447 1695 προσκυνεῖν
1482 1645 1597 1683 etiam
1636 1646 1685 1684 de
1713 1645 1885 1695 gestibus
1914 1646 2080 1684 externis
2111 1645 2212 1694 dici,

278 1698 425 1737 indicat
454 1698 644 1736 deriuatio
674 1698 812 1749 ipsius,
841 1698 997 1749 proprie
1025 1697 1127 1736 enim
1155 1698 1405 1747 Etymologia
1434 1699 1546 1736 huius
1576 1698 1684 1737 verbi
1712 1701 1734 1736 a
1762 1711 1877 1749 cane,
1908 1698 1974 1748 qui
2004 1702 2101 1736 κύων
2122 1697 2213 1745 illis,

278 1751 503 1798 deducitur,
533 1752 624 1789 cum
661 1752 753 1803 πρὸς
783 1754 872 1794 τούς
901 1753 1020 1793 πόδας
1048 1751 1105 1789 sui
1133 1752 1216 1790 heri
1243 1763 1325 1789 sese
1354 1751 1570 1800 prouoluit,
1599 1751 1709 1801 quasi
1736 1752 1857 1801 pedes
1885 1751 1984 1789 illius
2014 1753 2214 1789 deoscula-

277 1811 404 1854 turus,
431 1804 563 1854 illique
593 1805 835 1853 adulaturus,
858 1806 919 1842 vel
946 1812 1062 1842 etlam
1091 1806 1114 1842 a
1143 1808 1237 1853 uim,
1268 1811 1384 1853 κυνῶ,
1414 1805 1472 1841 vel
1503 1806 1663 1852 uvvsdm,
1694 1805 1802 1854 quod
1826 1806 1982 1842 osculor
2002 1803 2212 1854 significat,

277 1857 380 1896 vnde
407 1859 516 1895 Psal.
547 1870 582 1896 2.
616 1871 673 1895 12.
703 1856 944 1895 Osculamini
968 1856 1119 1896 Filium.
1150 1857 1365 1895 Priscianus
1393 1858 1428 1894 δι
1452 1859 1602 1896 Nonius
1625 1864 1737 1896 autor
1753 1865 1830 1904 est,
1846 1859 2008 1896 verbum
2024 1856 2215 1894 adorandi

279 1910 422 1949 deduci
449 1913 472 1948 a
500 1909 659 1948 nomine
686 1909 949 1949 indeclinabili
978 1911 1097 1960 ador,
1125 1911 1234 1960 quod
1261 1909 1509 1960 purissimum
1537 1911 1774 1949 frumentum
1802 1918 1932 1961 sonat,
1962 1911 2065 1949 vnde
2095 1910 2215 1948 confi-

279 1963 480 2002 ciebantur
518 1964 741 2013 placentae,
775 1975 874 2012 quae
908 1963 1098 2001 Romanis
1125 1963 1164 2000 in
1192 1962 1395 2001 Sacrificiis
1423 1962 1718 2002 adhibebantur.
1748 1965 1859 2001 quta
1887 1964 1988 2002 hanc
2015 1964 2215 2012 Etymolo-

278 2016 380 2067 giam
409 2015 565 2067 proprie
594 2016 643 2054 ad
671 2017 797 2054 solum
826 2015 900 2054 Dei
925 2017 1073 2055 cultum
1098 2017 1271 2054 refertur.
1302 2015 1411 2054 Licet
1427 2019 1520 2055 vero
1535 2015 1765 2054 Laurentius
1785 2017 1898 2054 Valla
1914 2018 2213 2065 Elegantz'arwn

279 2070 345 2107 lib.
389 2080 425 2119 5.
461 2076 544 2121 cap.
587 2083 645 2107 11.
682 2069 787 2107 idem
816 2069 1050 2107 vocabulum
1080 2069 1227 2108 deriuet
1255 2071 1306 2107 ab
1335 2082 1428 2118 oro,
1458 2070 1567 2119 quod
1595 2076 1650 2107 est
1679 2082 1747 2107 ore
1774 2082 1935 2120 precor,
1964 2069 2058 2107 dicit
2085 2075 2215 2107 tamen

278 2121 442 2172 ibidem,
474 2123 652 2161 Adorare
685 2121 937 2160 nihilominus
961 2121 1043 2160 sine
1072 2135 1140 2160 ore
1168 2121 1268 2172 fieri,
1296 2133 1376 2160 non
1400 2121 1481 2160 sine
1504 2123 1606 2160 flexu
1627 2134 1817 2172 genuum,
1833 2136 1879 2160 ac
1893 2129 2004 2172 gestu
2020 2121 2213 2171 corporis,

280 2183 321 2214 vt
362 2178 398 2214 δι
441 2175 648 2226 Supplico,
690 2176 798 2225 quod
840 2174 989 2213 etiamsi
1030 2177 1053 2213 a
1085 2175 1190 2225 plico
1226 2174 1416 2225 originem
1452 2175 1599 2222 trahat,
1627 2175 1709 2214 fieri
1737 2182 1867 2213 tamen
1897 2175 1978 2213 sine
2007 2174 2216 2225 plicatione

280 2240 473 2278 genuum,
502 2241 549 2266 ac
577 2236 686 2278 gestu
715 2228 910 2278 corporis,
941 2241 1021 2266 non
1050 2236 1179 2266 autem
1208 2228 1289 2266 sine
1318 2240 1386 2266 ore
1415 2228 1450 2265 &
1479 2241 1587 2266 voce.

336 2295 369 2320 2.
426 2283 556 2331 Atque
584 2282 635 2319 ita
663 2288 836 2331 constat,
865 2282 1110 2331 Hebraeam,
1139 2282 1354 2330 Graecam,
1382 2280 1640 2330 Latinamque
1668 2294 1807 2319 vocem
1836 2281 1991 2331 proprie
2016 2288 2213 2318 externam

279 2334 607 2384 humiliationem,
639 2338 897 2384 corporisque
926 2336 987 2372 vel
1015 2334 1132 2372 totius
1163 2333 1486 2384 prostrationem,
1517 2336 1577 2372 vel
1600 2333 1761 2372 alicuius
1786 2334 1922 2384 partis,
1944 2334 2078 2383 capitis
2106 2333 2213 2370 nimi-

280 2399 390 2437 rum,
432 2394 497 2426 aut
538 2398 708 2437 genuum
749 2386 1059 2437 inclinationem,
1096 2394 1161 2425 aut
1198 2387 1314 2425 etiam
1349 2398 1485 2425 manus
1515 2387 1849 2425 deosculationem
1879 2388 2087 2436 denotare,
2116 2398 2216 2435 quae

281 2440 440 2479 honoris
476 2440 512 2477 δι
540 2439 779 2479 reuerentiae
807 2452 942 2478 caussa
971 2441 1055 2490 fiat,
1085 2440 1233 2478 etiamsi
1261 2439 1353 2477 nihil
1383 2452 1470 2478 ores
1498 2447 1563 2478 aut
1590 2447 1718 2490 petas:
1744 2440 2078 2489 quemadmodum
2095 2439 2215 2476 Iacob

281 2493 422 2543 septies
460 2493 640 2531 adorauit
677 2494 834 2531 fratrem
872 2494 1036 2538 Esaum,
1075 2493 1312 2531 reuerentiae
1347 2494 1498 2530 tantum
1527 2505 1684 2542 caussa,
1714 2505 1794 2530 non
1824 2499 1975 2543 autem,
2004 2499 2044 2530 vt
2071 2491 2215 2541 aliquid

281 2553 448 2595 peteret:
478 2546 557 2584 imo
589 2546 670 2596 ipse
699 2545 859 2591 obtulit,
891 2547 926 2584 &
956 2546 1064 2584 dedit
1094 2546 1165 2596 ipsi
1193 2547 1296 2584 Esau
1326 2545 1430 2583 fratri
1457 2546 1580 2595 dona,
1616 2548 1711 2584 Gen.
1739 2558 1801 2595 33.
1832 2559 1869 2594 3.

336 2611 373 2648 3.
428 2600 501 2637 Per
529 2599 631 2637 hanc
661 2606 858 2637 externam
889 2599 1067 2649 corporis
1095 2599 1369 2647 reuerentiam,
1400 2599 1549 2636 interna
1579 2597 1711 2636 Animi
1739 2597 2217 2647 obseruantia,h0nos,&

284 2651 473 2690 subiectio
503 2652 740 2697 declaratur,
772 2653 878 2700 quod
909 2659 1064 2690 externa
1094 2660 1253 2701 propter
1280 2651 1470 2689 internam
1495 2651 1654 2690 inuenta
1677 2650 1736 2689 sit.
1765 2651 1880 2689 Vnde
1896 2651 2218 2698 fit,vtA1i0rat20

283 2704 544 2754 distinguatur
585 2705 622 2742 in
666 2712 864 2742 externam
896 2706 930 2742 ἃ
965 2705 1176 2742 internam:
1219 2705 1461 2754 corporalem
1492 2707 1527 2743 δι
1555 2704 1802 2754 spiritualem.
1845 2705 2023 2741 Eoeterna
2051 2709 2127 2752 est,
2156 2702 2218 2739 illa

281 2757 461 2806 corporis
502 2757 715 2807 prostratio
763 2760 822 2795 vel
865 2758 1083 2795 inclinatio:
1119 2759 1305 2807 Inlermz,
1341 2759 1402 2794 illa
1438 2757 1571 2794 Animi
1605 2757 1777 2795 dimissio
1812 2758 1847 2794 &
1884 2756 2114 2803 humiliatio,
2143 2766 2219 2803 qua

2093 2809 2215 2845 homo
