2334 3020
777 124 989 151 THESES
1033 121 1462 150 ‘PHEOLOGICAFL
2024 121 2102 157 317

164 241 273 272 sunt:
315 236 350 272 &
378 234 452 271 hae
481 243 638 282 quoque
668 240 707 270 vt
736 234 846 281 ante,
888 231 925 270 in
955 231 1190 270 necessarias
1218 233 1252 269 &
1281 230 1443 277 liberas,
1484 229 1523 267 in
1548 235 1753 278 perpetuas
1782 228 1817 265 δε
1846 227 2104 277 temporarias

166 285 451 325 describuntur.

219 353 282 389 43.
337 338 582 377 Necessarias
612 350 681 377 vsu
708 340 967 396 appellamus,
1000 349 1100 387 quae
1130 336 1359 374 necessitate
1389 336 1581 385 quadam,
1613 347 1683 384 pro
1705 334 1932 372 conditione
1949 342 2101 393 ternpo-

165 405 249 431 rum
277 392 567 441 communium,
604 398 669 430 aut
696 404 824 430 rerum
853 389 1142 450 particularium
1171 390 1209 428 in
1240 389 1447 436 Ecclesiis,
1486 400 1577 427 cum
1606 387 1767 437 pietate,
1805 387 2106 437 conuenientia,

165 449 199 485 δε
229 445 366 484 ordine
395 445 627 483 coniunctae
655 452 763 484 sunt:
798 451 838 482 vt
865 455 984 494 quum
1013 443 1174 492 ieiunia,
1208 455 1360 493 preces
1391 442 1594 480 communi
1624 441 1685 478 vel
1713 440 1935 491 particulari
1964 442 2109 478 Eccle-

163 499 306 537 siarum
335 510 472 546 causa,
501 497 740 536 indicuntur.

215 565 278 599 44.
334 551 493 590 Liberas
524 554 635 599 vero,
673 563 772 600 quae
802 551 906 588 nulla
927 550 1156 588 necessitate
1185 548 1360 599 obligant
1388 548 1474 599 pios
1502 548 1541 586 in
1570 546 1813 585 conscientia
1845 554 1910 585 aut
1938 559 2028 585 vsu:
2063 555 2109 586 ut

164 604 334 653 exempli
361 616 497 653 causa,
529 604 646 653 siquis
675 604 824 642 ieiunus
852 611 916 641 aut
944 602 1035 642 cibo
1064 603 1198 652 aliquo
1228 609 1384 651 sumpto
1408 602 1459 639 ad
1488 614 1638 640 sacram
1667 600 1829 649 synaxin
1860 600 2078 638 accesserit.

216 667 278 706 45.
334 658 464 706 Atque
506 658 602 694 haec
645 657 804 706 quidem
841 657 890 694 de
927 656 1202 694 traditionibus
1230 655 1321 704 illis,
1354 655 1434 693 siue
1462 653 1681 705 perpetuis,
1724 654 1804 691 siue
1832 653 2102 703 temporariis,

163 722 262 759 quae
290 712 378 747 vere
406 717 493 747 sunt
522 710 839 758 Ecclesiasticae,
862 711 896 748 &
925 708 962 746 in
992 709 1177 747 Ecclesiis
1204 709 1269 758 pio
1299 717 1386 746 ortu
1414 716 1528 746 natae
1558 713 1663 756 sunt,
1689 720 1762 744 nec
1785 720 1847 756 re,
1865 719 1937 744 nec
1957 707 2103 752 modo,

164 776 235 801 nec
265 770 408 800 euentu
435 765 551 800 malo.

217 817 279 862 46.
338 815 413 853 Sed
441 815 480 853 in
510 817 647 853 harum
678 817 811 853 locum
837 815 1068 853 traditiones
1084 823 1173 852 sunt
1188 815 1371 852 suffectae
1381 813 1456 864 ,¹81
1478 814 1664 852 inferctae
1690 813 1728 851 in
1745 824 1974 863 numerum,
2004 824 2105 862 quae

162 869 335 918 diuinae,
377 869 650 918 Apostolicae,
692 868 913 906 Ecclesiasti
919 881 987 906 cae
1016 880 1085 917 per
1113 867 1504 917 aequiuocationem,
1534 880 1613 905 non
1643 865 1726 904 sine
1749 866 1858 916 graui
1887 866 1925 904 in
1957 868 2104 916 Deum,

164 923 397 972 Apostolos,
427 922 684 970 Ecclesiamq.
714 921 974 969 contumelia,
1002 921 1042 958 in
1071 923 1188 970 vulgo
1219 922 1476 970 appellantur.

215 986 280 1022 47.
335 974 500 1012 Diuinae
542 974 646 1012 enim
689 976 722 1012 δι
764 974 1017 1024 Apostolicae
1058 973 1286 1011 traditiones
1314 973 1436 1011 hodie
1463 974 1708 1023 appellantur
1732 973 1965 1022 nonnullae,
2007 984 2107 1021 quae

164 1028 258 1065 nihil
301 1027 476 1065 diuinum
517 1027 694 1077 sapiunt,
737 1036 801 1065 aut
844 1027 1145 1077 Apostolicum:
1191 1036 1227 1063 vt
1266 1039 1312 1064 ex
1347 1026 1432 1076 ipso
1463 1026 1598 1064 diuino
1627 1038 1779 1063 canone
1807 1027 1842 1062 &
1871 1025 2106 1074 Apostolico

164 1080 279 1119 facile
307 1080 526 1119 reuincitur.

218 1136 282 1181 48.
334 1133 632 1172 Ecclesiasticae
679 1136 770 1172 vero
813 1133 940 1171 omnis
968 1133 1141 1183 generis,
1185 1132 1224 1170 id
1253 1139 1330 1182 est,
1372 1132 1636 1182 dogmaticae,
1679 1131 1851 1181 ethicae,
1879 1131 2109 1182 historicae,

165 1195 244 1237 atq.
273 1187 552 1226 ceremoniales
581 1200 662 1236 quo
690 1199 855 1225 numero
885 1187 959 1224 sint
986 1187 1064 1224 hoc
1094 1193 1290 1236 tempore,
1329 1198 1447 1223 nemo
1477 1185 1589 1223 facile
1614 1184 1738 1234 possit
1767 1197 1976 1233 exponere.

218 1253 282 1290 49.
338 1240 592 1290 Dogmaticas
623 1241 659 1278 &
688 1240 836 1278 ethicas
864 1241 954 1277 ante
982 1239 1213 1278 reiecimus:
1244 1239 1333 1276 cum
1362 1240 1592 1289 dogmatum
1622 1240 1656 1276 &
1686 1249 1838 1276 morum
1869 1238 2108 1276 ratioaDeo

165 1294 201 1331 &
244 1300 382 1331 natura
420 1293 491 1344 sit3
528 1293 603 1331 Dei
631 1301 761 1332 autem
790 1307 835 1331 ac
864 1300 1024 1331 naturae
1051 1293 1109 1330 ius
1138 1293 1177 1330 in
1207 1305 1247 1330 se
1276 1291 1657 1341 constantissimum,
1695 1291 1733 1328 in
1764 1290 1962 1340 Scriptura
1991 1292 2103 1329 abso-

161 1346 414 1395 lutissimum,
436 1347 471 1384 δι
498 1346 537 1384 in
566 1347 742 1385 Ecclesia
768 1345 1041 1385 certissimum.
1083 1347 1145 1384 De
1174 1345 1365 1384 historicis
1394 1345 1552 1383 minime
1580 1345 1819 1383 laboramus,

216 1410 278 1449 50.
334 1400 624 1438 Ceremoniales
652 1412 870 1450 quaecunq.
901 1407 1007 1446 sunt,
1050 1401 1155 1438 recte
1184 1398 1222 1436 in
1251 1399 1322 1436 tria
1350 1411 1493 1449 genera
1521 1398 1698 1436 distribui
1725 1400 1748 1435 a
1777 1396 1891 1434 nobis
1920 1404 2100 1447 possunt:

167 1464 287 1490 vnum
314 1454 508 1491 bonarum
537 1460 615 1500 est,
643 1455 809 1492 alterum
839 1454 1049 1502 malarum,
1081 1452 1239 1490 tertium
1269 1451 1574 1490 indifferentium
1603 1450 1912 1499 mediarumque.

217 1516 278 1555 51.
334 1508 468 1544 Bonae
510 1506 691 1544 dicuntur
732 1519 817 1556 eae,
862 1518 962 1556 quae
1003 1517 1093 1544 cum
1134 1505 1362 1556 sanctitate,
1404 1504 1618 1555 aequitate,
1660 1504 1840 1553 veritate,
1884 1504 2109 1551 honestate,

171 1559 310 1597 ordine
338 1559 572 1598 coniunctae
600 1567 701 1598 sunt.

216 1623 278 1662 52.
334 1614 463 1651 Malae
493 1613 699 1664 dicuntur,
735 1624 835 1663 quae
863 1624 953 1651 cum
981 1613 1098 1650 rebus
1127 1611 1265 1650 iisdem
1294 1619 1483 1662 pugnant.

216 1675 278 1715 53.
333 1666 515 1716 Mediae,
557 1677 657 1715 quae
699 1680 771 1716 pro
801 1666 952 1704 ratione
980 1677 1257 1716 personarum,
1300 1667 1500 1715 locorum,
1544 1667 1579 1703 δι
1607 1671 1831 1714 temporum
1862 1677 1951 1702 cum
1976 1664 2112 1702 iisdem

164 1720 281 1757 rebus
309 1719 429 1757 modo
458 1720 688 1768 cohaerere,
719 1720 839 1758 modo
870 1731 1042 1769 pugnare
1071 1718 1377 1768 comperiuntur.

219 1783 281 1821 54.
336 1774 489 1811 Harum
519 1772 865 1812 discernendarum
895 1772 992 1810 ratio
1008 1774 1130 1810 ferme
1147 1779 1204 1811 est
1219 1773 1482 1822 quadruplex:
1505 1778 1632 1819 ortus,
1657 1784 1738 1816 res,
1763 1770 1868 1819 finis,
1883 1771 1918 1808 &
1935 1778 2110 1808 euentus.

218 1835 279 1875 55.
336 1828 381 1864 In
423 1826 482 1863 his
525 1826 708 1865 omnibus
750 1827 850 1864 duae
892 1825 1143 1864 conditiones
1186 1838 1342 1875 semper
1382 1825 1676 1872 desiderantur,
1719 1832 1759 1861 vt
1787 1824 1872 1873 piae
1901 1824 2110 1872 bonaeque

164 1878 260 1923 sint.
289 1879 325 1916 &
354 1886 394 1917 vt
422 1879 630 1929 legitimae.

222 1934 282 1981 56.
339 1933 458 1970 Ortus
485 1934 614 1971 bonus
642 1934 677 1970 ἃ*
706 1932 899 1982 legitimus
915 1940 992 1977 est,
1018 1943 1137 1981 quum
1153 1931 1333 1970 homines
1349 1932 1400 1981 pij
1418 1933 1453 1970 &
1470 1931 1631 1981 legitimi
1646 1930 1811 1969 consilio
1828 1930 1894 1980 pio
1908 1942 1990 1967 rem
2007 1929 2111 1980 piam

161 1985 262 2023 iusto
291 1985 502 2035 legitimoq.
535 1986 656 2024 modo
686 1985 724 2023 in
753 1986 970 2024 Ecclesiam
999 1985 1192 2023 inuehunt
1219 1987 1269 2023 ad
1298 1985 1406 2034 pium
1435 1986 1578 2022 finem:
1621 1985 1660 2022 Si
1689 1987 1849 2034 contra,
1878 1996 1952 2021 nec
1980 1985 2109 2021 bonus

164 2051 238 2076 nec
267 2038 461 2088 legitimus
491 2038 568 2076 dici
597 2046 746 2088 potest,
775 2039 847 2077 nisi
875 2052 946 2089 per
974 2038 1207 2077 abusionem
1236 2038 1558 2088 indignissimam.

220 2102 280 2141 57.
338 2093 417 2129 Res
460 2093 566 2130 bona
608 2094 642 2131 δι
681 2092 852 2142 legitima
890 2099 966 2136 est.
1008 2103 1128 2141 quum
1160 2091 1348 2130 voluntati
1377 2091 1476 2141 Dei,
1506 2093 1542 2129 δι
1569 2090 1768 2128 Ecclesiae
1799 2091 2109 2138 membrorumq.

167 2144 440 2182 commoditati
467 2145 624 2195 publice
652 2159 698 2184 ac
726 2145 909 2195 priuatim
938 2152 1232 2194 contemperata
1261 2152 1329 2183 est.
1361 2145 1398 2182 Si
1427 2144 1529 2182 enirn
1553 2151 1620 2182 aut
1642 2146 1665 2181 a
1683 2145 1882 2181 voluntate
1907 2142 1982 2181 Dei
1997 2142 2110 2191 absit,

162 2204 227 2234 aut
261 2197 524 2247 importabilia
553 2211 674 2236 onera
701 2198 929 2248 imposuerit
957 2198 1202 2249 hominibus,
1231 2210 1398 2248 quorum
1427 2199 1589 2235 facultas
1617 2210 1697 2235 non
1727 2197 1774 2235 sit
1803 2209 1924 2247 penes
1951 2196 2058 2246 ipsos
2087 2198 2109 2233 a

163 2257 323 2302 natura,
352 2251 420 2289 sed
448 2253 472 2289 a
493 2252 601 2290 dono
627 2251 701 2290 Dei
722 2258 787 2289 aut
813 2251 1021 2290 vocatione
1046 2251 1235 2301 pendeat,
1258 2251 1339 2290 eius
1356 2251 1512 2289 traditio
1529 2264 1603 2289 nec
1618 2252 1743 2300 bona,
1763 2263 1837 2287 nec
1851 2249 2023 2299 legitima
2039 2256 2110 2287 est.

221 2306 282 2353 58.
338 2304 444 2342 Finis
487 2304 570 2354 (qui
612 2304 651 2342 in
693 2306 809 2344 rebus
850 2305 1064 2343 moralibus
1094 2307 1220 2342 forma
1249 2305 1496 2353 acfionumff.
1532 2306 1645 2352 1777)
1675 2303 1823 2353 optime
1853 2303 2012 2352 dicitur)
2041 2303 2110 2340 bo-

163 2368 236 2395 nus
266 2358 302 2394 &
330 2357 525 2407 legitimus
554 2366 638 2408 est,
667 2369 786 2407 quum
815 2359 864 2396 ad
893 2358 969 2396 Dei
996 2357 1160 2408 gloriam
1178 2359 1281 2396 velut
1297 2369 1494 2396 summum
1512 2359 1648 2407 finem,
1677 2358 1712 2395 δι
1731 2357 1781 2394 ad
1795 2356 2109 2394 aedificationem

161 2409 388 2460 hominurn,
446 2412 550 2448 velut
592 2411 812 2449 ordinatam
855 2412 906 2449 ad
943 2413 1080 2460 finem,
1120 2419 1226 2449 recta
1263 2410 1508 2449 ordinatione
1538 2409 1815 2461 '‘contenditur.
1870 2409 1909 2447 Si
1953 2411 2111 2457 contra,

159 2476 234 2501 nec
263 2464 398 2501 bonus
426 2476 500 2502 nec
528 2464 720 2514 legitimus
750 2472 818 2503 est.

213 2527 274 2566 59.
330 2518 504 2555 Euentus
548 2519 676 2555 bonus
719 2520 754 2556 &
795 2518 988 2568 legitimus
1031 2524 1105 2568 est,
1148 2529 1269 2567 quum
1310 2517 1540 2555 traditiones
1579 2528 1693 2554 suum
1720 2516 1828 2554 illum
1858 2517 1976 2554 finem
2006 2527 2105 2554 asse-

161 2576 357 2619 quuntur:
389 2570 627 2619 contrarius,
656 2573 808 2609 contra.

217 2625 278 2660 60.
340 2625 470 2672 Atque
499 2625 596 2661 haec
625 2624 786 2682 quidem
815 2623 852 2661 in
883 2623 1156 2662 traditionibus
1184 2636 1313 2662 rerum
1342 2625 1536 2662 bonarum
1552 2625 1612 2660 vel
1629 2624 1819 2661 malarum
1834 2629 1923 2661 sunt
1937 2621 2114 2660 faciliora

163 2676 342 2726 cognitu:
373 2677 442 2714 sed
471 2677 509 2714 in
540 2677 675 2715 mediis
706 2676 786 2715 siue
815 2677 1125 2715 indifferentibus
1154 2688 1254 2726 quae
1283 2677 1500 2715 secundum
1527 2676 1808 2714 conscientiam
1828 2687 1981 2724 vsumq.
1998 2675 2116 2713 licent

164 2728 406 2771 hominibus
436 2742 483 2767 eo
514 2731 617 2768 fraus
646 2738 703 2768 est
732 2730 1015 2780 periculosior,
1045 2731 1152 2780 quod
1182 2730 1340 2768 libertas
1370 2730 1432 2768 illa
1461 2737 1591 2768 nostra
1623 2729 1660 2767 in
1687 2731 1870 2778 laqueum
1891 2728 2110 2778 impruden-

169 2782 268 2819 tibus
297 2782 548 2821 conuertitur.

1840 2837 1901 2872 61.
1952 2835 2109 2873 Mediae
