2334 3020
780 92 994 119 THESES
1036 91 1466 120 THEOLOGICAE.
2010 96 2078 122 201

158 202 202 239 iis
244 201 309 251 qui
347 207 435 239 sunt
470 200 508 238 in
546 199 702 239 Christo
742 202 853 237 Iesu:
890 201 1056 238 Roman.
1085 202 1119 237 8.
1156 213 1187 237 1.
1233 200 1359 249 Huic,
1388 212 1476 238 cum
1504 202 1616 239 Patre
1645 203 1679 239 δι
1711 202 1851 252 Spiritu
1882 204 2025 241 Sancto
2056 205 2102 241 sit

158 256 261 304 laus,
291 255 418 293 honos
447 255 482 291 &
510 253 635 303 gloria
662 253 699 291 in
730 265 847 291 omne
876 264 1029 292 aeuum.
1073 255 1213 291 Amen.

497 505 622 541 XXX.
679 504 764 540 DE
808 503 1422 542 RESVRRECTIONE
1464 505 1772 542 CHRISTI.

990 625 1206 661 THESIs
1247 625 1278 661 Ι.

217 749 246 772 r.
304 735 396 773 CVM
428 735 507 772 duo
536 736 631 774 sides
659 736 697 774 in
735 735 890 774 Christo
921 735 1135 774 mediatore
1161 735 1374 788 intueatur,
1406 751 1437 777 1.
1468 743 1721 790 ταπείνωσιν,
1751 740 1966 778 secundum
1982 751 2101 789 quam

158 789 239 838 ipse
269 788 372 826 Patri
402 800 472 826 suo
504 790 711 838 ὁμοούσιος
739 802 780 827 se
807 789 968 839 abiecit,
997 790 1122 827 forma
1147 789 1248 827 serui
1265 792 1642 841 acce1›ta,ade()que
1658 793 1758 831 Patri
1775 793 1964 832 obediens
1981 795 2105 832 factus

158 849 215 879 est
244 853 364 891 vsque
392 842 441 879 ad
472 851 638 880 mortem
667 842 812 880 crucis:
850 843 1018 892 Philipp.
1050 856 1083 880 2.
1114 853 1148 890 7.
1182 856 1238 879 11.
1270 844 1538 894 ὗπερύψωσιν,
1570 846 1785 884 secundum
1815 858 1930 896 quam
1961 847 2104 897 glorifi-

158 902 266 932 catus
307 899 342 933 δε
378 902 535 932 euectus
577 902 634 932 est
660 894 698 932 in
730 907 924 933 summam
954 895 1251 945 sublimitatem,
1279 898 1495 934 secundum
1525 910 1731 947 personam
1762 900 2039 949 personaliter,
2069 901 2103 937 δι

158 955 335 985 naturam
379 955 582 997 Vtramque
625 961 698 997 pro
736 949 859 986 modo
887 947 1028 998 ipsiUS,
1057 949 1162 985 Phil.
1195 961 1228 986 2.
1257 962 1293 998 9.
1322 950 1468 1000 Ephes.
1501 963 1533 988 1.
1566 963 1635 1001 21,
1665 953 1776 991 Ordo
1806 952 1977 1002 symboli
2005 966 2104 1003 pos-

158 1002 271 1050 tulat,
310 1008 351 1038 vt
380 1001 429 1039 de
458 1000 693 1039 exaltatione
723 1001 840 1051 ipsius
867 1000 1054 1051 deinceps
1081 1013 1260 1050 agamus:
1291 1002 1400 1040 cuius
1431 1015 1520 1052 pars
1548 1003 1673 1052 prima
1702 1013 1759 1044 est
1788 1005 1933 1045 Christi
1961 1008 2104 1044 Resur-

159 1054 304 1103 rectio,
333 1056 368 1092 &
396 1053 543 1103 primus
572 1054 682 1104 quasi
713 1053 892 1093 introitus
919 1054 1038 1093 totius
1067 1061 1382 1104 consequuturae
1411 1055 1568 1105 gloriae.

212 1121 245 1145 2.
303 1108 468 1157 Surgere
496 1107 747 1157 Latinorum,
777 1108 1020 1146 Graecorum
1049 1107 1141 1144 item
1171 1108 1388 1151 ἀνὶςασθαι
1413 1108 1447 1145 &
1469 1110 1747 1149 Hebraeorum
1763 1112 1957 1162 Kmn,de
1978 1112 2103 1150 iacen-

156 1160 259 1198 tibus
288 1174 334 1198 ex
362 1173 504 1205 somno
532 1167 764 1210 vsurpantur
792 1159 1024 1210 plurimum3
1048 1161 1384 1209 quemadmodum
1410 1162 1445 1199 δι
1462 1162 1638 1201 suscitari
1654 1165 1909 1216 ἐγείρεσθαι,
1925 1165 1960 1202 &
1976 1167 2104 1203 ialeafs

157 1214 371 1252 Hebraeis:
401 1220 537 1263 postea
565 1216 658 1252 vero
686 1214 784 1252 haec
812 1213 965 1263 omnia,
995 1212 1164 1251 maxime
1193 1221 1326 1251 tamen
1354 1226 1573 1265 resurgere,
1604 1219 1685 1253 κατ’
1716 1220 1874 1267 ἐξοχὴν,
1899 1219 2103 1267 quomodo

157 1267 191 1303 &
230 1268 426 1305 Sclmcablz
468 1268 572 1316 apud
614 1268 822 1305 Hebraeos
858 1268 1095 1305 occumbere
1137 1267 1172 1304 δι
1211 1266 1455 1317 obdormire,
1492 1270 1573 1306 κατ’
1605 1268 1867 1319 ὲυφημισμὸν,
1897 1284 1968 1321 pro
1998 1271 2096 1309 mori

157 1320 303 1369 posita,
346 1321 395 1359 de
431 1332 476 1359 ea
510 1319 791 1358 resurrectione
829 1318 867 1357 in
897 1319 1082 1358 Ecclesiis
1112 1318 1341 1358 Christianis
1369 1321 1607 1360 familiariter
1635 1323 1712 1360 dici
1739 1330 1974 1373 coeperunt,
2001 1336 2102 1374 quae

159 1375 176 1420 ἦ
207 1373 400 1417 ‹inc-{gang
430 1374 473 1411 ἐκ
507 1380 647 1424 νεκρῶν
675 1372 827 1411 dicitur.
870 1374 984 1411 Haec
1026 1379 1155 1411 autem
1199 1373 1432 1413 resurrectio
1476 1375 1578 1413 varie
1608 1374 1645 1413 in
1672 1375 1871 1425 scripturis
1899 1377 2106 1428 accipitur,

159 1427 279 1463 modo
319 1438 391 1475 pro
429 1427 715 1464 resurrectione
745 1425 953 1477 spirituali,
984 1438 1084 1476 quae
1114 1426 1345 1465 resurrectio
1380 1427 1506 1477 prima
1534 1427 1695 1479 dicitur,
1724 1430 1845 1480 Apoc.
1877 1444 1936 1469 20.
1970 1442 2004 1481 5.
2035 1438 2107 1469 est-

158 1490 234 1527 que
262 1479 410 1516 tantum
440 1478 635 1516 fidelium:
666 1480 788 1518 modo
818 1493 889 1530 pro
919 1479 1204 1518 resurrectione
1234 1491 1469 1532 corporum,
1501 1494 1601 1531 quae
1628 1481 1665 1519 in
1692 1482 1807 1520 nobis
1829 1485 2001 1522 secunda
2016 1484 2109 1522 dici-

156 1539 238 1570 tur:
268 1537 391 1581 eaque
418 1538 485 1570 aut
513 1531 657 1570 Christi
688 1539 744 1571 est
772 1533 1024 1584 primogeniti
1053 1546 1100 1571 ex
1129 1533 1314 1584 mortuis,
1348 1535 1490 1574 coloss.
1525 1549 1556 1574 1.
1592 1537 1650 1573 18.
1679 1541 1746 1573 aut
1773 1536 1996 1587 hominum,
2026 1545 2108 1576 tum

159 1584 400 1635 particularis
429 1596 646 1635 paucorum
676 1585 713 1624 in
743 1587 818 1625 hac
847 1586 947 1638 vita3
975 1598 1055 1636 quo
1085 1587 1135 1624 de
1156 1599 1299 1636 genere
1328 1595 1418 1626 ante
1439 1601 1596 1638 passum
1613 1588 1810 1627 Christum
1827 1598 1916 1629 sunt
1931 1593 2110 1641 exempla

157 1646 320 1677 sexztum
349 1638 575 1676 vniuersalis
605 1639 802 1690 omnium,
831 1652 931 1689 quae
959 1639 998 1678 in
1026 1639 1242 1678 nouissimo
1272 1641 1406 1679 mundi
1436 1641 1710 1681 declarabitur.
1738 1643 1881 1683 [emm.
1907 1655 1941 1694 5.
1960 1658 2021 1693 29.
2050 1646 2110 1683 De

156 1690 439 1729 resurrectione
480 1691 623 1730 Christi
660 1705 764 1730 nunc
804 1693 977 1744 agimus,
1005 1692 1045 1731 in
1074 1704 1151 1743 qua
1180 1692 1352 1732 fidelium
1382 1701 1544 1745 Vtraque
1575 1695 1804 1734 resurrectio
1833 1709 1945 1736 suum
1974 1698 2108 1736 funda-

158 1751 332 1783 mentum
360 1745 492 1783 habet.

213 1811 248 1847 3.
305 1799 415 1836 Haec
452 1797 568 1848 igitur
608 1800 841 1838 resurrectio
877 1799 1042 1849 Christi,
1071 1806 1149 1849 est,
1178 1810 1250 1849 qua
1284 1799 1482 1848 Christus,
1513 1801 1642 1840 anima
1670 1815 1739 1852 per
1767 1803 1939 1842 diuinam
1970 1811 2107 1854 poten-

156 1850 248 1888 tiam
277 1851 318 1888 in
348 1863 492 1901 corpus
521 1852 730 1902 redeunte,
759 1854 975 1891 secundum
1004 1852 1287 1891 humanitatem
1317 1854 1579 1905 reuiuiscens,
1607 1854 1722 1894 tertio
1747 1856 1809 1895 die
1835 1859 1856 1895 e
1880 1858 2109 1908 sepulchro,

159 1904 349 1954 depositis
380 1904 506 1943 carnis
537 1905 845 1957 infirmitatibus,
874 1906 1045 1957 gloriose
1073 1905 1208 1951 effluit,
1233 1908 1267 1944 δι
1294 1920 1363 1957 per
1387 1908 1643 1959 quadraginta
1664 1908 1746 1947 dies
1760 1909 1826 1948 hic
1841 1918 2110 1949 commoratus

157 1965 235 2007 est,
274 1958 402 1996 donec
438 1957 478 1995 in
521 1960 676 1996 coelum
719 1961 971 2010 ascenderet,
1000 1967 1041 1998 vt
1069 1961 1223 2010 plenam
1253 1961 1288 1998 &
1318 1961 1586 2000 omnimodam
1617 1974 1725 2000 suam
1755 1963 1804 2002 de
1832 1971 1959 2003 morte
1988 1964 2107 2002 victo-

159 2011 255 2049 riam
285 2011 398 2049 nobis
429 2010 672 2063 obsignaret,
700 2013 735 2050 &
765 2013 1091 2052 resurrectionem
1121 2019 1294 2051 nostram
1323 2021 1528 2065 Vtramque
1557 2015 1595 2053 in
1625 2028 1708 2054 sese
1736 2015 1978 2068 initiaret,in
1996 2017 2110 2056 nobis

160 2063 348 2114 deinceps
377 2076 448 2102 suo
477 2071 659 2114 tempore
688 2066 982 2115 perficiendam.

211 2131 246 2164 4.
303 2118 434 2156 Partes
471 2117 587 2168 igitur
627 2120 917 2159 resurrectionis
953 2119 1097 2158 Christi
1127 2119 1227 2158 duae
1256 2120 1441 2159 constitui
1471 2129 1654 2173 possunt,
1683 2121 1808 2172 prima
1837 2130 1893 2161 est
1921 2131 2030 2162 actus
2057 2123 2110 2161 in-

157 2170 277 2221 terni,
315 2177 409 2220 puta
436 2170 669 2220 viuificatio,
705 2173 835 2212 anima
864 2173 901 2211 in
932 2185 1075 2223 corpus
1104 2173 1293 2211 redeunte
1324 2175 1359 2211 δε
1389 2187 1556 2225 corpore
1584 2189 1631 2213 ex
1659 2175 1811 2215 animae
1839 2177 1985 2215 vnione
2013 2178 2108 2215 reuiu

159 2223 347 2262 uiscente.
378 2225 561 2262 Secunda
590 2232 646 2263 est
675 2232 782 2265 actus
811 2227 981 2277 externi,
1011 2233 1105 2277 puta
1133 2227 1258 2264 exitus
1287 2229 1307 2265 e
1339 2229 1566 2278 sepulchro,
1594 2230 1629 2267 δι
1659 2240 1759 2278 quae
1787 2237 2012 2280 sequuntur.
2056 2232 2109 2268 Vt

159 2276 260 2315 enim
290 2286 468 2315 mortuus
499 2279 624 2316 fuerat
654 2279 689 2317 δι
719 2282 911 2330 sepultus,
941 2279 994 2317 ita
1022 2279 1159 2318 reuixit
1189 2280 1224 2317 &
1256 2282 1276 2317 e
1305 2283 1513 2331 sepulchro
1543 2281 1909 2331 exiuit,obstaculis
1925 2284 2108 2322 omnibus

157 2330 206 2367 ad
248 2330 548 2380 ipsius-»nutum
588 2332 844 2382 cedentibus,
887 2333 1082 2382 etiamque
1125 2340 1250 2371 terrae
1284 2341 1394 2372 motu
1433 2335 1605 2373 sublatis.
1647 2337 1780 2374 ΜαίΙι.
1813 2339 1873 2375 28.
1913 2351 1945 2375 2.
1988 2339 2109 2375 Hunc

158 2390 321 2432 sequuta
357 2390 413 2422 est
441 2385 703 2424 commoratio
733 2386 771 2424 in
800 2386 910 2425 terris
938 2399 1008 2436 per
1037 2401 1100 2434 40.
1130 2387 1231 2424 dies:
1270 2399 1349 2437 quo
1378 2388 1612 2427 intermedio
1642 2396 1840 2440 tempore,
1869 2402 2106 2440 quamquam

159 2436 314 2474 humilis
343 2438 472 2475 adhuc
500 2437 739 2477 conditionis
767 2451 835 2478 sua
865 2439 1036 2490 quadam
1065 2446 1293 2490 argumenta
1321 2440 1457 2489 dabat,
1486 2441 1580 2479 nihil
1608 2449 1738 2481 tamen
1754 2444 1904 2482 futurae
1920 2455 2109 2482 resurrec-

161 2489 258 2527 tioni
300 2490 473 2528 fidelium
504 2490 630 2541 ipsum
660 2493 985 2542 praeiudicauisse
1013 2493 1229 2543 putandum
1266 2501 1333 2532 est.
1375 2495 1510 2533 Voluit
1541 2495 1642 2533 enim
1675 2496 1874 2547 Christus,
1902 2504 2018 2547 provt
2046 2510 2107 2543 40.

159 2542 312 2580 dierum
344 2555 507 2582 numero
536 2556 650 2582 suum
679 2545 716 2582 in
747 2547 857 2585 terris
886 2558 1024 2584 munus
1052 2546 1229 2584 Domino
1259 2555 1576 2598 consecrauerat,
1604 2548 1657 2586 ita
1685 2549 1930 2600 idemipsum
1946 2552 2109 2588 honeste

160 2596 384 2645 deponere,
414 2599 448 2635 δι
478 2610 538 2644 40.
570 2598 653 2636 dies
681 2598 876 2637 initiandis
907 2599 1106 2650 discipulis
1135 2601 1169 2637 St
1199 2599 1236 2637 in
1269 2601 1475 2640 vocatione
1505 2613 1573 2639 sua
1602 2602 1844 2641 instituendis
1874 2603 2056 2642 tribuere.

219 2660 254 2698 5.
310 2651 441 2698 Atque
470 2651 572 2688 hanc
603 2652 928 2691 resurrectionem
959 2664 1068 2690 suam
1097 2653 1227 2690 multis
1258 2658 1479 2705 τεκμηρίοις
1507 2656 1800 2705 comprobauit:
1842 2659 1978 2695 Actor.
2012 2670 2040 2694 1.
2072 2670 2109 2705 3.

168 2703 256 2739 cum
284 2701 386 2740 enim
416 2703 540 2741 videri
568 2705 754 2754 potuisset
781 2708 804 2743 a
833 2713 957 2744 morte
987 2713 1209 2756 superatus,
1238 2719 1338 2756 quae
1368 2711 1402 2745 δι
1428 2708 1598 2746 animam
1623 2708 1723 2747 illius
1750 2712 1772 2747 a
1793 2722 1959 2760 corpore
1983 2709 2106 2747 seiun-

176 2764 282 2793 xerat
312 2756 346 2793 δε
376 2768 519 2806 corpus
547 2758 723 2796 exanime
751 2760 790 2797 in
818 2759 1065 2808 sepulchrum
1087 2759 1640 2809 abiecerat,resurrectionem
1656 2774 1765 2800 suam
1781 2764 1889 2801 omni
1904 2774 2108 2813 argumen-

1105 2814 1152 2851 26
1978 2824 2108 2854 torum
