2334 3020
808 125 875 152 DE
917 122 1062 151 VERA
1103 119 1456 148 T'HEOLOGIA.
2021 123 2067 162 75

140 243 255 271 causa
295 231 439 282 exponi
477 242 636 268 necesse
677 237 753 279 est,
795 230 934 280 quibus
977 228 1096 268 veluti
1137 226 1321 267 cancellis
1360 227 1457 265 haec
1483 225 1704 276 Theologia
1731 233 1864 266 nostra
1890 228 2067 268 absolute

140 285 266 334 dicta,
293 284 532 323 discludatur
559 283 608 321 ab
636 281 702 320 illa
731 284 871 334 altera,
898 295 1016 333 quam
1043 284 1078 320 T
1081 280 1304 332 heologiam
1327 279 1540 319 secundum
1564 279 1659 328 quid
1680 278 1847 319 diximus
1862 282 2068 332 appellari:

138 344 180 376 vt
218 339 292 376 hac
332 336 482 375 ratione
522 337 557 374 &
599 334 663 373 via
704 336 934 386 constituta,
963 336 1012 374 de
1037 341 1199 384 vtraque
1226 333 1410 382 deinceps
1436 343 1507 370 suo
1536 331 1674 370 ordine
1701 331 1923 386 videamus,
1952 343 2070 385 prout

140 393 281 430 natura
320 389 432 428 huius
473 390 508 427 &
550 387 650 427 illius
693 389 959 438 postulauerit.
1000 387 1172 437 Vtriusq.
1215 398 1310 436 ergo
1349 384 1590 435 Theologiae
1631 385 1839 438 terminos,
1867 387 2068 426 breuitatis

141 455 277 492 causa,
303 452 495 492 ponemus
522 440 657 491 binos,
686 454 733 479 ex
761 443 902 492 quibus
928 448 1107 480 naturam
1131 439 1282 478 illarum
1297 438 1596 488 quodammodo
1613 438 1749 476 saltem
1767 451 2070 490 cognoscamus.

141 497 241 534 Nam
283 494 525 544 Theologiae
566 495 744 533 absolute
781 495 907 534 dictae
935 497 1070 544 (quam
1097 494 1204 531 Deus
1232 492 1364 543 generi
1390 492 1565 529 humano
1594 491 1707 529 offert
1734 491 1885 531 donum
1911 493 2069 543 purissi-

139 561 245 587 mum
285 555 402 597 atque
444 547 842 598 incorruptissimum,
884 550 918 587 δε
954 547 1071 586 tradit
1107 545 1305 584 Ecclesiae
1344 545 1451 594 suae)
1479 542 1633 582 termini
1661 544 1817 594 proprie
1845 545 1924 584 duo
1953 553 2065 585 sunt:

136 603 247 640 Vnus
275 607 332 639 est
359 599 545 650 subiecti,
574 600 623 638 de
651 612 730 649 quo
758 600 884 651 agitur
909 601 984 639 hac
1010 606 1145 638 nostra
1171 597 1408 648 Theologia3
1429 598 1526 636 alter
1540 603 1598 635 est
1612 596 1721 635 modi
1735 597 1787 635 ad
1802 598 2066 649 Theologiam

137 656 239 692 hanc
281 655 316 692 δε
355 652 583 703 sapientiam
612 652 784 692 diuinam
811 652 1038 704 pertinentis
1066 665 1137 703 pro
1165 658 1280 701 captu
1308 656 1469 689 naturae
1495 651 1531 688 &
1558 649 1710 688 ratione
1738 649 1870 689 salutis
1897 659 2070 691 nostrae.

138 707 213 745 His
241 706 394 744 duobus
422 706 625 757 expositis,
653 706 702 744 ad
731 707 917 745 terminos
943 718 1101 756 quoque
1127 706 1163 743 T
1165 704 1370 754 heologiae
1396 703 1612 742 secundum
1640 702 1735 753 quid
1754 703 1881 742 dictae
1902 710 2070 743 statuen-

138 760 211 798 dos
252 759 404 797 venturi
443 771 586 797 sumus.
630 759 855 798 Subiectum
888 772 1003 810 ergo,
1041 759 1091 797 de
1118 769 1197 807 quo
1225 756 1467 807 Theologiae
1494 755 1607 794 huius
1635 762 1792 795 nostrae
1819 757 2069 796 documentis

138 811 316 850 homines
341 811 611 863 instituuntur,
637 824 758 850 vnum
784 820 841 851 est
868 812 1168 862 amplissimum,
1196 810 1375 859 adeoque
1402 809 1595 848 infinitum
1618 809 1747 847 Deus:
1770 809 1836 859 qui
1851 809 2068 849 vniuersale

138 865 371 915 principium
413 871 488 915 est,
528 867 563 903 ἃ
604 867 819 916 exemplar,
857 868 892 904 δι
919 865 1005 903 finis
1032 876 1162 902 rerum
1191 863 1366 901 omnium
1395 873 1494 911 quae
1522 862 1678 899 fuerunt
1705 861 1856 913 adhuc,
1883 870 1949 901 aut
1977 870 2068 902 sunt

139 919 178 956 in
219 919 298 956 hoc
338 924 533 968 tempore,
571 925 636 956 aut
672 931 842 968 vnquam
869 920 1020 957 futurae
1047 922 1160 955 sunt:
1193 916 1368 953 Infinitus
1396 915 1434 952 in
1464 926 1526 964 se,
1555 919 1742 963 suamque
1769 914 1997 954 infinitatem
2027 916 2065 954 in

138 971 254 1009 rebus
287 971 468 1009 omnibus
495 972 720 1020 testificans,
750 971 994 1021 amplissimis
1022 968 1229 1018 essentiae,
1256 967 1407 1006 virtutis
1435 967 1471 1004 δι
1499 966 1771 1016 operationum
1799 967 2068 1007 communium

137 1024 464 1074 singulariumque
501 1025 754 1075 argumentis,
793 1037 892 1074 quae
919 1024 1026 1061 nulla
1052 1023 1167 1073 plane
1195 1034 1242 1058 ac
1268 1033 1317 1059 ne
1345 1019 1521 1058 caelestis
1551 1019 1710 1068 quidem
1735 1027 1910 1059 creatura
1938 1028 2068 1072 potest

141 1089 260 1126 opere
294 1077 380 1126 ipso
415 1077 466 1114 ad
500 1077 803 1127 perfectionem,
839 1090 887 1115 ex
923 1078 1027 1114 facto
1054 1074 1274 1124 percipere,
1301 1078 1366 1111 aut
1394 1084 1574 1110 sermone
1603 1072 1842 1123 exprimere,
1869 1080 1935 1112 aut
1963 1087 2070 1112 com-

140 1129 258 1179 plecti
297 1129 560 1179 intelligentia.
602 1130 852 1179 Quapropter
886 1130 975 1168 eum
1008 1128 1179 1167 infinitae
1212 1126 1312 1164 illius
1340 1124 1551 1175 essentiae,
1579 1125 1864 1175 maiestatisque
1893 1139 2070 1176 compre-

139 1182 387 1228 hendendae,
429 1195 476 1220 ac
516 1184 622 1221 velut
657 1183 902 1221 definiendae
929 1195 997 1232 per
1024 1180 1182 1230 mentis,
1212 1177 1421 1229 sermonis,
1448 1185 1689 1226 naturaeque
1715 1178 1828 1217 huius
1856 1179 2071 1230 angustias,

139 1235 236 1273 ratio
277 1236 384 1273 nulla
424 1235 588 1274 inueniri
628 1237 652 1273 a
692 1236 806 1274 rebus
847 1235 988 1274 creatis
1023 1240 1090 1272 aut
1117 1231 1328 1281 excogitari
1354 1230 1495 1280 possit:
1523 1231 1630 1268 nulla
1662 1232 1841 1280 profecto
1868 1231 1943 1270 Dei
1970 1231 2071 1271 illius

137 1288 264 1327 nostri
301 1291 358 1336 (vt
391 1288 560 1326 infinitus
593 1290 666 1337 est)
701 1288 860 1327 scientia
889 1294 954 1326 aut
983 1285 1284 1336 comprehensio
1312 1284 1442 1333 aliqua
1469 1283 1510 1321 in
1538 1284 1654 1321 rebus
1682 1282 1820 1322 creatis
1847 1284 2071 1335 exstitisset,

137 1341 209 1380 nisi
237 1342 344 1378 Deus
372 1339 435 1379 ille
463 1341 630 1391 optimus
658 1341 846 1379 maximus
873 1353 974 1391 sese,
1003 1338 1181 1389 quamuis
1206 1337 1418 1387 infinitum,
1448 1337 1578 1386 aliquo
1603 1342 1720 1386 pacto
1744 1336 1929 1375 finiuisset
1948 1339 2070 1376 vltro:

137 1401 178 1432 vt
217 1392 375 1432 scientia
415 1393 496 1432 eius
537 1395 572 1432 &
610 1394 794 1443 sapientia
831 1401 937 1432 certa
974 1393 1024 1431 de
1051 1392 1137 1442 ipso
1165 1390 1216 1429 ad
1243 1402 1304 1429 res
1332 1396 1480 1428 creatas
1507 1389 1736 1439 perueniret.
1779 1389 1842 1428 Sic
1869 1390 2070 1441 prospexit

137 1448 262 1497 Deus,
302 1445 471 1496 primum
512 1452 553 1484 vt
593 1448 616 1484 a
658 1446 812 1485 Christo
848 1452 1046 1485 seruatore
1079 1450 1214 1483 nostro
1251 1444 1291 1482 in
1318 1442 1441 1494 gratia
1466 1442 1620 1482 vnionis
1648 1443 1862 1481 secundum
1888 1450 2068 1481 naturam

136 1501 346 1537 humanam
371 1498 489 1548 ipsius
517 1500 933 1551 comprehenderetur,
962 1504 1150 1549 quantum
1179 1496 1339 1546 quidem
1360 1502 1489 1546 potest
1508 1502 1646 1534 natura
1659 1502 1789 1534 creata
1803 1495 1854 1534 ad
1869 1508 2067 1534 summum

136 1554 171 1589 δε
198 1551 504 1601 incomparabile
532 1552 741 1602 sapientiae
768 1552 963 1603 fastigium
992 1557 1129 1590 euecta
1158 1563 1298 1599 capere
1325 1562 1394 1599 per
1415 1549 1648 1599 singularem
1664 1548 1771 1587 illam
1785 1549 2066 1600 Theologiam‚

136 1617 254 1654 quam
293 1604 446 1642 vnionis
474 1608 680 1655 propterea
708 1606 1002 1656 appellauimus.
1046 1604 1110 1642 Sic
1137 1604 1275 1641 eadem
1304 1602 1549 1653 prouidentia
1576 1601 1703 1640 effecit
1730 1602 1916 1653 amplius,
1946 1609 1987 1641 vt
2019 1603 2069 1641 ab

134 1655 293 1707 Angelis
333 1660 367 1695 &
407 1657 640 1707 spiritalibus
674 1658 953 1709 intelligentiis,
989 1669 1173 1707 praesens
1201 1661 1224 1694 a
1251 1655 1543 1706 praesentibus,
1572 1655 1722 1693 visione
1750 1656 1922 1704 quadarn
1949 1654 2072 1705 perci-

135 1715 309 1760 peretur,
337 1723 409 1759 pro
438 1723 485 1748 eo
514 1724 560 1749 ac
587 1711 776 1750 essentiae
804 1713 893 1750 illae
920 1712 1106 1750 caelestes
1133 1709 1283 1748 visione
1310 1709 1386 1747 Dei
1411 1707 1624 1758 praesentis
1653 1707 1825 1757 gloriosa
1847 1708 1921 1746 frui
1935 1715 2072 1758 potue-

133 1769 242 1800 runt:
271 1763 374 1801 vnde
401 1764 620 1814 Theologia
646 1764 804 1803 visionis
834 1765 927 1803 item
956 1764 1163 1814 appellata.
1191 1762 1256 1801 Sic
1282 1762 1450 1811 denique
1475 1762 1611 1800 eadem
1627 1773 1786 1811 quoque
1801 1761 2072 1812 prouidentia,

133 1815 202 1854 sed
229 1828 298 1865 per
325 1816 601 1866 amplissimam
630 1819 665 1856 δι
693 1830 894 1868 nunquam
921 1818 1011 1856 satis
1038 1817 1236 1855 laudatam
1265 1814 1588 1862 misericordiam,
1617 1813 1792 1864 prouidit
1820 1820 1937 1864 atque
1964 1827 2073 1864 prae-

133 1868 252 1907 stituit
293 1868 357 1907 ille
393 1869 693 1920 sapientissimus
730 1871 1024 1910 miserationum
1061 1871 1193 1920 Pater,
1221 1875 1262 1907 vt
1290 1868 1330 1906 in
1364 1867 1488 1906 oculis
1517 1867 1668 1918 generis
1695 1867 1855 1905 humani
1882 1867 2075 1917 singulare

133 1921 336 1971 quoddam
363 1929 529 1961 exstaret
557 1925 760 1973 speculum
787 1926 823 1962 ὃ(
851 1922 1053 1974 singularis
1082 1924 1211 1961 forma
1237 1923 1261 1959 a
1289 1923 1377 1959 Deo
1403 1920 1712 1959 communicata:
1729 1931 1806 1970 qua
1819 1920 1924 1970 ipse,
1941 1932 2074 1969 quam-

133 1973 192 2012 uis
233 1974 404 2013 infinitus
445 1989 516 2026 per
556 1976 709 2027 onmia,
750 1976 860 2026 quasi
901 1977 1011 2015 finito
1053 1975 1194 2023 modo,
1235 1987 1276 2013 se
1304 1974 1488 2013 creaturis
1515 1973 1763 2012 inferioribus
1793 1973 2073 2024 spectandum,

135 2028 478 2079 cognoscendum,
517 2029 738 2080 sciendum,
775 2031 811 2068 δι
842 2030 1074 2080 sapiendum
1102 2031 1160 2078 (vt
1186 2029 1239 2066 ita
1267 2026 1458 2076 dicamus)
1487 2027 1689 2066 exhiberet
1715 2039 1786 2075 per
1812 2025 2075 2076 Theologiam

137 2080 405 2132 reuelationis,
446 2095 564 2132 quam
607 2083 644 2120 &
684 2089 860 2122 nostram
897 2083 1151 2133 appellamus.
1193 2082 1443 2130 Quapropter
1469 2081 1559 2118 cum
1589 2079 1755 2118 subiecti
1782 2078 1883 2117 illius
1911 2079 2073 2129 modus,

136 2140 254 2183 prout
280 2134 471 2172 infinitum
501 2141 579 2186 est,
608 2136 695 2186 capi
723 2138 747 2174 a
773 2149 974 2186 quoquam
1001 2148 1083 2173 non
1110 2134 1253 2185 possit,
1279 2134 1328 2172 de
1352 2133 1473 2172 modo
1489 2132 1750 2183 Theologiae,
1766 2131 1806 2170 id
1821 2131 2075 2183 est,Sapien-

137 2186 212 2224 tiae
239 2187 360 2238 illius,
394 2199 471 2237 qua
507 2201 548 2226 se
575 2188 745 2227 infinitus
769 2190 877 2239 quasi
906 2188 1108 2228 definitum
1136 2194 1267 2226 extare
1292 2186 1435 2237 voluit,
1465 2186 1680 2224 videndum
1708 2192 1777 2224 est.
1818 2186 1881 2223 Ac
1909 2185 2075 2223 modum

140 2239 299 2288 quidem
338 2241 450 2279 huius
492 2241 723 2293 sapientiae,
765 2255 884 2292 quam
918 2241 1181 2291 Theologiam
1216 2246 1391 2278 nostram
1432 2238 1512 2278 siue
1540 2238 1787 2278 reuelationis
1815 2239 2074 2288 appellamus,

140 2291 303 2341 minime
328 2293 591 2343 adaequatum
619 2307 701 2333 esse
730 2295 929 2346 subiecto,
958 2302 1024 2333 aut
1052 2307 1134 2333 esse
1162 2305 1334 2342 vnquam
1362 2305 1409 2331 ex
1432 2294 1537 2331 facto
1564 2304 1700 2342 posse,
1729 2291 1827 2330 ratio
1843 2291 1926 2341 ipsa
1941 2291 2077 2341 docet,

141 2346 176 2382 δι
220 2351 354 2384 nostra
395 2354 534 2385 natura
573 2349 755 2397 postulat.
798 2349 905 2397 Quid
939 2348 1043 2387 enim
1079 2346 1201 2397 magis
1236 2358 1285 2384 ex
1311 2345 1461 2384 ratione
1489 2351 1567 2395 est,
1597 2347 1716 2395 quam
1746 2350 1788 2382 vt
1816 2343 2076 2394 intelligamus

139 2408 260 2436 vnum
299 2399 492 2438 infinitum
529 2413 629 2439 esse:
666 2402 702 2439 δι
730 2413 821 2440 cum
851 2414 899 2440 eo
927 2414 1007 2440 vno
1036 2400 1145 2450 quod
1172 2399 1365 2438 infinitum
1393 2405 1472 2449 est,
1499 2398 1595 2437 nihil
1619 2396 1841 2448 comparari
1867 2403 1933 2434 aut
1960 2397 2078 2435 adae-

140 2451 251 2500 quari
277 2451 414 2500 posse?
453 2452 641 2504 Alioquin
670 2455 793 2504 perire
821 2461 999 2493 naturam
1026 2452 1225 2502 vtriusque
1253 2464 1300 2490 ex
1327 2452 1395 2490 illo
1424 2456 1535 2502 quasi
1563 2462 1757 2490 concursu
1770 2451 1944 2499 ipsorum
1960 2461 2076 2499 opor-

138 2504 552 2562 terea-infinitumque
579 2519 663 2545 esse
691 2507 887 2557 desinere,
916 2507 1007 2557 quia
1034 2508 1199 2544 alterum
1227 2506 1348 2544 altero
1378 2506 1544 2544 finiatur.
1580 2505 1771 2542 Naturam
1793 2505 1888 2541 vero
1904 2509 2079 2540 nostram

139 2569 221 2594 non
261 2563 315 2594 ita
347 2566 614 2608 comparatam
653 2573 756 2608 esse,
791 2567 833 2598 vt
860 2562 991 2599 Deum
1019 2558 1212 2597 infinitum
1241 2564 1306 2596 aut
1333 2570 1394 2596 res
1423 2559 1540 2596 etiam
1566 2557 1718 2596 infinito
1745 2555 1943 2606 proximas
1970 2567 2078 2593 corn-

142 2610 378 2659 prehendat,
406 2611 578 2661 quisquis
606 2613 746 2663 nescit,
776 2619 954 2651 naturam
984 2623 1236 2651 communem
1263 2611 1404 2662 nescit,
1434 2612 1470 2649 &
1498 2609 1669 2660 seipsum
1690 2607 2079 2659 nescit-,Praesertim

141 2664 252 2711 vero,
281 2662 313 2700 si
338 2663 379 2702 id
407 2665 642 2713 cogitemus,
671 2668 801 2704 Deum
830 2665 1060 2716 sapientiam
1074 2676 1183 2702 suam
1198 2663 1498 2714 bonitatemque
1513 2674 1603 2701 cum
1624 2664 1796 2701 humano
1812 2674 1955 2712 genere
1971 2674 2074 2699 com-

143 2715 378 2754 municatam
414 2717 607 2756 voluisse:
646 2719 754 2757 cuius
781 2720 836 2758 rei
863 2717 1124 2769 perficiendae
1152 2717 1258 2755 nulla
1285 2730 1458 2767 vnquam
1487 2716 1671 2755 exstitura
1698 2715 1834 2754 fuisset
1861 2713 1982 2764 ratio,
2009 2714 2082 2752 nisi

144 2768 306 2806 modum
349 2776 687 2821 contemperatum
722 2773 884 2811 modulo
921 2778 1081 2810 naturae
1119 2772 1154 2809 &
1185 2769 1425 2810 conditionis
1451 2776 1632 2820 nostrae,
1660 2767 1939 2817 Ecclesiaeque
1966 2779 2078 2858 sgae,

1940 2832 1986 2859 ea
2015 2832 2078 2859 em
