<?xml version="1.0" encoding="UTF-8"?>
<!DOCTYPE html PUBLIC "-//W3C//DTD XHTML 1.0 Transitional//EN"
    "http://www.w3.org/TR/xhtml1/DTD/xhtml1-transitional.dtd">
<html xmlns="http://www.w3.org/1999/xhtml" xml:lang="en" lang="en">
 <head>
  <title>
</title>
<meta http-equiv="Content-Type" content="text/html;charset=utf-8" />
  <meta name='ocr-system' content='tesseract 3.04.00' />
  <meta name='ocr-capabilities' content='ocr_page ocr_carea ocr_par ocr_line ocrx_word'/>
</head>
<body>
  <div class='ocr_page' id='page_1' title='image "./opusculatheologi00juni/opusculatheologi00juni_0483.png"; bbox 0 0 2334 3020; ppageno 0'>
   <div class='ocr_carea' id='block_1_1' title="bbox 853 117 2083 157">
    <p class='ocr_par' dir='ltr' id='par_1_1' title="bbox 853 117 2083 157">
     <span class='ocr_line' id='line_1_1' title="bbox 853 117 2083 157; baseline -0.001 -9"><span class='ocrx_word' id='word_1_1' title='bbox 853 117 1118 149; x_wconf 64' lang='lat' dir='ltr'>mnarum</span> <span class='ocrx_word' id='word_1_2' title='bbox 1162 121 1301 149; x_wconf 83' lang='lat' dir='ltr'>PARS</span> <span class='ocrx_word' id='word_1_3' title='bbox 1345 118 1369 148; x_wconf 84' lang='grc'>1.</span> <span class='ocrx_word' id='word_1_4' title='bbox 2007 123 2083 157; x_wconf 62' lang='lat'>449</span> 
     </span>
    </p>
   </div>
   <div class='ocr_carea' id='block_1_2' title="bbox 142 225 2105 2887">
    <p class='ocr_par' dir='ltr' id='par_1_2' title="bbox 142 225 2086 1502">
     <span class='ocr_line' id='line_1_2' title="bbox 142 225 2081 280; baseline -0.001 -13"><span class='ocrx_word' id='word_1_5' title='bbox 142 226 336 267; x_wconf 86' lang='lat' dir='ltr'>Dominus</span> <span class='ocrx_word' id='word_1_6' title='bbox 373 225 466 280; x_wconf 73' lang='lat' dir='ltr'>ipsi,</span> <span class='ocrx_word' id='word_1_7' title='bbox 503 226 684 267; x_wconf 89' lang='lat' dir='ltr'>ferendus</span> <span class='ocrx_word' id='word_1_8' title='bbox 729 236 786 266; x_wconf 87' lang='grc'>031</span> <span class='ocrx_word' id='word_1_9' title='bbox 827 242 981 278; x_wconf 77' lang='grc'>0113113;</span> <span class='ocrx_word' id='word_1_10' title='bbox 1025 228 1289 279; x_wconf 80' lang='lat' dir='ltr'>expectandus</span> <span class='ocrx_word' id='word_1_11' title='bbox 1333 228 1527 266; x_wconf 82' lang='lat' dir='ltr'>Dominus</span> <span class='ocrx_word' id='word_1_12' title='bbox 1572 228 1640 277; x_wconf 86' lang='lat' dir='ltr'>qui</span> <span class='ocrx_word' id='word_1_13' title='bbox 1683 235 1877 267; x_wconf 78' lang='lat' dir='ltr'>errantem</span> <span class='ocrx_word' id='word_1_14' title='bbox 1921 228 2081 266; x_wconf 85' lang='lat' dir='ltr'>doceat:</span> 
     </span>
     <span class='ocr_line' id='line_1_3' title="bbox 147 280 2083 333; baseline -0.001 -12"><span class='ocrx_word' id='word_1_15' title='bbox 147 285 182 321; x_wconf 88' lang='lat'>&amp;</span> <span class='ocrx_word' id='word_1_16' title='bbox 220 293 357 320; x_wconf 89' lang='lat' dir='ltr'>manus</span> <span class='ocrx_word' id='word_1_17' title='bbox 392 288 547 320; x_wconf 90' lang='lat' dir='ltr'>nostrae</span> <span class='ocrx_word' id='word_1_18' title='bbox 581 294 662 320; x_wconf 91' lang='lat' dir='ltr'>non</span> <span class='ocrx_word' id='word_1_19' title='bbox 690 282 741 319; x_wconf 88' lang='lat' dir='ltr'>ad</span> <span class='ocrx_word' id='word_1_20' title='bbox 771 282 1049 332; x_wconf 85' lang='lat' dir='ltr'>depellendum</span> <span class='ocrx_word' id='word_1_21' title='bbox 1078 289 1293 333; x_wconf 78' lang='lat' dir='ltr'>errantem,</span> <span class='ocrx_word' id='word_1_22' title='bbox 1323 281 1392 321; x_wconf 89' lang='lat' dir='ltr'>sed</span> <span class='ocrx_word' id='word_1_23' title='bbox 1420 281 1470 319; x_wconf 84' lang='lat' dir='ltr'>ad</span> <span class='ocrx_word' id='word_1_24' title='bbox 1500 280 1599 319; x_wconf 89' lang='lat' dir='ltr'>viam</span> <span class='ocrx_word' id='word_1_25' title='bbox 1630 282 1926 320; x_wconf 80' lang='lat' dir='ltr'>monstrandam</span> <span class='ocrx_word' id='word_1_26' title='bbox 1954 280 2083 331; x_wconf 79' lang='lat' dir='ltr'>potius</span> 
     </span>
     <span class='ocr_line' id='line_1_4' title="bbox 143 333 2083 386; baseline -0.001 -12"><span class='ocrx_word' id='word_1_27' title='bbox 143 335 411 386; x_wconf 89' lang='lat' dir='ltr'>adhibendae,</span> <span class='ocrx_word' id='word_1_28' title='bbox 439 334 471 373; x_wconf 88' lang='lat' dir='ltr'>si</span> <span class='ocrx_word' id='word_1_29' title='bbox 499 335 606 373; x_wconf 86' lang='lat' dir='ltr'>Deus</span> <span class='ocrx_word' id='word_1_30' title='bbox 633 347 794 384; x_wconf 82' lang='lat' dir='ltr'>operam</span> <span class='ocrx_word' id='word_1_31' title='bbox 823 343 998 374; x_wconf 88' lang='lat' dir='ltr'>nostram</span> <span class='ocrx_word' id='word_1_32' title='bbox 1027 336 1079 374; x_wconf 90' lang='lat' dir='ltr'>ad</span> <span class='ocrx_word' id='word_1_33' title='bbox 1108 336 1272 374; x_wconf 87' lang='lat' dir='ltr'>salutem</span> <span class='ocrx_word' id='word_1_34' title='bbox 1301 339 1337 374; x_wconf 64' lang='grc' dir='ltr'>ἃ(</span> <span class='ocrx_word' id='word_1_35' title='bbox 1365 333 1648 373; x_wconf 80' lang='lat' dir='ltr'>institutionem</span> <span class='ocrx_word' id='word_1_36' title='bbox 1665 335 1747 373; x_wconf 89' lang='lat' dir='ltr'>eius</span> <span class='ocrx_word' id='word_1_37' title='bbox 1762 337 1870 374; x_wconf 90' lang='lat' dir='ltr'>volet</span> <span class='ocrx_word' id='word_1_38' title='bbox 1885 333 2083 385; x_wconf 90' lang='lat' dir='ltr'>occupari.</span> 
     </span>
     <span class='ocr_line' id='line_1_5' title="bbox 145 387 2082 440; baseline -0.001 -14"><span class='ocrx_word' id='word_1_39' title='bbox 145 390 247 427; x_wconf 89' lang='lat' dir='ltr'>Nam</span> <span class='ocrx_word' id='word_1_40' title='bbox 287 388 372 438; x_wconf 91' lang='lat' dir='ltr'>quis</span> <span class='ocrx_word' id='word_1_41' title='bbox 413 387 536 426; x_wconf 88' lang='lat' dir='ltr'>nescit</span> <span class='ocrx_word' id='word_1_42' title='bbox 576 391 783 438; x_wconf 77' lang='lat' dir='ltr'>propterea</span> <span class='ocrx_word' id='word_1_43' title='bbox 826 388 1082 440; x_wconf 89' lang='lat' dir='ltr'>Euangelium</span> <span class='ocrx_word' id='word_1_44' title='bbox 1126 391 1161 427; x_wconf 84' lang='lat'>&amp;</span> <span class='ocrx_word' id='word_1_45' title='bbox 1198 389 1417 427; x_wconf 89' lang='lat' dir='ltr'>vniuersam</span> <span class='ocrx_word' id='word_1_46' title='bbox 1445 388 1667 426; x_wconf 87' lang='lat' dir='ltr'>doctrinam</span> <span class='ocrx_word' id='word_1_47' title='bbox 1697 388 1828 426; x_wconf 88' lang='lat' dir='ltr'>salutis</span> <span class='ocrx_word' id='word_1_48' title='bbox 1856 387 2082 437; x_wconf 84' lang='lat' dir='ltr'>mysterium</span> 
     </span>
     <span class='ocr_line' id='line_1_6' title="bbox 144 440 2084 492; baseline -0.001 -13"><span class='ocrx_word' id='word_1_49' title='bbox 144 440 349 492; x_wconf 87' lang='lat' dir='ltr'>appellari,</span> <span class='ocrx_word' id='word_1_50' title='bbox 392 441 501 490; x_wconf 84' lang='lat' dir='ltr'>quod</span> <span class='ocrx_word' id='word_1_51' title='bbox 542 442 625 479; x_wconf 89' lang='lat' dir='ltr'>sola</span> <span class='ocrx_word' id='word_1_52' title='bbox 652 442 891 481; x_wconf 87' lang='lat' dir='ltr'>reuelatione</span> <span class='ocrx_word' id='word_1_53' title='bbox 919 442 1063 492; x_wconf 90' lang='lat' dir='ltr'>gratiae</span> <span class='ocrx_word' id='word_1_54' title='bbox 1091 442 1241 480; x_wconf 90' lang='lat' dir='ltr'>homini</span> <span class='ocrx_word' id='word_1_55' title='bbox 1270 440 1511 480; x_wconf 81' lang='lat' dir='ltr'>innotescat?</span> <span class='ocrx_word' id='word_1_56' title='bbox 1539 447 1623 486; x_wconf 88' lang='lat' dir='ltr'>aut,</span> <span class='ocrx_word' id='word_1_57' title='bbox 1653 449 1770 491; x_wconf 91' lang='lat' dir='ltr'>prout</span> <span class='ocrx_word' id='word_1_58' title='bbox 1798 441 1973 480; x_wconf 86' lang='lat' dir='ltr'>Christus</span> <span class='ocrx_word' id='word_1_59' title='bbox 2002 440 2084 491; x_wconf 88' lang='lat' dir='ltr'>ipse</span> 
     </span>
     <span class='ocr_line' id='line_1_7' title="bbox 143 493 2085 544; baseline 0 -12"><span class='ocrx_word' id='word_1_60' title='bbox 143 495 300 533; x_wconf 90' lang='lat' dir='ltr'>dicebat</span> <span class='ocrx_word' id='word_1_61' title='bbox 326 493 567 544; x_wconf 90' lang='lat' dir='ltr'>Nicodemo,</span> <span class='ocrx_word' id='word_1_62' title='bbox 597 494 682 544; x_wconf 91' lang='lat' dir='ltr'>quis</span> <span class='ocrx_word' id='word_1_63' title='bbox 711 495 862 544; x_wconf 85' lang='lat' dir='ltr'>ignorat</span> <span class='ocrx_word' id='word_1_64' title='bbox 891 497 1040 533; x_wconf 90' lang='lat' dir='ltr'>nullum</span> <span class='ocrx_word' id='word_1_65' title='bbox 1068 495 1289 534; x_wconf 81' lang='lat' dir='ltr'>ascendisse</span> <span class='ocrx_word' id='word_1_66' title='bbox 1317 494 1355 532; x_wconf 92' lang='lat' dir='ltr'>in</span> <span class='ocrx_word' id='word_1_67' title='bbox 1386 495 1560 544; x_wconf 90' lang='lat' dir='ltr'>caelum,</span> <span class='ocrx_word' id='word_1_68' title='bbox 1591 495 1626 531; x_wconf 65' lang='grc' dir='ltr'>δ(</span> <span class='ocrx_word' id='word_1_69' title='bbox 1646 507 1706 533; x_wconf 84' lang='grc'>103</span> <span class='ocrx_word' id='word_1_70' title='bbox 1722 496 1907 533; x_wconf 87' lang='lat' dir='ltr'>caelestes</span> <span class='ocrx_word' id='word_1_71' title='bbox 1922 493 2085 544; x_wconf 87' lang='lat' dir='ltr'>perinde</span> 
     </span>
     <span class='ocr_line' id='line_1_8' title="bbox 143 546 2086 598; baseline -0.001 -13"><span class='ocrx_word' id='word_1_72' title='bbox 143 547 298 586; x_wconf 89' lang='lat' dir='ltr'>nouisse</span> <span class='ocrx_word' id='word_1_73' title='bbox 339 560 386 585; x_wconf 91' lang='lat' dir='ltr'>ac</span> <span class='ocrx_word' id='word_1_74' title='bbox 427 546 459 585; x_wconf 91' lang='lat' dir='ltr'>si</span> <span class='ocrx_word' id='word_1_75' title='bbox 500 547 800 598; x_wconf 87' lang='lat' dir='ltr'>peruestigasset</span> <span class='ocrx_word' id='word_1_76' title='bbox 828 551 982 598; x_wconf 77' lang='lat' dir='ltr'>coram,</span> <span class='ocrx_word' id='word_1_77' title='bbox 1011 548 1084 586; x_wconf 89' lang='lat' dir='ltr'>nisi</span> <span class='ocrx_word' id='word_1_78' title='bbox 1113 560 1202 586; x_wconf 90' lang='lat' dir='ltr'>eum</span> <span class='ocrx_word' id='word_1_79' title='bbox 1231 547 1298 597; x_wconf 90' lang='lat' dir='ltr'>qui</span> <span class='ocrx_word' id='word_1_80' title='bbox 1326 547 1528 586; x_wconf 89' lang='lat' dir='ltr'>descendit</span> <span class='ocrx_word' id='word_1_81' title='bbox 1556 549 1577 585; x_wconf 88' lang='grc'>0</span> <span class='ocrx_word' id='word_1_82' title='bbox 1605 549 1737 597; x_wconf 83' lang='grc'>03010,</span> <span class='ocrx_word' id='word_1_83' title='bbox 1765 547 1886 585; x_wconf 90' lang='lat' dir='ltr'>filium</span> <span class='ocrx_word' id='word_1_84' title='bbox 1914 547 2086 586; x_wconf 87' lang='lat' dir='ltr'>hominis</span> 
     </span>
     <span class='ocr_line' id='line_1_9' title="bbox 144 598 2085 651; baseline -0.001 -12"><span class='ocrx_word' id='word_1_85' title='bbox 144 600 212 650; x_wconf 87' lang='lat' dir='ltr'>qui</span> <span class='ocrx_word' id='word_1_86' title='bbox 238 606 296 639; x_wconf 90' lang='lat' dir='ltr'>est</span> <span class='ocrx_word' id='word_1_87' title='bbox 326 599 365 637; x_wconf 91' lang='lat' dir='ltr'>in</span> <span class='ocrx_word' id='word_1_88' title='bbox 394 598 529 638; x_wconf 83' lang='lat' dir='ltr'>caelo?</span> <span class='ocrx_word' id='word_1_89' title='bbox 558 600 656 649; x_wconf 84' lang='lat' dir='ltr'>Quis</span> <span class='ocrx_word' id='word_1_90' title='bbox 684 613 766 639; x_wconf 92' lang='lat' dir='ltr'>non</span> <span class='ocrx_word' id='word_1_91' title='bbox 794 601 924 640; x_wconf 89' lang='lat' dir='ltr'>audiat</span> <span class='ocrx_word' id='word_1_92' title='bbox 950 603 1081 651; x_wconf 90' lang='lat' dir='ltr'>Jesum</span> <span class='ocrx_word' id='word_1_93' title='bbox 1111 601 1309 640; x_wconf 88' lang='lat' dir='ltr'>Christum</span> <span class='ocrx_word' id='word_1_94' title='bbox 1339 602 1443 639; x_wconf 91' lang='lat' dir='ltr'>clara</span> <span class='ocrx_word' id='word_1_95' title='bbox 1469 613 1570 639; x_wconf 92' lang='lat' dir='ltr'>voce</span> <span class='ocrx_word' id='word_1_96' title='bbox 1596 600 1874 639; x_wconf 84' lang='lat' dir='ltr'>inclamantem</span> <span class='ocrx_word' id='word_1_97' title='bbox 1902 600 2022 650; x_wconf 90' lang='lat' dir='ltr'>patri,</span> <span class='ocrx_word' id='word_1_98' title='bbox 2050 602 2085 639; x_wconf 83' lang='lat'>&amp;</span> 
     </span>
     <span class='ocr_line' id='line_1_10' title="bbox 143 653 2085 705; baseline 0 -13"><span class='ocrx_word' id='word_1_99' title='bbox 143 654 359 702; x_wconf 86' lang='grc'>(11001110111,</span> <span class='ocrx_word' id='word_1_100' title='bbox 384 653 562 692; x_wconf 84' lang='lat' dir='ltr'>Gloriam</span> <span class='ocrx_word' id='word_1_101' title='bbox 592 654 663 692; x_wconf 90' lang='lat' dir='ltr'>tibi</span> <span class='ocrx_word' id='word_1_102' title='bbox 697 654 848 704; x_wconf 87' lang='lat' dir='ltr'>tribuo,</span> <span class='ocrx_word' id='word_1_103' title='bbox 876 662 985 705; x_wconf 88' lang='lat' dir='ltr'>pater</span> <span class='ocrx_word' id='word_1_104' title='bbox 1013 654 1174 693; x_wconf 89' lang='lat' dir='ltr'>domine</span> <span class='ocrx_word' id='word_1_105' title='bbox 1202 654 1297 692; x_wconf 90' lang='lat' dir='ltr'>caeli</span> <span class='ocrx_word' id='word_1_106' title='bbox 1325 657 1360 692; x_wconf 83' lang='lat'>&amp;</span> <span class='ocrx_word' id='word_1_107' title='bbox 1388 661 1533 700; x_wconf 86' lang='lat' dir='ltr'>terrae,</span> <span class='ocrx_word' id='word_1_108' title='bbox 1563 655 1673 702; x_wconf 81' lang='lat' dir='ltr'>quod</span> <span class='ocrx_word' id='word_1_109' title='bbox 1700 655 1798 692; x_wconf 86' lang='lat' dir='ltr'>haec</span> <span class='ocrx_word' id='word_1_110' title='bbox 1826 654 2085 692; x_wconf 89' lang='lat' dir='ltr'>occultaueris</span> 
     </span>
     <span class='ocr_line' id='line_1_11' title="bbox 143 683 2084 758; baseline 0 -14"><span class='ocrx_word' id='word_1_111' title='bbox 143 721 166 744; x_wconf 88' lang='lat' dir='ltr'>a</span> <span class='ocrx_word' id='word_1_112' title='bbox 195 683 434 756; x_wconf 87' lang='lat' dir='ltr'>sapientibus</span> <span class='ocrx_word' id='word_1_113' title='bbox 462 708 497 745; x_wconf 78' lang='lat'>&amp;</span> <span class='ocrx_word' id='word_1_114' title='bbox 526 706 848 758; x_wconf 75' lang='lat' dir='ltr'>intelligentibus,</span> <span class='ocrx_word' id='word_1_115' title='bbox 879 710 914 746; x_wconf 83' lang='lat'>&amp;</span> <span class='ocrx_word' id='word_1_116' title='bbox 941 721 987 746; x_wconf 92' lang='lat' dir='ltr'>ea</span> <span class='ocrx_word' id='word_1_117' title='bbox 1014 707 1198 746; x_wconf 81' lang='lat' dir='ltr'>retexeris</span> <span class='ocrx_word' id='word_1_118' title='bbox 1227 705 1463 745; x_wconf 89' lang='lat' dir='ltr'>infantibus?</span> <span class='ocrx_word' id='word_1_119' title='bbox 1493 708 1633 745; x_wconf 89' lang='lat' dir='ltr'>Matth.</span> <span class='ocrx_word' id='word_1_120' title='bbox 1654 720 1713 746; x_wconf 90' lang='lat'>11.</span> <span class='ocrx_word' id='word_1_121' title='bbox 1732 717 1791 756; x_wconf 84' lang='lat'>25.</span> <span class='ocrx_word' id='word_1_122' title='bbox 1821 706 1950 755; x_wconf 90' lang='lat' dir='ltr'>Quis</span> <span class='ocrx_word' id='word_1_123' title='bbox 1941 720 1980 744; x_wconf 91' lang='grc'>111</span> <span class='ocrx_word' id='word_1_124' title='bbox 2002 719 2084 745; x_wconf 90' lang='grc'>3030</span> 
     </span>
     <span class='ocr_line' id='line_1_12' title="bbox 144 759 2083 820; baseline -0.001 -22"><span class='ocrx_word' id='word_1_125' title='bbox 144 761 346 799; x_wconf 87' lang='lat' dir='ltr'>reflectens</span> <span class='ocrx_word' id='word_1_126' title='bbox 389 761 594 799; x_wconf 90' lang='lat' dir='ltr'>oculorum</span> <span class='ocrx_word' id='word_1_127' title='bbox 621 760 746 799; x_wconf 90' lang='lat' dir='ltr'>aciem</span> <span class='ocrx_word' id='word_1_128' title='bbox 774 774 855 799; x_wconf 88' lang='lat' dir='ltr'>non</span> <span class='ocrx_word' id='word_1_129' title='bbox 883 768 1090 820; x_wconf 78' lang='lat' dir='ltr'>agnoscat,</span> <span class='ocrx_word' id='word_1_130' title='bbox 1120 764 1155 799; x_wconf 65' lang='grc' dir='ltr'>ἃ*</span> <span class='ocrx_word' id='word_1_131' title='bbox 1185 760 1323 799; x_wconf 86' lang='grc'>30111131</span> <span class='ocrx_word' id='word_1_132' title='bbox 1350 759 1467 810; x_wconf 88' lang='grc'>11111(1,</span> <span class='ocrx_word' id='word_1_133' title='bbox 1497 760 1606 809; x_wconf 82' lang='grc' dir='ltr'>(111οᾶ</span> <span class='ocrx_word' id='word_1_134' title='bbox 1634 760 1782 810; x_wconf 73' lang='lat' dir='ltr'>optime</span> <span class='ocrx_word' id='word_1_135' title='bbox 1811 760 1927 799; x_wconf 88' lang='lat' dir='ltr'>docet</span> <span class='ocrx_word' id='word_1_136' title='bbox 1957 761 2083 809; x_wconf 84' lang='lat' dir='ltr'>Apos-</span> 
     </span>
     <span class='ocr_line' id='line_1_13' title="bbox 143 812 2085 872; baseline 0 -21"><span class='ocrx_word' id='word_1_137' title='bbox 143 815 245 851; x_wconf 88' lang='lat' dir='ltr'>tolus</span> <span class='ocrx_word' id='word_1_138' title='bbox 273 816 326 862; x_wconf 90' lang='grc'>(1.</span> <span class='ocrx_word' id='word_1_139' title='bbox 356 812 449 851; x_wconf 87' lang='lat' dir='ltr'>Cor.</span> <span class='ocrx_word' id='word_1_140' title='bbox 481 827 515 852; x_wconf 89' lang='lat'>2.</span> <span class='ocrx_word' id='word_1_141' title='bbox 544 814 581 852; x_wconf 90' lang='lat'>6.</span> <span class='ocrx_word' id='word_1_142' title='bbox 611 815 699 862; x_wconf 80' lang='lat' dir='ltr'>&amp;c.)</span> <span class='ocrx_word' id='word_1_143' title='bbox 729 814 779 852; x_wconf 92' lang='lat' dir='ltr'>de</span> <span class='ocrx_word' id='word_1_144' title='bbox 808 813 1020 853; x_wconf 77' lang='lat' dir='ltr'>ministerio</span> <span class='ocrx_word' id='word_1_145' title='bbox 1053 813 1175 852; x_wconf 89' lang='lat' dir='ltr'>diuini</span> <span class='ocrx_word' id='word_1_146' title='bbox 1203 813 1333 863; x_wconf 84' lang='lat' dir='ltr'>verbi,</span> <span class='ocrx_word' id='word_1_147' title='bbox 1362 812 1595 872; x_wconf 87' lang='lat' dir='ltr'>sapientiam</span> <span class='ocrx_word' id='word_1_148' title='bbox 1617 825 1700 851; x_wconf 87' lang='lat' dir='ltr'>esse</span> <span class='ocrx_word' id='word_1_149' title='bbox 1724 826 1803 851; x_wconf 92' lang='lat' dir='ltr'>non</span> <span class='ocrx_word' id='word_1_150' title='bbox 1819 813 1938 852; x_wconf 81' lang='lat' dir='ltr'>seculi</span> <span class='ocrx_word' id='word_1_151' title='bbox 1953 813 2085 859; x_wconf 85' lang='grc'>11111113,</span> 
     </span>
     <span class='ocr_line' id='line_1_14' title="bbox 143 865 2085 917; baseline 0 -13"><span class='ocrx_word' id='word_1_152' title='bbox 143 878 271 916; x_wconf 90' lang='lat' dir='ltr'>neque</span> <span class='ocrx_word' id='word_1_153' title='bbox 299 865 520 916; x_wconf 88' lang='lat' dir='ltr'>principum</span> <span class='ocrx_word' id='word_1_154' title='bbox 549 866 669 905; x_wconf 87' lang='lat' dir='ltr'>seculi</span> <span class='ocrx_word' id='word_1_155' title='bbox 698 866 810 906; x_wconf 89' lang='lat' dir='ltr'>huius</span> <span class='ocrx_word' id='word_1_156' title='bbox 839 867 905 917; x_wconf 90' lang='lat' dir='ltr'>qui</span> <span class='ocrx_word' id='word_1_157' title='bbox 933 868 1162 917; x_wconf 88' lang='lat' dir='ltr'>abolentur,</span> <span class='ocrx_word' id='word_1_158' title='bbox 1191 867 1261 905; x_wconf 90' lang='lat' dir='ltr'>sed</span> <span class='ocrx_word' id='word_1_159' title='bbox 1290 866 1519 916; x_wconf 82' lang='lat' dir='ltr'>sapientiam</span> <span class='ocrx_word' id='word_1_160' title='bbox 1543 866 1671 905; x_wconf 90' lang='lat' dir='ltr'>De11n</span> <span class='ocrx_word' id='word_1_161' title='bbox 1689 866 1874 916; x_wconf 84' lang='lat' dir='ltr'>mysterio</span> <span class='ocrx_word' id='word_1_162' title='bbox 1890 865 2085 916; x_wconf 85' lang='lat' dir='ltr'>positam?</span> 
     </span>
     <span class='ocr_line' id='line_1_15' title="bbox 143 918 2085 971; baseline -0.001 -13"><span class='ocrx_word' id='word_1_163' title='bbox 143 921 340 958; x_wconf 86' lang='lat' dir='ltr'>occultam</span> <span class='ocrx_word' id='word_1_164' title='bbox 369 919 617 969; x_wconf 88' lang='lat' dir='ltr'>sapientiam,</span> <span class='ocrx_word' id='word_1_165' title='bbox 646 931 763 969; x_wconf 89' lang='lat' dir='ltr'>quam</span> <span class='ocrx_word' id='word_1_166' title='bbox 793 920 1037 971; x_wconf 84' lang='lat' dir='ltr'>praefinierat</span> <span class='ocrx_word' id='word_1_167' title='bbox 1064 922 1173 958; x_wconf 89' lang='lat' dir='ltr'>Deus</span> <span class='ocrx_word' id='word_1_168' title='bbox 1202 925 1293 958; x_wconf 87' lang='lat' dir='ltr'>ante</span> <span class='ocrx_word' id='word_1_169' title='bbox 1320 920 1450 958; x_wconf 91' lang='lat' dir='ltr'>secula</span> <span class='ocrx_word' id='word_1_170' title='bbox 1477 920 1528 957; x_wconf 92' lang='lat' dir='ltr'>ad</span> <span class='ocrx_word' id='word_1_171' title='bbox 1547 919 1711 970; x_wconf 84' lang='lat' dir='ltr'>gloriam</span> <span class='ocrx_word' id='word_1_172' title='bbox 1729 921 1847 969; x_wconf 89' lang='lat' dir='ltr'>nos(f.</span> <span class='ocrx_word' id='word_1_173' title='bbox 1866 918 2085 969; x_wconf 83' lang='lat' dir='ltr'>723)tram?</span> 
     </span>
     <span class='ocr_line' id='line_1_16' title="bbox 143 969 2084 1024; baseline 0.001 -14"><span class='ocrx_word' id='word_1_174' title='bbox 143 985 261 1022; x_wconf 87' lang='lat' dir='ltr'>quam</span> <span class='ocrx_word' id='word_1_175' title='bbox 301 985 419 1011; x_wconf 90' lang='lat' dir='ltr'>nemo</span> <span class='ocrx_word' id='word_1_176' title='bbox 463 973 684 1023; x_wconf 88' lang='lat' dir='ltr'>principum</span> <span class='ocrx_word' id='word_1_177' title='bbox 725 974 846 1012; x_wconf 89' lang='lat' dir='ltr'>seculi</span> <span class='ocrx_word' id='word_1_178' title='bbox 886 974 999 1012; x_wconf 88' lang='grc'>11111113</span> <span class='ocrx_word' id='word_1_179' title='bbox 1041 969 1253 1024; x_wconf 88' lang='lat' dir='ltr'>cognouit?</span> <span class='ocrx_word' id='word_1_180' title='bbox 1296 972 1527 1022; x_wconf 83' lang='lat' dir='ltr'>sapientiam</span> <span class='ocrx_word' id='word_1_181' title='bbox 1556 984 1685 1011; x_wconf 91' lang='lat' dir='ltr'>rerum</span> <span class='ocrx_word' id='word_1_182' title='bbox 1713 984 1810 1022; x_wconf 84' lang='grc'>(11133</span> <span class='ocrx_word' id='word_1_183' title='bbox 1839 976 1976 1011; x_wconf 87' lang='grc'>00111113</span> <span class='ocrx_word' id='word_1_184' title='bbox 2004 986 2084 1011; x_wconf 87' lang='grc'>11011</span> 
     </span>
     <span class='ocr_line' id='line_1_17' title="bbox 144 1026 2085 1084; baseline -0.001 -19"><span class='ocrx_word' id='word_1_185' title='bbox 144 1026 256 1076; x_wconf 85' lang='grc' dir='ltr'>ν1(111,</span> <span class='ocrx_word' id='word_1_186' title='bbox 297 1038 371 1064; x_wconf 92' lang='grc'>1100</span> <span class='ocrx_word' id='word_1_187' title='bbox 407 1026 510 1064; x_wconf 88' lang='lat' dir='ltr'>auris</span> <span class='ocrx_word' id='word_1_188' title='bbox 546 1027 713 1077; x_wconf 86' lang='lat' dir='ltr'>audiuit,</span> <span class='ocrx_word' id='word_1_189' title='bbox 743 1040 816 1066; x_wconf 94' lang='lat' dir='ltr'>nec</span> <span class='ocrx_word' id='word_1_190' title='bbox 843 1027 882 1065; x_wconf 91' lang='lat' dir='ltr'>in</span> <span class='ocrx_word' id='word_1_191' title='bbox 911 1033 1083 1065; x_wconf 89' lang='lat' dir='ltr'>mentem</span> <span class='ocrx_word' id='word_1_192' title='bbox 1110 1026 1280 1065; x_wconf 89' lang='lat' dir='ltr'>hominis</span> <span class='ocrx_word' id='word_1_193' title='bbox 1309 1032 1517 1076; x_wconf 84' lang='lat' dir='ltr'>venerunt,</span> <span class='ocrx_word' id='word_1_194' title='bbox 1554 1038 1650 1084; x_wconf 82' lang='lat' dir='ltr'>quas</span> <span class='ocrx_word' id='word_1_195' title='bbox 1677 1026 1827 1076; x_wconf 89' lang='lat' dir='ltr'>parauit</span> <span class='ocrx_word' id='word_1_196' title='bbox 1854 1028 1960 1064; x_wconf 92' lang='lat' dir='ltr'>Deus</span> <span class='ocrx_word' id='word_1_197' title='bbox 1989 1026 2033 1064; x_wconf 90' lang='lat' dir='ltr'>iis</span> <span class='ocrx_word' id='word_1_198' title='bbox 2062 1029 2085 1064; x_wconf 76' lang='lat' dir='ltr'>a</span> 
     </span>
     <span class='ocr_line' id='line_1_18' title="bbox 143 1078 2086 1130; baseline -0.001 -12"><span class='ocrx_word' id='word_1_199' title='bbox 143 1079 284 1129; x_wconf 88' lang='lat' dir='ltr'>quibus</span> <span class='ocrx_word' id='word_1_200' title='bbox 313 1078 508 1129; x_wconf 83' lang='lat' dir='ltr'>diligitur?</span> <span class='ocrx_word' id='word_1_201' title='bbox 537 1091 654 1129; x_wconf 92' lang='lat' dir='ltr'>quam</span> <span class='ocrx_word' id='word_1_202' title='bbox 682 1080 912 1130; x_wconf 87' lang='lat' dir='ltr'>sapientiam</span> <span class='ocrx_word' id='word_1_203' title='bbox 941 1081 1049 1118; x_wconf 90' lang='lat' dir='ltr'>Deus</span> <span class='ocrx_word' id='word_1_204' title='bbox 1076 1081 1182 1118; x_wconf 89' lang='lat' dir='ltr'>solus</span> <span class='ocrx_word' id='word_1_205' title='bbox 1211 1079 1349 1129; x_wconf 91' lang='lat' dir='ltr'>retegit</span> <span class='ocrx_word' id='word_1_206' title='bbox 1376 1092 1446 1129; x_wconf 91' lang='lat' dir='ltr'>per</span> <span class='ocrx_word' id='word_1_207' title='bbox 1474 1078 1650 1128; x_wconf 88' lang='lat' dir='ltr'>spiritum</span> <span class='ocrx_word' id='word_1_208' title='bbox 1682 1090 1809 1129; x_wconf 90' lang='lat' dir='ltr'>suum,</span> <span class='ocrx_word' id='word_1_209' title='bbox 1840 1086 1957 1129; x_wconf 91' lang='lat' dir='ltr'>prout</span> <span class='ocrx_word' id='word_1_210' title='bbox 1980 1080 2086 1129; x_wconf 83' lang='lat' dir='ltr'>spiri-</span> 
     </span>
     <span class='ocr_line' id='line_1_19' title="bbox 142 1132 2086 1183; baseline -0.001 -12"><span class='ocrx_word' id='word_1_211' title='bbox 142 1140 203 1171; x_wconf 89' lang='lat' dir='ltr'>tus</span> <span class='ocrx_word' id='word_1_212' title='bbox 231 1138 421 1171; x_wconf 89' lang='lat' dir='ltr'>scrutatur</span> <span class='ocrx_word' id='word_1_213' title='bbox 449 1133 603 1181; x_wconf 87' lang='lat' dir='ltr'>omnia,</span> <span class='ocrx_word' id='word_1_214' title='bbox 632 1133 748 1171; x_wconf 91' lang='lat' dir='ltr'>etiam</span> <span class='ocrx_word' id='word_1_215' title='bbox 775 1134 1061 1183; x_wconf 86' lang='lat' dir='ltr'>profunditates</span> <span class='ocrx_word' id='word_1_216' title='bbox 1075 1133 1170 1171; x_wconf 86' lang='lat' dir='ltr'>Dei:</span> <span class='ocrx_word' id='word_1_217' title='bbox 1208 1133 1311 1170; x_wconf 89' lang='lat' dir='ltr'>Nam</span> <span class='ocrx_word' id='word_1_218' title='bbox 1342 1139 1382 1170; x_wconf 90' lang='lat' dir='ltr'>vt</span> <span class='ocrx_word' id='word_1_219' title='bbox 1410 1144 1527 1170; x_wconf 91' lang='lat' dir='ltr'>nemo</span> <span class='ocrx_word' id='word_1_220' title='bbox 1555 1132 1759 1170; x_wconf 89' lang='lat' dir='ltr'>hominum</span> <span class='ocrx_word' id='word_1_221' title='bbox 1783 1132 1895 1170; x_wconf 90' lang='lat' dir='ltr'>nouit</span> <span class='ocrx_word' id='word_1_222' title='bbox 1918 1145 2086 1182; x_wconf 81' lang='lat' dir='ltr'>eaquae</span> 
     </span>
     <span class='ocr_line' id='line_1_20' title="bbox 143 1184 2085 1237; baseline 0 -13"><span class='ocrx_word' id='word_1_223' title='bbox 143 1192 233 1224; x_wconf 85' lang='lat' dir='ltr'>sunt</span> <span class='ocrx_word' id='word_1_224' title='bbox 261 1185 454 1237; x_wconf 88' lang='lat' dir='ltr'>hominis,</span> <span class='ocrx_word' id='word_1_225' title='bbox 484 1186 557 1225; x_wconf 87' lang='lat' dir='ltr'>nisi</span> <span class='ocrx_word' id='word_1_226' title='bbox 585 1186 738 1235; x_wconf 85' lang='lat' dir='ltr'>spiritus</span> <span class='ocrx_word' id='word_1_227' title='bbox 766 1186 935 1225; x_wconf 88' lang='lat' dir='ltr'>hominis</span> <span class='ocrx_word' id='word_1_228' title='bbox 963 1186 1031 1236; x_wconf 89' lang='grc'>(1111</span> <span class='ocrx_word' id='word_1_229' title='bbox 1059 1193 1115 1225; x_wconf 88' lang='lat' dir='ltr'>est</span> <span class='ocrx_word' id='word_1_230' title='bbox 1143 1185 1183 1224; x_wconf 90' lang='lat' dir='ltr'>in</span> <span class='ocrx_word' id='word_1_231' title='bbox 1212 1198 1282 1236; x_wconf 70' lang='lat' dir='ltr'>eo,</span> <span class='ocrx_word' id='word_1_232' title='bbox 1311 1185 1364 1223; x_wconf 88' lang='lat' dir='ltr'>ita</span> <span class='ocrx_word' id='word_1_233' title='bbox 1392 1184 1507 1223; x_wconf 89' lang='lat' dir='ltr'>etiam</span> <span class='ocrx_word' id='word_1_234' title='bbox 1537 1197 1582 1223; x_wconf 90' lang='lat' dir='ltr'>ea</span> <span class='ocrx_word' id='word_1_235' title='bbox 1610 1197 1710 1235; x_wconf 91' lang='lat' dir='ltr'>quae</span> <span class='ocrx_word' id='word_1_236' title='bbox 1734 1193 1824 1224; x_wconf 87' lang='lat' dir='ltr'>sunt</span> <span class='ocrx_word' id='word_1_237' title='bbox 1844 1185 1941 1234; x_wconf 79' lang='lat' dir='ltr'>Dei,</span> <span class='ocrx_word' id='word_1_238' title='bbox 1965 1186 2085 1224; x_wconf 90' lang='lat' dir='ltr'>nemi-</span> 
     </span>
     <span class='ocr_line' id='line_1_21' title="bbox 145 1238 2084 1290; baseline -0.001 -13"><span class='ocrx_word' id='word_1_239' title='bbox 145 1252 235 1278; x_wconf 88' lang='lat' dir='ltr'>nem</span> <span class='ocrx_word' id='word_1_240' title='bbox 264 1239 420 1278; x_wconf 88' lang='lat' dir='ltr'>nouisse</span> <span class='ocrx_word' id='word_1_241' title='bbox 448 1239 521 1277; x_wconf 89' lang='lat' dir='ltr'>nisi</span> <span class='ocrx_word' id='word_1_242' title='bbox 548 1239 734 1290; x_wconf 88' lang='lat' dir='ltr'>Spiritum</span> <span class='ocrx_word' id='word_1_243' title='bbox 762 1239 856 1290; x_wconf 93' lang='lat' dir='ltr'>Dei,</span> <span class='ocrx_word' id='word_1_244' title='bbox 885 1242 920 1278; x_wconf 84' lang='lat'>&amp;</span> <span class='ocrx_word' id='word_1_245' title='bbox 948 1240 1172 1288; x_wconf 87' lang='lat' dir='ltr'>quicunque</span> <span class='ocrx_word' id='word_1_246' title='bbox 1202 1238 1386 1288; x_wconf 89' lang='lat' dir='ltr'>Spiritum</span> <span class='ocrx_word' id='word_1_247' title='bbox 1415 1251 1462 1277; x_wconf 86' lang='lat' dir='ltr'>ex</span> <span class='ocrx_word' id='word_1_248' title='bbox 1490 1239 1578 1276; x_wconf 91' lang='lat' dir='ltr'>Deo</span> <span class='ocrx_word' id='word_1_249' title='bbox 1607 1238 1850 1289; x_wconf 88' lang='lat' dir='ltr'>acceperint:</span> <span class='ocrx_word' id='word_1_250' title='bbox 1879 1239 2084 1277; x_wconf 87' lang='lat' dir='ltr'>animalem</span> 
     </span>
     <span class='ocr_line' id='line_1_22' title="bbox 142 1291 2085 1342; baseline 0 -12"><span class='ocrx_word' id='word_1_251' title='bbox 142 1292 347 1330; x_wconf 88' lang='lat' dir='ltr'>hominem</span> <span class='ocrx_word' id='word_1_252' title='bbox 389 1305 470 1331; x_wconf 91' lang='lat' dir='ltr'>non</span> <span class='ocrx_word' id='word_1_253' title='bbox 513 1305 595 1331; x_wconf 87' lang='lat' dir='ltr'>esse</span> <span class='ocrx_word' id='word_1_254' title='bbox 637 1305 823 1342; x_wconf 89' lang='lat' dir='ltr'>capacem</span> <span class='ocrx_word' id='word_1_255' title='bbox 865 1305 1001 1331; x_wconf 91' lang='lat' dir='ltr'>eorum</span> <span class='ocrx_word' id='word_1_256' title='bbox 1039 1304 1140 1342; x_wconf 89' lang='lat' dir='ltr'>quae</span> <span class='ocrx_word' id='word_1_257' title='bbox 1168 1298 1257 1331; x_wconf 89' lang='lat' dir='ltr'>sunt</span> <span class='ocrx_word' id='word_1_258' title='bbox 1285 1291 1446 1342; x_wconf 88' lang='lat' dir='ltr'>Spiritus</span> <span class='ocrx_word' id='word_1_259' title='bbox 1475 1291 1570 1329; x_wconf 90' lang='lat' dir='ltr'>Dei:</span> <span class='ocrx_word' id='word_1_260' title='bbox 1601 1292 1701 1330; x_wconf 90' lang='lat' dir='ltr'>Nam</span> <span class='ocrx_word' id='word_1_261' title='bbox 1731 1305 1777 1330; x_wconf 89' lang='lat' dir='ltr'>ea</span> <span class='ocrx_word' id='word_1_262' title='bbox 1803 1291 1859 1330; x_wconf 94' lang='lat' dir='ltr'>illi</span> <span class='ocrx_word' id='word_1_263' title='bbox 1885 1292 2085 1331; x_wconf 85' lang='lat' dir='ltr'>stultitiam</span> 
     </span>
     <span class='ocr_line' id='line_1_23' title="bbox 144 1344 2083 1396; baseline -0.001 -11"><span class='ocrx_word' id='word_1_264' title='bbox 144 1359 249 1396; x_wconf 83' lang='lat' dir='ltr'>esse,</span> <span class='ocrx_word' id='word_1_265' title='bbox 291 1358 366 1383; x_wconf 90' lang='lat' dir='ltr'>nec</span> <span class='ocrx_word' id='word_1_266' title='bbox 402 1358 519 1395; x_wconf 87' lang='lat' dir='ltr'>posse</span> <span class='ocrx_word' id='word_1_267' title='bbox 548 1347 598 1384; x_wconf 91' lang='lat' dir='ltr'>ab</span> <span class='ocrx_word' id='word_1_268' title='bbox 627 1345 695 1384; x_wconf 94' lang='lat' dir='ltr'>illo</span> <span class='ocrx_word' id='word_1_269' title='bbox 725 1345 934 1396; x_wconf 86' lang='lat' dir='ltr'>cognosci,</span> <span class='ocrx_word' id='word_1_270' title='bbox 963 1345 1055 1395; x_wconf 88' lang='lat' dir='ltr'>quia</span> <span class='ocrx_word' id='word_1_271' title='bbox 1082 1345 1330 1396; x_wconf 86' lang='lat' dir='ltr'>spiritualiter</span> <span class='ocrx_word' id='word_1_272' title='bbox 1358 1344 1635 1384; x_wconf 89' lang='lat' dir='ltr'>diiudicantur.</span> <span class='ocrx_word' id='word_1_273' title='bbox 1662 1346 1712 1383; x_wconf 91' lang='lat' dir='ltr'>Et</span> <span class='ocrx_word' id='word_1_274' title='bbox 1741 1351 1804 1395; x_wconf 87' lang='lat' dir='ltr'>tu,</span> <span class='ocrx_word' id='word_1_275' title='bbox 1832 1345 1975 1396; x_wconf 88' lang='lat' dir='ltr'>homo,</span> <span class='ocrx_word' id='word_1_276' title='bbox 2003 1358 2083 1384; x_wconf 91' lang='lat' dir='ltr'>non</span> 
     </span>
     <span class='ocr_line' id='line_1_24' title="bbox 145 1398 2085 1448; baseline 0 -11"><span class='ocrx_word' id='word_1_277' title='bbox 145 1401 245 1438; x_wconf 88' lang='lat' dir='ltr'>feras</span> <span class='ocrx_word' id='word_1_278' title='bbox 273 1398 475 1437; x_wconf 91' lang='lat' dir='ltr'>hominem</span> <span class='ocrx_word' id='word_1_279' title='bbox 504 1398 543 1437; x_wconf 86' lang='lat' dir='ltr'>in</span> <span class='ocrx_word' id='word_1_280' title='bbox 571 1406 732 1438; x_wconf 91' lang='lat' dir='ltr'>naturae</span> <span class='ocrx_word' id='word_1_281' title='bbox 759 1399 930 1437; x_wconf 87' lang='lat' dir='ltr'>tenebris</span> <span class='ocrx_word' id='word_1_282' title='bbox 960 1406 1174 1444; x_wconf 75' lang='lat' dir='ltr'>errantem,</span> <span class='ocrx_word' id='word_1_283' title='bbox 1209 1410 1327 1448; x_wconf 90' lang='lat' dir='ltr'>quern</span> <span class='ocrx_word' id='word_1_284' title='bbox 1355 1399 1463 1436; x_wconf 89' lang='lat' dir='ltr'>Deus</span> <span class='ocrx_word' id='word_1_285' title='bbox 1491 1398 1565 1436; x_wconf 88' lang='lat' dir='ltr'>fert</span> <span class='ocrx_word' id='word_1_286' title='bbox 1590 1405 1681 1437; x_wconf 90' lang='lat' dir='ltr'>ante</span> <span class='ocrx_word' id='word_1_287' title='bbox 1708 1400 1846 1437; x_wconf 89' lang='lat' dir='ltr'>oculos</span> <span class='ocrx_word' id='word_1_288' title='bbox 1874 1405 1963 1437; x_wconf 90' lang='lat' dir='ltr'>tuos</span> <span class='ocrx_word' id='word_1_289' title='bbox 1989 1401 2085 1438; x_wconf 91' lang='lat' dir='ltr'>tole-</span> 
     </span>
     <span class='ocr_line' id='line_1_25' title="bbox 144 1451 1453 1502; baseline -0.001 -12"><span class='ocrx_word' id='word_1_290' title='bbox 144 1452 267 1491; x_wconf 87' lang='lat' dir='ltr'>rantia</span> <span class='ocrx_word' id='word_1_291' title='bbox 293 1463 382 1502; x_wconf 88' lang='lat' dir='ltr'>sua,</span> <span class='ocrx_word' id='word_1_292' title='bbox 411 1453 447 1490; x_wconf 70' lang='grc'>81</span> <span class='ocrx_word' id='word_1_293' title='bbox 477 1458 593 1490; x_wconf 87' lang='lat' dir='ltr'>vocat</span> <span class='ocrx_word' id='word_1_294' title='bbox 620 1451 764 1502; x_wconf 81' lang='lat' dir='ltr'>gratia?</span> <span class='ocrx_word' id='word_1_295' title='bbox 793 1453 894 1491; x_wconf 90' lang='lat' dir='ltr'>absit</span> <span class='ocrx_word' id='word_1_296' title='bbox 920 1454 943 1489; x_wconf 82' lang='lat' dir='ltr'>a</span> <span class='ocrx_word' id='word_1_297' title='bbox 970 1451 1086 1491; x_wconf 91' lang='lat' dir='ltr'>nobis</span> <span class='ocrx_word' id='word_1_298' title='bbox 1114 1452 1261 1490; x_wconf 89' lang='lat' dir='ltr'>isthaec</span> <span class='ocrx_word' id='word_1_299' title='bbox 1290 1451 1453 1490; x_wconf 89' lang='lat' dir='ltr'>insania.</span> 
     </span>
    </p>

    <p class='ocr_par' dir='ltr' id='par_1_3' title="bbox 143 1504 2105 2836">
     <span class='ocr_line' id='line_1_26' title="bbox 195 1504 2087 1556; baseline 0 -13"><span class='ocrx_word' id='word_1_300' title='bbox 195 1505 317 1555; x_wconf 79' lang='lat' dir='ltr'>Quod</span> <span class='ocrx_word' id='word_1_301' title='bbox 344 1505 376 1544; x_wconf 90' lang='lat' dir='ltr'>si</span> <span class='ocrx_word' id='word_1_302' title='bbox 402 1518 453 1544; x_wconf 91' lang='lat' dir='ltr'>ne</span> <span class='ocrx_word' id='word_1_303' title='bbox 479 1505 545 1543; x_wconf 90' lang='lat' dir='ltr'>illa</span> <span class='ocrx_word' id='word_1_304' title='bbox 572 1505 732 1555; x_wconf 89' lang='lat' dir='ltr'>quidem</span> <span class='ocrx_word' id='word_1_305' title='bbox 761 1505 844 1556; x_wconf 87' lang='lat' dir='ltr'>ipsa</span> <span class='ocrx_word' id='word_1_306' title='bbox 872 1505 1103 1544; x_wconf 89' lang='lat' dir='ltr'>auctoritate</span> <span class='ocrx_word' id='word_1_307' title='bbox 1131 1504 1265 1543; x_wconf 91' lang='lat' dir='ltr'>Diuini</span> <span class='ocrx_word' id='word_1_308' title='bbox 1292 1504 1401 1543; x_wconf 91' lang='lat' dir='ltr'>verbi</span> <span class='ocrx_word' id='word_1_309' title='bbox 1432 1505 1482 1543; x_wconf 91' lang='lat' dir='ltr'>ab</span> <span class='ocrx_word' id='word_1_310' title='bbox 1511 1504 1584 1543; x_wconf 87' lang='lat' dir='ltr'>ista</span> <span class='ocrx_word' id='word_1_311' title='bbox 1611 1504 1931 1555; x_wconf 87' lang='lat' dir='ltr'>praesumptione</span> <span class='ocrx_word' id='word_1_312' title='bbox 1953 1504 2087 1543; x_wconf 89' lang='lat' dir='ltr'>iudici-</span> 
     </span>
     <span class='ocr_line' id='line_1_27' title="bbox 144 1558 2086 1608; baseline 0.001 -12"><span class='ocrx_word' id='word_1_313' title='bbox 144 1570 257 1597; x_wconf 90' lang='lat' dir='ltr'>orum</span> <span class='ocrx_word' id='word_1_314' title='bbox 284 1566 510 1597; x_wconf 88' lang='lat' dir='ltr'>nostrorum</span> <span class='ocrx_word' id='word_1_315' title='bbox 539 1558 789 1597; x_wconf 88' lang='lat' dir='ltr'>deducimur:</span> <span class='ocrx_word' id='word_1_316' title='bbox 819 1559 965 1608; x_wconf 89' lang='lat' dir='ltr'>pudeat</span> <span class='ocrx_word' id='word_1_317' title='bbox 992 1560 1128 1597; x_wconf 89' lang='lat' dir='ltr'>saltem</span> <span class='ocrx_word' id='word_1_318' title='bbox 1157 1558 1421 1608; x_wconf 78' lang='lat' dir='ltr'>Christianos,</span> <span class='ocrx_word' id='word_1_319' title='bbox 1450 1559 1597 1608; x_wconf 90' lang='lat' dir='ltr'>pudeat</span> <span class='ocrx_word' id='word_1_320' title='bbox 1625 1571 1694 1596; x_wconf 91' lang='lat' dir='ltr'>eos</span> <span class='ocrx_word' id='word_1_321' title='bbox 1722 1571 1860 1597; x_wconf 90' lang='lat' dir='ltr'>omnes</span> <span class='ocrx_word' id='word_1_322' title='bbox 1876 1558 2086 1608; x_wconf 72' lang='grc'>(1111011113-</span> 
     </span>
     <span class='ocr_line' id='line_1_28' title="bbox 143 1611 2089 1662; baseline 0.001 -13"><span class='ocrx_word' id='word_1_323' title='bbox 143 1611 237 1650; x_wconf 89' lang='lat' dir='ltr'>tiani</span> <span class='ocrx_word' id='word_1_324' title='bbox 263 1611 399 1650; x_wconf 91' lang='lat' dir='ltr'>audire</span> <span class='ocrx_word' id='word_1_325' title='bbox 425 1613 582 1662; x_wconf 91' lang='lat' dir='ltr'>volunt,</span> <span class='ocrx_word' id='word_1_326' title='bbox 613 1611 882 1651; x_wconf 88' lang='lat' dir='ltr'>intolerandae</span> <span class='ocrx_word' id='word_1_327' title='bbox 909 1611 1017 1651; x_wconf 86' lang='lat' dir='ltr'>istius</span> <span class='ocrx_word' id='word_1_328' title='bbox 1047 1611 1253 1662; x_wconf 89' lang='lat' dir='ltr'>audaciae,</span> <span class='ocrx_word' id='word_1_329' title='bbox 1282 1613 1373 1650; x_wconf 75' lang='lat' dir='ltr'>cum</span> <span class='ocrx_word' id='word_1_330' title='bbox 1395 1611 1597 1650; x_wconf 90' lang='lat' dir='ltr'>hominem</span> <span class='ocrx_word' id='word_1_331' title='bbox 1611 1612 1826 1650; x_wconf 87' lang='lat' dir='ltr'>naturalem</span> <span class='ocrx_word' id='word_1_332' title='bbox 1855 1612 2089 1651; x_wconf 83' lang='lat' dir='ltr'>&amp;scientiae</span> 
     </span>
     <span class='ocr_line' id='line_1_29' title="bbox 143 1664 2089 1716; baseline 0.001 -14"><span class='ocrx_word' id='word_1_333' title='bbox 143 1665 338 1703; x_wconf 87' lang='lat' dir='ltr'>humanae</span> <span class='ocrx_word' id='word_1_334' title='bbox 373 1665 578 1715; x_wconf 74' lang='lat' dir='ltr'>inanisque</span> <span class='ocrx_word' id='word_1_335' title='bbox 612 1665 885 1716; x_wconf 87' lang='lat' dir='ltr'>philosophiae</span> <span class='ocrx_word' id='word_1_336' title='bbox 922 1665 1109 1716; x_wconf 89' lang='lat' dir='ltr'>opinione</span> <span class='ocrx_word' id='word_1_337' title='bbox 1137 1665 1333 1716; x_wconf 90' lang='lat' dir='ltr'>inflatum,</span> <span class='ocrx_word' id='word_1_338' title='bbox 1363 1665 1450 1715; x_wconf 86' lang='lat' dir='ltr'>plus</span> <span class='ocrx_word' id='word_1_339' title='bbox 1480 1664 1733 1703; x_wconf 88' lang='lat' dir='ltr'>humanitatis</span> <span class='ocrx_word' id='word_1_340' title='bbox 1761 1664 1800 1702; x_wconf 93' lang='lat' dir='ltr'>in</span> <span class='ocrx_word' id='word_1_341' title='bbox 1829 1664 1906 1703; x_wconf 89' lang='lat' dir='ltr'>suis</span> <span class='ocrx_word' id='word_1_342' title='bbox 1935 1665 2089 1704; x_wconf 82' lang='lat' dir='ltr'>iudiciis</span> 
     </span>
     <span class='ocr_line' id='line_1_30' title="bbox 143 1717 2090 1769; baseline 0 -13"><span class='ocrx_word' id='word_1_343' title='bbox 143 1718 327 1757; x_wconf 87' lang='lat' dir='ltr'>habuisse</span> <span class='ocrx_word' id='word_1_344' title='bbox 368 1719 542 1757; x_wconf 90' lang='lat' dir='ltr'>audient.</span> <span class='ocrx_word' id='word_1_345' title='bbox 583 1718 842 1757; x_wconf 88' lang='lat' dir='ltr'>&#39;lhemistium</span> <span class='ocrx_word' id='word_1_346' title='bbox 883 1719 992 1757; x_wconf 90' lang='lat' dir='ltr'>illum</span> <span class='ocrx_word' id='word_1_347' title='bbox 1033 1718 1314 1769; x_wconf 89' lang='lat' dir='ltr'>philosophum</span> <span class='ocrx_word' id='word_1_348' title='bbox 1354 1718 1395 1757; x_wconf 92' lang='lat' dir='ltr'>in</span> <span class='ocrx_word' id='word_1_349' title='bbox 1431 1717 1593 1757; x_wconf 89' lang='lat' dir='ltr'>historia</span> <span class='ocrx_word' id='word_1_350' title='bbox 1621 1718 1899 1757; x_wconf 89' lang='lat' dir='ltr'>Ecclesiastica</span> <span class='ocrx_word' id='word_1_351' title='bbox 1926 1719 2090 1768; x_wconf 82' lang='lat' dir='ltr'>legimus</span> 
     </span>
     <span class='ocr_line' id='line_1_31' title="bbox 143 1771 2089 1831; baseline 0.001 -22"><span class='ocrx_word' id='word_1_352' title='bbox 143 1773 261 1831; x_wconf 75' lang='lat' dir='ltr'>longe</span> <span class='ocrx_word' id='word_1_353' title='bbox 288 1771 482 1811; x_wconf 86' lang='lat' dir='ltr'>mitiorem</span> <span class='ocrx_word' id='word_1_354' title='bbox 510 1774 546 1810; x_wconf 83' lang='lat'>&amp;</span> <span class='ocrx_word' id='word_1_355' title='bbox 574 1771 801 1822; x_wconf 89' lang='lat' dir='ltr'>aequiorem</span> <span class='ocrx_word' id='word_1_356' title='bbox 830 1785 922 1823; x_wconf 89' lang='lat' dir='ltr'>erga</span> <span class='ocrx_word' id='word_1_357' title='bbox 950 1771 1194 1811; x_wconf 89' lang='lat' dir='ltr'>Christianos</span> <span class='ocrx_word' id='word_1_358' title='bbox 1222 1772 1359 1820; x_wconf 79' lang='lat' dir='ltr'>fuisse,</span> <span class='ocrx_word' id='word_1_359' title='bbox 1388 1774 1506 1821; x_wconf 79' lang='lat' dir='ltr'>quam</span> <span class='ocrx_word' id='word_1_360' title='bbox 1523 1771 1921 1822; x_wconf 76' lang='lat' dir='ltr'>ips¹Christ1amsmt</span> <span class='ocrx_word' id='word_1_361' title='bbox 1950 1774 2089 1810; x_wconf 85' lang='lat' dir='ltr'>Narrat</span> 
     </span>
     <span class='ocr_line' id='line_1_32' title="bbox 145 1825 2090 1876; baseline 0.001 -13"><span class='ocrx_word' id='word_1_362' title='bbox 145 1825 248 1864; x_wconf 92' lang='lat' dir='ltr'>enim</span> <span class='ocrx_word' id='word_1_363' title='bbox 285 1826 486 1875; x_wconf 88' lang='lat' dir='ltr'>Socrates,</span> <span class='ocrx_word' id='word_1_364' title='bbox 522 1825 626 1864; x_wconf 85' lang='lat' dir='ltr'>Hist.</span> <span class='ocrx_word' id='word_1_365' title='bbox 663 1826 816 1865; x_wconf 89' lang='lat' dir='ltr'>Eccles.</span> <span class='ocrx_word' id='word_1_366' title='bbox 843 1825 912 1865; x_wconf 91' lang='lat' dir='ltr'>lib.</span> <span class='ocrx_word' id='word_1_367' title='bbox 942 1840 980 1873; x_wconf 86' lang='lat'>4.</span> <span class='ocrx_word' id='word_1_368' title='bbox 1009 1839 1094 1876; x_wconf 89' lang='lat' dir='ltr'>cap.</span> <span class='ocrx_word' id='word_1_369' title='bbox 1124 1838 1188 1875; x_wconf 84' lang='lat'>32.</span> <span class='ocrx_word' id='word_1_370' title='bbox 1218 1837 1308 1863; x_wconf 92' lang='lat' dir='ltr'>cum</span> <span class='ocrx_word' id='word_1_371' title='bbox 1335 1827 1556 1875; x_wconf 90' lang='lat' dir='ltr'>Imperator</span> <span class='ocrx_word' id='word_1_372' title='bbox 1584 1826 1731 1863; x_wconf 89' lang='lat' dir='ltr'>Valens</span> <span class='ocrx_word' id='word_1_373' title='bbox 1759 1825 1996 1864; x_wconf 87' lang='lat' dir='ltr'>Antiochiae</span> <span class='ocrx_word' id='word_1_374' title='bbox 2026 1827 2090 1864; x_wconf 89' lang='lat' dir='ltr'>‹le-</span> 
     </span>
     <span class='ocr_line' id='line_1_33' title="bbox 144 1878 2091 1938; baseline -0.001 -21"><span class='ocrx_word' id='word_1_375' title='bbox 144 1886 273 1929; x_wconf 89' lang='lat' dir='ltr'>geret,</span> <span class='ocrx_word' id='word_1_376' title='bbox 317 1881 353 1917; x_wconf 83' lang='lat'>&amp;</span> <span class='ocrx_word' id='word_1_377' title='bbox 395 1879 601 1929; x_wconf 87' lang='lat' dir='ltr'>quiescens</span> <span class='ocrx_word' id='word_1_378' title='bbox 639 1881 663 1917; x_wconf 78' lang='lat' dir='ltr'>a</span> <span class='ocrx_word' id='word_1_379' title='bbox 704 1879 816 1918; x_wconf 92' lang='lat' dir='ltr'>bellis</span> <span class='ocrx_word' id='word_1_380' title='bbox 853 1880 992 1918; x_wconf 90' lang='lat' dir='ltr'>exteris</span> <span class='ocrx_word' id='word_1_381' title='bbox 1028 1878 1398 1938; x_wconf 81' lang='lat' dir='ltr'>incursionibusque</span> <span class='ocrx_word' id='word_1_382' title='bbox 1449 1878 1662 1917; x_wconf 86' lang='lat' dir='ltr'>barbaricis</span> <span class='ocrx_word' id='word_1_383' title='bbox 1697 1878 1867 1928; x_wconf 89' lang='lat' dir='ltr'>grauiter</span> <span class='ocrx_word' id='word_1_384' title='bbox 1895 1878 2091 1917; x_wconf 82' lang='lat' dir='ltr'>infestaret</span> 
     </span>
     <span class='ocr_line' id='line_1_34' title="bbox 147 1931 2091 1983; baseline -0.001 -13"><span class='ocrx_word' id='word_1_385' title='bbox 147 1933 416 1980; x_wconf 88' lang='lat' dir='ltr'>orthodoxos,</span> <span class='ocrx_word' id='word_1_386' title='bbox 458 1934 494 1971; x_wconf 71' lang='grc'>81</span> <span class='ocrx_word' id='word_1_387' title='bbox 537 1931 711 1982; x_wconf 90' lang='lat' dir='ltr'>quotidie</span> <span class='ocrx_word' id='word_1_388' title='bbox 753 1932 902 1971; x_wconf 91' lang='lat' dir='ltr'>maiora</span> <span class='ocrx_word' id='word_1_389' title='bbox 947 1932 1138 1983; x_wconf 84' lang='lat' dir='ltr'>supplicia</span> <span class='ocrx_word' id='word_1_390' title='bbox 1179 1931 1219 1970; x_wconf 91' lang='lat' dir='ltr'>in</span> <span class='ocrx_word' id='word_1_391' title='bbox 1263 1945 1327 1971; x_wconf 90' lang='lat' dir='ltr'>eos</span> <span class='ocrx_word' id='word_1_392' title='bbox 1355 1931 1615 1983; x_wconf 73' lang='lat' dir='ltr'>excogitaret,</span> <span class='ocrx_word' id='word_1_393' title='bbox 1649 1932 1809 1970; x_wconf 90' lang='lat' dir='ltr'>tandem</span> <span class='ocrx_word' id='word_1_394' title='bbox 1842 1945 1964 1982; x_wconf 89' lang='lat' dir='ltr'>opera</span> <span class='ocrx_word' id='word_1_395' title='bbox 1990 1934 2091 1970; x_wconf 83' lang='lat' dir='ltr'>&#39;lhe-</span> 
     </span>
     <span class='ocr_line' id='line_1_35' title="bbox 145 1984 2091 2045; baseline -0.001 -22"><span class='ocrx_word' id='word_1_396' title='bbox 145 1984 259 2045; x_wconf 78' lang='lat' dir='ltr'>mistij</span> <span class='ocrx_word' id='word_1_397' title='bbox 301 1985 401 2024; x_wconf 90' lang='lat' dir='ltr'>illius</span> <span class='ocrx_word' id='word_1_398' title='bbox 441 1984 670 2045; x_wconf 80' lang='lat' dir='ltr'>Philosophi</span> <span class='ocrx_word' id='word_1_399' title='bbox 711 1985 1004 2025; x_wconf 87' lang='lat' dir='ltr'>acerbissimam</span> <span class='ocrx_word' id='word_1_400' title='bbox 1048 1985 1154 2024; x_wconf 90' lang='lat' dir='ltr'>illam</span> <span class='ocrx_word' id='word_1_401' title='bbox 1183 1985 1384 2024; x_wconf 91' lang='lat' dir='ltr'>saeuitiam</span> <span class='ocrx_word' id='word_1_402' title='bbox 1413 1985 1583 2024; x_wconf 88' lang='lat' dir='ltr'>hominis</span> <span class='ocrx_word' id='word_1_403' title='bbox 1611 1986 1794 2035; x_wconf 87' lang='lat' dir='ltr'>fractam,</span> <span class='ocrx_word' id='word_1_404' title='bbox 1823 1987 1858 2023; x_wconf 67' lang='grc' dir='ltr'>δε</span> <span class='ocrx_word' id='word_1_405' title='bbox 1886 1985 2013 2035; x_wconf 89' lang='lat' dir='ltr'>ipsum</span> <span class='ocrx_word' id='word_1_406' title='bbox 2042 1986 2091 2023; x_wconf 87' lang='lat' dir='ltr'>ad</span> 
     </span>
     <span class='ocr_line' id='line_1_36' title="bbox 145 2014 2092 2098; baseline -0.001 -21"><span class='ocrx_word' id='word_1_407' title='bbox 145 2038 332 2077; x_wconf 84' lang='lat' dir='ltr'>maiorem</span> <span class='ocrx_word' id='word_1_408' title='bbox 374 2038 610 2098; x_wconf 87' lang='lat' dir='ltr'>aequitatem</span> <span class='ocrx_word' id='word_1_409' title='bbox 651 2040 687 2077; x_wconf 85' lang='lat'>&amp;</span> <span class='ocrx_word' id='word_1_410' title='bbox 731 2040 1045 2078; x_wconf 89' lang='lat' dir='ltr'>moderationem</span> <span class='ocrx_word' id='word_1_411' title='bbox 1088 2046 1318 2077; x_wconf 89' lang='lat' dir='ltr'>reuocatum</span> <span class='ocrx_word' id='word_1_412' title='bbox 1360 2051 1464 2077; x_wconf 87' lang='grc'>0330·</span> <span class='ocrx_word' id='word_1_413' title='bbox 1501 2051 1592 2076; x_wconf 86' lang='grc'>113111</span> <span class='ocrx_word' id='word_1_414' title='bbox 1621 2014 1799 2076; x_wconf 80' lang='lat' dir='ltr'>libelluni</span> <span class='ocrx_word' id='word_1_415' title='bbox 1824 2038 1873 2077; x_wconf 91' lang='lat' dir='ltr'>de</span> <span class='ocrx_word' id='word_1_416' title='bbox 1900 2052 1946 2077; x_wconf 88' lang='lat' dir='ltr'>ea</span> <span class='ocrx_word' id='word_1_417' title='bbox 1976 2051 2092 2077; x_wconf 85' lang='lat' dir='ltr'>causa</span> 
     </span>
     <span class='ocr_line' id='line_1_37' title="bbox 144 2091 2092 2142; baseline -0.001 -12"><span class='ocrx_word' id='word_1_418' title='bbox 144 2091 301 2131; x_wconf 86' lang='lat' dir='ltr'>Valenti</span> <span class='ocrx_word' id='word_1_419' title='bbox 327 2091 589 2142; x_wconf 86' lang='lat' dir='ltr'>inscripsisse,</span> <span class='ocrx_word' id='word_1_420' title='bbox 618 2103 698 2141; x_wconf 91' lang='lat' dir='ltr'>quo</span> <span class='ocrx_word' id='word_1_421' title='bbox 727 2092 960 2131; x_wconf 89' lang='lat' dir='ltr'>nominatim</span> <span class='ocrx_word' id='word_1_422' title='bbox 988 2092 1117 2142; x_wconf 89' lang='lat' dir='ltr'>ipsum</span> <span class='ocrx_word' id='word_1_423' title='bbox 1145 2094 1428 2142; x_wconf 86' lang='lat' dir='ltr'>Imperatorem</span> <span class='ocrx_word' id='word_1_424' title='bbox 1471 2092 1712 2142; x_wconf 85' lang='lat' dir='ltr'>appellabat,</span> <span class='ocrx_word' id='word_1_425' title='bbox 1744 2092 1994 2142; x_wconf 80' lang='lat' dir='ltr'>docebatque</span> <span class='ocrx_word' id='word_1_426' title='bbox 2012 2105 2092 2130; x_wconf 92' lang='lat' dir='ltr'>non</span> 
     </span>
     <span class='ocr_line' id='line_1_38' title="bbox 145 2145 2094 2197; baseline 0 -14"><span class='ocrx_word' id='word_1_427' title='bbox 145 2158 229 2184; x_wconf 89' lang='lat' dir='ltr'>esse</span> <span class='ocrx_word' id='word_1_428' title='bbox 258 2156 327 2183; x_wconf 90' lang='lat' dir='ltr'>cur</span> <span class='ocrx_word' id='word_1_429' title='bbox 354 2145 497 2184; x_wconf 89' lang='lat' dir='ltr'>mirum</span> <span class='ocrx_word' id='word_1_430' title='bbox 527 2145 600 2195; x_wconf 92' lang='lat' dir='ltr'>ipsi</span> <span class='ocrx_word' id='word_1_431' title='bbox 628 2145 848 2197; x_wconf 89' lang='lat' dir='ltr'>videretur,</span> <span class='ocrx_word' id='word_1_432' title='bbox 877 2146 908 2185; x_wconf 89' lang='lat' dir='ltr'>si</span> <span class='ocrx_word' id='word_1_433' title='bbox 937 2148 1036 2185; x_wconf 78' lang='lat' dir='ltr'>forte</span> <span class='ocrx_word' id='word_1_434' title='bbox 1065 2145 1375 2184; x_wconf 88' lang='lat' dir='ltr'>Christianorum</span> <span class='ocrx_word' id='word_1_435' title='bbox 1404 2146 1591 2195; x_wconf 87' lang='lat' dir='ltr'>dogmata</span> <span class='ocrx_word' id='word_1_436' title='bbox 1619 2145 1814 2183; x_wconf 90' lang='lat' dir='ltr'>interdum</span> <span class='ocrx_word' id='word_1_437' title='bbox 1847 2145 2094 2196; x_wconf 89' lang='lat' dir='ltr'>dissiderent,</span> 
     </span>
     <span class='ocr_line' id='line_1_39' title="bbox 145 2198 2094 2257; baseline -0.001 -20"><span class='ocrx_word' id='word_1_438' title='bbox 145 2211 220 2238; x_wconf 88' lang='lat' dir='ltr'>nec</span> <span class='ocrx_word' id='word_1_439' title='bbox 247 2199 347 2237; x_wconf 91' lang='lat' dir='ltr'>inter</span> <span class='ocrx_word' id='word_1_440' title='bbox 376 2212 416 2237; x_wconf 92' lang='lat' dir='ltr'>se</span> <span class='ocrx_word' id='word_1_441' title='bbox 445 2198 702 2237; x_wconf 89' lang='lat' dir='ltr'>conuenirent</span> <span class='ocrx_word' id='word_1_442' title='bbox 729 2200 858 2249; x_wconf 78' lang='lat' dir='ltr'>plane.</span> <span class='ocrx_word' id='word_1_443' title='bbox 887 2199 1044 2238; x_wconf 90' lang='lat' dir='ltr'>Etenim</span> <span class='ocrx_word' id='word_1_444' title='bbox 1072 2211 1209 2238; x_wconf 90' lang='lat' dir='ltr'>reuera</span> <span class='ocrx_word' id='word_1_445' title='bbox 1233 2198 1484 2249; x_wconf 85' lang='lat' dir='ltr'>perexiguam</span> <span class='ocrx_word' id='word_1_446' title='bbox 1500 2211 1584 2237; x_wconf 89' lang='lat' dir='ltr'>esse</span> <span class='ocrx_word' id='word_1_447' title='bbox 1599 2198 1754 2237; x_wconf 85' lang='lat' dir='ltr'>illorum</span> <span class='ocrx_word' id='word_1_448' title='bbox 1771 2198 2094 2257; x_wconf 84' lang='lat' dir='ltr'>discrepantiam,</span> 
     </span>
     <span class='ocr_line' id='line_1_40' title="bbox 146 2251 2095 2303; baseline -0.001 -12"><span class='ocrx_word' id='word_1_449' title='bbox 146 2252 177 2291; x_wconf 90' lang='lat' dir='ltr'>si</span> <span class='ocrx_word' id='word_1_450' title='bbox 212 2263 303 2291; x_wconf 90' lang='lat' dir='ltr'>cum</span> <span class='ocrx_word' id='word_1_451' title='bbox 338 2252 584 2291; x_wconf 90' lang='lat' dir='ltr'>multitudine</span> <span class='ocrx_word' id='word_1_452' title='bbox 622 2254 658 2290; x_wconf 84' lang='lat'>&amp;</span> <span class='ocrx_word' id='word_1_453' title='bbox 695 2253 927 2292; x_wconf 90' lang='lat' dir='ltr'>confusione</span> <span class='ocrx_word' id='word_1_454' title='bbox 956 2253 1188 2303; x_wconf 88' lang='lat' dir='ltr'>dogmatum</span> <span class='ocrx_word' id='word_1_455' title='bbox 1217 2259 1497 2301; x_wconf 87' lang='lat' dir='ltr'>comparentur</span> <span class='ocrx_word' id='word_1_456' title='bbox 1527 2263 1626 2302; x_wconf 89' lang='lat' dir='ltr'>quae</span> <span class='ocrx_word' id='word_1_457' title='bbox 1655 2253 1761 2301; x_wconf 89' lang='lat' dir='ltr'>apud</span> <span class='ocrx_word' id='word_1_458' title='bbox 1791 2252 1969 2290; x_wconf 87' lang='lat' dir='ltr'>Graecos</span> <span class='ocrx_word' id='word_1_459' title='bbox 1997 2251 2095 2290; x_wconf 84' lang='lat' dir='ltr'>obti—</span> 
     </span>
     <span class='ocr_line' id='line_1_41' title="bbox 146 2304 2096 2357; baseline -0.001 -13"><span class='ocrx_word' id='word_1_460' title='bbox 146 2306 304 2344; x_wconf 89' lang='lat' dir='ltr'>nebant.</span> <span class='ocrx_word' id='word_1_461' title='bbox 332 2304 489 2344; x_wconf 88' lang='lat' dir='ltr'>illorum</span> <span class='ocrx_word' id='word_1_462' title='bbox 517 2305 620 2344; x_wconf 87' lang='lat' dir='ltr'>enim</span> <span class='ocrx_word' id='word_1_463' title='bbox 647 2317 732 2344; x_wconf 87' lang='lat' dir='ltr'>esse</span> <span class='ocrx_word' id='word_1_464' title='bbox 760 2306 926 2357; x_wconf 86' lang='lat' dir='ltr'>amplius</span> <span class='ocrx_word' id='word_1_465' title='bbox 953 2313 1130 2344; x_wconf 90' lang='lat' dir='ltr'>trecenta</span> <span class='ocrx_word' id='word_1_466' title='bbox 1157 2306 1357 2355; x_wconf 88' lang='lat' dir='ltr'>dogmata.</span> <span class='ocrx_word' id='word_1_467' title='bbox 1399 2307 1445 2343; x_wconf 90' lang='lat' dir='ltr'>In</span> <span class='ocrx_word' id='word_1_468' title='bbox 1473 2306 1590 2344; x_wconf 88' lang='lat' dir='ltr'>rebus</span> <span class='ocrx_word' id='word_1_469' title='bbox 1619 2311 1748 2343; x_wconf 87' lang='lat' dir='ltr'>autem</span> <span class='ocrx_word' id='word_1_470' title='bbox 1777 2316 1878 2354; x_wconf 89' lang='lat' dir='ltr'>quae</span> <span class='ocrx_word' id='word_1_471' title='bbox 1905 2307 1989 2344; x_wconf 92' lang='lat' dir='ltr'>sola</span> <span class='ocrx_word' id='word_1_472' title='bbox 2016 2305 2096 2354; x_wconf 90' lang='lat' dir='ltr'>opi-</span> 
     </span>
     <span class='ocr_line' id='line_1_42' title="bbox 146 2358 2096 2409; baseline 0 -13"><span class='ocrx_word' id='word_1_473' title='bbox 146 2358 263 2397; x_wconf 89' lang='lat' dir='ltr'>nione</span> <span class='ocrx_word' id='word_1_474' title='bbox 293 2358 440 2409; x_wconf 86' lang='lat' dir='ltr'>percipi</span> <span class='ocrx_word' id='word_1_475' title='bbox 466 2365 652 2409; x_wconf 84' lang='lat' dir='ltr'>possunt,</span> <span class='ocrx_word' id='word_1_476' title='bbox 694 2366 811 2408; x_wconf 90' lang='lat' dir='ltr'>prout</span> <span class='ocrx_word' id='word_1_477' title='bbox 840 2373 887 2398; x_wconf 85' lang='lat' dir='ltr'>ex</span> <span class='ocrx_word' id='word_1_478' title='bbox 915 2359 1167 2407; x_wconf 86' lang='lat' dir='ltr'>necessitate,</span> <span class='ocrx_word' id='word_1_479' title='bbox 1197 2359 1229 2396; x_wconf 87' lang='lat' dir='ltr'>si</span> <span class='ocrx_word' id='word_1_480' title='bbox 1257 2358 1351 2408; x_wconf 89' lang='lat' dir='ltr'>quid</span> <span class='ocrx_word' id='word_1_481' title='bbox 1379 2360 1502 2397; x_wconf 90' lang='lat' dir='ltr'>homo</span> <span class='ocrx_word' id='word_1_482' title='bbox 1531 2358 1569 2396; x_wconf 90' lang='lat' dir='ltr'>in</span> <span class='ocrx_word' id='word_1_483' title='bbox 1598 2359 1714 2396; x_wconf 90' lang='lat' dir='ltr'>rebus</span> <span class='ocrx_word' id='word_1_484' title='bbox 1740 2358 1882 2397; x_wconf 88' lang='lat' dir='ltr'>diuinis</span> <span class='ocrx_word' id='word_1_485' title='bbox 1912 2358 2096 2409; x_wconf 81' lang='lat' dir='ltr'>percipit,</span> 
     </span>
     <span class='ocr_line' id='line_1_43' title="bbox 147 2411 2096 2471; baseline 0 -22"><span class='ocrx_word' id='word_1_486' title='bbox 147 2411 334 2461; x_wconf 88' lang='lat' dir='ltr'>opinione</span> <span class='ocrx_word' id='word_1_487' title='bbox 361 2411 547 2462; x_wconf 89' lang='lat' dir='ltr'>percipit,</span> <span class='ocrx_word' id='word_1_488' title='bbox 575 2413 683 2471; x_wconf 84' lang='lat' dir='ltr'>(nam</span> <span class='ocrx_word' id='word_1_489' title='bbox 712 2413 831 2451; x_wconf 89' lang='lat' dir='ltr'>fidem</span> <span class='ocrx_word' id='word_1_490' title='bbox 859 2412 1060 2451; x_wconf 91' lang='lat' dir='ltr'>nesciebat</span> <span class='ocrx_word' id='word_1_491' title='bbox 1090 2411 1255 2450; x_wconf 88' lang='lat' dir='ltr'>carnalis</span> <span class='ocrx_word' id='word_1_492' title='bbox 1283 2411 1562 2471; x_wconf 82' lang='lat' dir='ltr'>Philosophus)</span> <span class='ocrx_word' id='word_1_493' title='bbox 1591 2411 1802 2462; x_wconf 90' lang='lat' dir='ltr'>plurimum</span> <span class='ocrx_word' id='word_1_494' title='bbox 1830 2412 1931 2461; x_wconf 89' lang='lat' dir='ltr'>fieri,</span> <span class='ocrx_word' id='word_1_495' title='bbox 1960 2419 2000 2451; x_wconf 91' lang='lat' dir='ltr'>vt</span> <span class='ocrx_word' id='word_1_496' title='bbox 2016 2412 2096 2450; x_wconf 90' lang='lat' dir='ltr'>dis-</span> 
     </span>
     <span class='ocr_line' id='line_1_44' title="bbox 147 2442 2097 2525; baseline -0.001 -22"><span class='ocrx_word' id='word_1_497' title='bbox 147 2465 298 2504; x_wconf 86' lang='lat' dir='ltr'>sideant</span> <span class='ocrx_word' id='word_1_498' title='bbox 348 2466 464 2504; x_wconf 83' lang='lat' dir='ltr'>valde</span> <span class='ocrx_word' id='word_1_499' title='bbox 506 2464 738 2504; x_wconf 84' lang='lat' dir='ltr'>sententiae:</span> <span class='ocrx_word' id='word_1_500' title='bbox 780 2466 815 2503; x_wconf 69' lang='grc' dir='ltr'>δε</span> <span class='ocrx_word' id='word_1_501' title='bbox 844 2468 975 2504; x_wconf 89' lang='lat' dir='ltr'>Deum</span> <span class='ocrx_word' id='word_1_502' title='bbox 1004 2465 1133 2525; x_wconf 77' lang='lat' dir='ltr'>ipsum</span> <span class='ocrx_word' id='word_1_503' title='bbox 1161 2466 1261 2504; x_wconf 88' lang='lat' dir='ltr'>velle</span> <span class='ocrx_word' id='word_1_504' title='bbox 1290 2465 1456 2515; x_wconf 88' lang='lat' dir='ltr'>gloriam</span> <span class='ocrx_word' id='word_1_505' title='bbox 1484 2464 1536 2503; x_wconf 87' lang='lat' dir='ltr'>ita</span> <span class='ocrx_word' id='word_1_506' title='bbox 1563 2464 1637 2504; x_wconf 89' lang='lat' dir='ltr'>sibi</span> <span class='ocrx_word' id='word_1_507' title='bbox 1666 2465 1878 2504; x_wconf 87' lang='lat' dir='ltr'>conciliare</span> <span class='ocrx_word' id='word_1_508' title='bbox 1908 2442 2097 2504; x_wconf 88' lang='lat' dir='ltr'>dissiden-</span> 
     </span>
     <span class='ocr_line' id='line_1_45' title="bbox 145 2517 2097 2577; baseline -0.001 -21"><span class='ocrx_word' id='word_1_509' title='bbox 145 2519 249 2557; x_wconf 87' lang='lat' dir='ltr'>tibus</span> <span class='ocrx_word' id='word_1_510' title='bbox 285 2518 490 2557; x_wconf 90' lang='lat' dir='ltr'>hominum</span> <span class='ocrx_word' id='word_1_511' title='bbox 518 2517 738 2568; x_wconf 86' lang='lat' dir='ltr'>sententiis,</span> <span class='ocrx_word' id='word_1_512' title='bbox 764 2527 805 2557; x_wconf 92' lang='lat' dir='ltr'>vt</span> <span class='ocrx_word' id='word_1_513' title='bbox 835 2532 883 2558; x_wconf 90' lang='lat' dir='ltr'>eo</span> <span class='ocrx_word' id='word_1_514' title='bbox 914 2519 1038 2569; x_wconf 88' lang='lat' dir='ltr'>magis</span> <span class='ocrx_word' id='word_1_515' title='bbox 1067 2518 1233 2577; x_wconf 85' lang='lat' dir='ltr'>quisque</span> <span class='ocrx_word' id='word_1_516' title='bbox 1262 2525 1487 2557; x_wconf 89' lang='lat' dir='ltr'>reuereatur</span> <span class='ocrx_word' id='word_1_517' title='bbox 1515 2518 1759 2557; x_wconf 88' lang='lat' dir='ltr'>maiestatem</span> <span class='ocrx_word' id='word_1_518' title='bbox 1789 2519 1890 2565; x_wconf 85' lang='lat' dir='ltr'>eius,</span> <span class='ocrx_word' id='word_1_519' title='bbox 1923 2518 2097 2568; x_wconf 86' lang='lat' dir='ltr'>quando-</span> 
     </span>
     <span class='ocr_line' id='line_1_46' title="bbox 146 2570 2099 2623; baseline 0 -14"><span class='ocrx_word' id='word_1_520' title='bbox 146 2571 306 2621; x_wconf 90' lang='lat' dir='ltr'>quidem</span> <span class='ocrx_word' id='word_1_521' title='bbox 343 2571 519 2623; x_wconf 92' lang='lat' dir='ltr'>cognitio</span> <span class='ocrx_word' id='word_1_522' title='bbox 561 2571 643 2610; x_wconf 85' lang='lat' dir='ltr'>eius</span> <span class='ocrx_word' id='word_1_523' title='bbox 671 2584 752 2610; x_wconf 93' lang='lat' dir='ltr'>non</span> <span class='ocrx_word' id='word_1_524' title='bbox 782 2579 840 2610; x_wconf 91' lang='lat' dir='ltr'>est</span> <span class='ocrx_word' id='word_1_525' title='bbox 868 2572 923 2611; x_wconf 92' lang='lat' dir='ltr'>illi</span> <span class='ocrx_word' id='word_1_526' title='bbox 952 2572 1128 2622; x_wconf 87' lang='lat' dir='ltr'>exposita</span> <span class='ocrx_word' id='word_1_527' title='bbox 1157 2571 1207 2610; x_wconf 89' lang='lat' dir='ltr'>ad</span> <span class='ocrx_word' id='word_1_528' title='bbox 1238 2572 1480 2610; x_wconf 86' lang='lat' dir='ltr'>voluntatem</span> <span class='ocrx_word' id='word_1_529' title='bbox 1510 2570 1643 2610; x_wconf 89' lang='lat' dir='ltr'>animi.</span> <span class='ocrx_word' id='word_1_530' title='bbox 1680 2571 1757 2610; x_wconf 90' lang='lat' dir='ltr'>His</span> <span class='ocrx_word' id='word_1_531' title='bbox 1787 2572 2035 2611; x_wconf 87' lang='lat' dir='ltr'>sermonibus</span> <span class='ocrx_word' id='word_1_532' title='bbox 2065 2573 2099 2609; x_wconf 70' lang='grc' dir='ltr'>δε</span> 
     </span>
     <span class='ocr_line' id='line_1_47' title="bbox 146 2624 2099 2675; baseline -0.002 -12"><span class='ocrx_word' id='word_1_533' title='bbox 146 2624 414 2663; x_wconf 89' lang='lat' dir='ltr'>consimilibus</span> <span class='ocrx_word' id='word_1_534' title='bbox 441 2625 680 2675; x_wconf 89' lang='lat' dir='ltr'>argumentis</span> <span class='ocrx_word' id='word_1_535' title='bbox 709 2627 926 2675; x_wconf 85' lang='lat' dir='ltr'>appellatus</span> <span class='ocrx_word' id='word_1_536' title='bbox 954 2628 978 2663; x_wconf 79' lang='lat' dir='ltr'>a</span> <span class='ocrx_word' id='word_1_537' title='bbox 1007 2624 1227 2663; x_wconf 87' lang='lat' dir='ltr'>Themistio</span> <span class='ocrx_word' id='word_1_538' title='bbox 1256 2626 1475 2675; x_wconf 83' lang='lat' dir='ltr'>Imperator</span> <span class='ocrx_word' id='word_1_539' title='bbox 1495 2626 1641 2663; x_wconf 88' lang='lat' dir='ltr'>Valens</span> <span class='ocrx_word' id='word_1_540' title='bbox 1657 2625 1805 2663; x_wconf 80' lang='lat' dir='ltr'>lenior</span> <span class='ocrx_word' id='word_1_541' title='bbox 1796 2638 1834 2663; x_wconf 89' lang='lat' dir='ltr'>m</span> <span class='ocrx_word' id='word_1_542' title='bbox 1853 2625 2099 2664; x_wconf 82' lang='lat' dir='ltr'>orthodoxos</span> 
     </span>
     <span class='ocr_line' id='line_1_48' title="bbox 147 2677 2101 2728; baseline -0.001 -12"><span class='ocrx_word' id='word_1_543' title='bbox 147 2678 308 2717; x_wconf 86' lang='lat' dir='ltr'>effectus</span> <span class='ocrx_word' id='word_1_544' title='bbox 335 2685 406 2717; x_wconf 87' lang='lat' dir='ltr'>est.</span> <span class='ocrx_word' id='word_1_545' title='bbox 435 2678 556 2727; x_wconf 79' lang='lat' dir='ltr'>Quod</span> <span class='ocrx_word' id='word_1_546' title='bbox 583 2678 615 2717; x_wconf 90' lang='lat' dir='ltr'>si</span> <span class='ocrx_word' id='word_1_547' title='bbox 643 2685 782 2716; x_wconf 89' lang='lat' dir='ltr'>natura</span> <span class='ocrx_word' id='word_1_548' title='bbox 811 2679 913 2717; x_wconf 89' lang='lat' dir='ltr'>duce</span> <span class='ocrx_word' id='word_1_549' title='bbox 941 2677 1164 2717; x_wconf 86' lang='lat' dir='ltr'>humaniter</span> <span class='ocrx_word' id='word_1_550' title='bbox 1192 2678 1449 2728; x_wconf 87' lang='lat' dir='ltr'>cogitandum</span> <span class='ocrx_word' id='word_1_551' title='bbox 1480 2678 1518 2716; x_wconf 91' lang='lat' dir='ltr'>in</span> <span class='ocrx_word' id='word_1_552' title='bbox 1548 2689 1665 2716; x_wconf 81' lang='lat' dir='ltr'>causa</span> <span class='ocrx_word' id='word_1_553' title='bbox 1694 2678 1890 2728; x_wconf 88' lang='lat' dir='ltr'>religionis</span> <span class='ocrx_word' id='word_1_554' title='bbox 1910 2680 1960 2717; x_wconf 90' lang='lat' dir='ltr'>de</span> <span class='ocrx_word' id='word_1_555' title='bbox 1977 2678 2101 2716; x_wconf 87' lang='lat' dir='ltr'>homi-</span> 
     </span>
     <span class='ocr_line' id='line_1_49' title="bbox 146 2730 2101 2782; baseline -0.001 -14"><span class='ocrx_word' id='word_1_556' title='bbox 146 2731 262 2770; x_wconf 89' lang='lat' dir='ltr'>nibus</span> <span class='ocrx_word' id='word_1_557' title='bbox 289 2744 373 2770; x_wconf 90' lang='lat' dir='ltr'>esse</span> <span class='ocrx_word' id='word_1_558' title='bbox 401 2730 587 2770; x_wconf 87' lang='lat' dir='ltr'>iudicauit</span> <span class='ocrx_word' id='word_1_559' title='bbox 616 2730 877 2782; x_wconf 89' lang='lat' dir='ltr'>Philosophus</span> <span class='ocrx_word' id='word_1_560' title='bbox 906 2732 1064 2782; x_wconf 86' lang='lat' dir='ltr'>ignarus</span> <span class='ocrx_word' id='word_1_561' title='bbox 1091 2730 1287 2780; x_wconf 84' lang='lat' dir='ltr'>veritatis,</span> <span class='ocrx_word' id='word_1_562' title='bbox 1319 2739 1430 2770; x_wconf 87' lang='lat' dir='ltr'>vtens</span> <span class='ocrx_word' id='word_1_563' title='bbox 1458 2731 1653 2769; x_wconf 82' lang='lat' dir='ltr'>axiomate</span> <span class='ocrx_word' id='word_1_564' title='bbox 1681 2733 1789 2781; x_wconf 85' lang='lat' dir='ltr'>quod</span> <span class='ocrx_word' id='word_1_565' title='bbox 1819 2732 1981 2782; x_wconf 86' lang='lat' dir='ltr'>Sapiens</span> <span class='ocrx_word' id='word_1_566' title='bbox 2009 2744 2101 2768; x_wconf 89' lang='lat' dir='ltr'>con-</span> 
     </span>
     <span class='ocr_line' id='line_1_50' title="bbox 145 2784 2105 2836; baseline 0 -14"><span class='ocrx_word' id='word_1_567' title='bbox 145 2784 333 2836; x_wconf 89' lang='lat' dir='ltr'>firmauit,</span> <span class='ocrx_word' id='word_1_568' title='bbox 372 2785 536 2834; x_wconf 88' lang='lat' dir='ltr'>gloriam</span> <span class='ocrx_word' id='word_1_569' title='bbox 574 2784 651 2822; x_wconf 91' lang='lat' dir='ltr'>Dei</span> <span class='ocrx_word' id='word_1_570' title='bbox 687 2797 771 2824; x_wconf 87' lang='lat' dir='ltr'>esse</span> <span class='ocrx_word' id='word_1_571' title='bbox 811 2787 938 2823; x_wconf 88' lang='lat' dir='ltr'>celare</span> <span class='ocrx_word' id='word_1_572' title='bbox 969 2786 1157 2823; x_wconf 89' lang='lat' dir='ltr'>verbum:</span> <span class='ocrx_word' id='word_1_573' title='bbox 1188 2786 1307 2823; x_wconf 79' lang='lat' dir='ltr'>Prou.</span> <span class='ocrx_word' id='word_1_574' title='bbox 1338 2795 1400 2835; x_wconf 88' lang='lat'>25.</span> <span class='ocrx_word' id='word_1_575' title='bbox 1433 2798 1468 2824; x_wconf 90' lang='lat'>2.</span> <span class='ocrx_word' id='word_1_576' title='bbox 1497 2784 1529 2823; x_wconf 91' lang='grc'>31</span> <span class='ocrx_word' id='word_1_577' title='bbox 1558 2785 1789 2835; x_wconf 87' lang='lat' dir='ltr'>Philosophi</span> <span class='ocrx_word' id='word_1_578' title='bbox 1816 2785 1916 2824; x_wconf 88' lang='lat' dir='ltr'>illius</span> <span class='ocrx_word' id='word_1_579' title='bbox 1945 2784 2105 2823; x_wconf 86' lang='lat' dir='ltr'>monitis</span> 
     </span>
    </p>

    <p class='ocr_par' dir='ltr' id='par_1_4' title="bbox 1096 2840 2102 2887">
     <span class='ocr_line' id='line_1_51' title="bbox 1096 2840 2102 2887; baseline -0.002 -10"><span class='ocrx_word' id='word_1_580' title='bbox 1096 2848 1142 2887; x_wconf 87' lang='lat'>57</span> <span class='ocrx_word' id='word_1_581' title='bbox 1958 2840 2102 2877; x_wconf 85' lang='lat' dir='ltr'>fractus</span> 
     </span>
    </p>
   </div>
  </div>
 </body>
</html>
