<?xml version="1.0" encoding="UTF-8"?>
<!DOCTYPE html PUBLIC "-//W3C//DTD XHTML 1.0 Transitional//EN"
    "http://www.w3.org/TR/xhtml1/DTD/xhtml1-transitional.dtd">
<html xmlns="http://www.w3.org/1999/xhtml" xml:lang="en" lang="en">
 <head>
  <title>
</title>
<meta http-equiv="Content-Type" content="text/html;charset=utf-8" />
  <meta name='ocr-system' content='tesseract 3.04.00' />
  <meta name='ocr-capabilities' content='ocr_page ocr_carea ocr_par ocr_line ocrx_word'/>
</head>
<body>
  <div class='ocr_page' id='page_1' title='image "./opusculatheologi00juni/opusculatheologi00juni_0265.png"; bbox 0 0 2334 3020; ppageno 0'>
   <div class='ocr_carea' id='block_1_1' title="bbox 729 93 2040 138">
    <p class='ocr_par' dir='ltr' id='par_1_1' title="bbox 729 93 2040 138">
     <span class='ocr_line' id='line_1_1' title="bbox 729 93 2040 138; baseline 0.001 -15"><span class='ocrx_word' id='word_1_1' title='bbox 729 93 947 124; x_wconf 77' lang='lat' dir='ltr'>&#39;rHEsES</span> <span class='ocrx_word' id='word_1_2' title='bbox 987 93 1418 125; x_wconf 67' lang='lat' dir='ltr'><strong>THEOLOGICAF..</strong></span> <span class='ocrx_word' id='word_1_3' title='bbox 1969 98 2040 138; x_wconf 79' lang='lat'>233</span> 
     </span>
    </p>
   </div>
   <div class='ocr_carea' id='block_1_2' title="bbox 98 203 2067 2812">
    <p class='ocr_par' dir='ltr' id='par_1_2' title="bbox 98 203 2047 682">
     <span class='ocr_line' id='line_1_2' title="bbox 101 203 2041 256; baseline -0.002 -10"><span class='ocrx_word' id='word_1_4' title='bbox 101 206 229 246; x_wconf 89' lang='lat' dir='ltr'>verbis</span> <span class='ocrx_word' id='word_1_5' title='bbox 257 205 429 256; x_wconf 88' lang='lat' dir='ltr'>idoneis</span> <span class='ocrx_word' id='word_1_6' title='bbox 457 205 492 243; x_wconf 84' lang='lat'>&amp;</span> <span class='ocrx_word' id='word_1_7' title='bbox 521 204 695 256; x_wconf 84' lang='lat' dir='ltr'>gestibus</span> <span class='ocrx_word' id='word_1_8' title='bbox 722 203 964 254; x_wconf 90' lang='lat' dir='ltr'>compositis.</span> <span class='ocrx_word' id='word_1_9' title='bbox 1004 204 1128 241; x_wconf 80' lang='lat' dir='ltr'>Verba</span> <span class='ocrx_word' id='word_1_10' title='bbox 1156 203 1259 242; x_wconf 90' lang='lat' dir='ltr'>enim</span> <span class='ocrx_word' id='word_1_11' title='bbox 1288 203 1407 241; x_wconf 87' lang='lat' dir='ltr'>animi</span> <span class='ocrx_word' id='word_1_12' title='bbox 1434 203 1576 241; x_wconf 83' lang='lat' dir='ltr'>indicia</span> <span class='ocrx_word' id='word_1_13' title='bbox 1605 207 1711 252; x_wconf 79' lang='lat' dir='ltr'>sunt,</span> <span class='ocrx_word' id='word_1_14' title='bbox 1740 214 1840 252; x_wconf 83' lang='lat' dir='ltr'>quae</span> <span class='ocrx_word' id='word_1_15' title='bbox 1856 216 2041 253; x_wconf 85' lang='lat' dir='ltr'>quomam</span> 
     </span>
     <span class='ocr_line' id='line_1_3' title="bbox 99 255 2042 310; baseline -0.002 -11"><span class='ocrx_word' id='word_1_16' title='bbox 99 268 164 299; x_wconf 86' lang='lat' dir='ltr'>aut</span> <span class='ocrx_word' id='word_1_17' title='bbox 192 259 348 310; x_wconf 88' lang='lat' dir='ltr'>publice</span> <span class='ocrx_word' id='word_1_18' title='bbox 378 260 474 297; x_wconf 86' lang='lat' dir='ltr'>fiunt</span> <span class='ocrx_word' id='word_1_19' title='bbox 501 260 551 296; x_wconf 84' lang='lat' dir='ltr'>ab</span> <span class='ocrx_word' id='word_1_20' title='bbox 581 270 659 297; x_wconf 90' lang='lat' dir='ltr'>vno</span> <span class='ocrx_word' id='word_1_21' title='bbox 688 257 854 307; x_wconf 91' lang='lat' dir='ltr'>plurium</span> <span class='ocrx_word' id='word_1_22' title='bbox 883 255 1064 307; x_wconf 86' lang='lat' dir='ltr'>nomine,</span> <span class='ocrx_word' id='word_1_23' title='bbox 1091 265 1157 295; x_wconf 86' lang='lat' dir='ltr'>aut</span> <span class='ocrx_word' id='word_1_24' title='bbox 1185 258 1235 296; x_wconf 87' lang='lat' dir='ltr'>ab</span> <span class='ocrx_word' id='word_1_25' title='bbox 1264 269 1341 295; x_wconf 91' lang='lat' dir='ltr'>vno</span> <span class='ocrx_word' id='word_1_26' title='bbox 1358 256 1559 307; x_wconf 83' lang='lat' dir='ltr'>priuatim,</span> <span class='ocrx_word' id='word_1_27' title='bbox 1585 255 1666 294; x_wconf 82' lang='lat' dir='ltr'>siue</span> <span class='ocrx_word' id='word_1_28' title='bbox 1682 269 1727 294; x_wconf 88' lang='lat' dir='ltr'>ea</span> <span class='ocrx_word' id='word_1_29' title='bbox 1741 255 1932 306; x_wconf 86' lang='lat' dir='ltr'>simplicia</span> <span class='ocrx_word' id='word_1_30' title='bbox 1948 258 2042 307; x_wconf 83' lang='lat' dir='ltr'>sint,</span> 
     </span>
     <span class='ocr_line' id='line_1_4' title="bbox 99 309 2043 360; baseline -0.002 -8"><span class='ocrx_word' id='word_1_31' title='bbox 99 314 180 352; x_wconf 89' lang='lat' dir='ltr'>siue</span> <span class='ocrx_word' id='word_1_32' title='bbox 218 314 386 351; x_wconf 89' lang='lat' dir='ltr'>honesto</span> <span class='ocrx_word' id='word_1_33' title='bbox 424 319 540 350; x_wconf 91' lang='lat' dir='ltr'>cantu</span> <span class='ocrx_word' id='word_1_34' title='bbox 578 311 803 349; x_wconf 86' lang='lat' dir='ltr'>modificata</span> <span class='ocrx_word' id='word_1_35' title='bbox 840 312 1006 360; x_wconf 79' lang='lat' dir='ltr'><strong>(lac.5.</strong></span> <span class='ocrx_word' id='word_1_36' title='bbox 1042 312 1115 358; x_wconf 88' lang='lat'><strong>13.)</strong></span> <span class='ocrx_word' id='word_1_37' title='bbox 1145 309 1339 348; x_wconf 87' lang='lat' dir='ltr'>diuersam</span> <span class='ocrx_word' id='word_1_38' title='bbox 1367 310 1531 348; x_wconf 88' lang='lat' dir='ltr'>induunt</span> <span class='ocrx_word' id='word_1_39' title='bbox 1572 309 1776 348; x_wconf 86' lang='lat' dir='ltr'>rationem.</span> <span class='ocrx_word' id='word_1_40' title='bbox 1820 311 2043 349; x_wconf 82' lang='lat' dir='ltr'>Commune</span> 
     </span>
     <span class='ocr_line' id='line_1_5' title="bbox 99 361 2045 422; baseline -0.002 -18"><span class='ocrx_word' id='word_1_41' title='bbox 99 374 229 405; x_wconf 87' lang='lat' dir='ltr'>autem</span> <span class='ocrx_word' id='word_1_42' title='bbox 271 372 329 404; x_wconf 90' lang='lat' dir='ltr'>est</span> <span class='ocrx_word' id='word_1_43' title='bbox 365 365 563 414; x_wconf 83' lang='lat' dir='ltr'><strong>Vtriusque</strong></span> <span class='ocrx_word' id='word_1_44' title='bbox 591 365 641 402; x_wconf 87' lang='lat' dir='ltr'>ad</span> <span class='ocrx_word' id='word_1_45' title='bbox 670 364 880 402; x_wconf 89' lang='lat' dir='ltr'>verborum</span> <span class='ocrx_word' id='word_1_46' title='bbox 909 362 1186 414; x_wconf 83' lang='lat' dir='ltr'>aptitudinem</span> <span class='ocrx_word' id='word_1_47' title='bbox 1215 376 1264 402; x_wconf 92' lang='lat' dir='ltr'>ne</span> <span class='ocrx_word' id='word_1_48' title='bbox 1293 362 1407 401; x_wconf 89' lang='lat' dir='ltr'>nimis</span> <span class='ocrx_word' id='word_1_49' title='bbox 1434 365 1553 413; x_wconf 85' lang='lat' dir='ltr'>longa</span> <span class='ocrx_word' id='word_1_50' title='bbox 1584 361 1762 401; x_wconf 89' lang='lat' dir='ltr'>oratione</span> <span class='ocrx_word' id='word_1_51' title='bbox 1788 363 1875 422; x_wconf 87' lang='grc'>(11115</span> <span class='ocrx_word' id='word_1_52' title='bbox 1904 370 2045 410; x_wconf 85' lang='lat' dir='ltr'>Vtatur,</span> 
     </span>
     <span class='ocr_line' id='line_1_6' title="bbox 98 393 2042 466; baseline -0.002 -9"><span class='ocrx_word' id='word_1_53' title='bbox 98 419 139 457; x_wconf 89' lang='lat' dir='ltr'>id</span> <span class='ocrx_word' id='word_1_54' title='bbox 166 419 269 457; x_wconf 90' lang='lat' dir='ltr'>enim</span> <span class='ocrx_word' id='word_1_55' title='bbox 296 418 437 457; x_wconf 80' lang='lat' dir='ltr'>diserte</span> <span class='ocrx_word' id='word_1_56' title='bbox 464 420 488 456; x_wconf 78' lang='lat' dir='ltr'>a</span> <span class='ocrx_word' id='word_1_57' title='bbox 515 417 690 456; x_wconf 89' lang='lat' dir='ltr'>Domino</span> <span class='ocrx_word' id='word_1_58' title='bbox 718 424 855 456; x_wconf 92' lang='lat' dir='ltr'>nostro</span> <span class='ocrx_word' id='word_1_59' title='bbox 884 417 1110 465; x_wconf 82' lang='lat' dir='ltr'>damnatur,</span> <span class='ocrx_word' id='word_1_60' title='bbox 1139 393 1286 454; x_wconf 57' lang='lat' dir='ltr'>Matilc.</span> <span class='ocrx_word' id='word_1_61' title='bbox 1316 418 1352 454; x_wconf 92' lang='lat'>6.</span> <span class='ocrx_word' id='word_1_62' title='bbox 1383 427 1416 465; x_wconf 90' lang='lat'>7.</span> <span class='ocrx_word' id='word_1_63' title='bbox 1447 428 1536 454; x_wconf 91' lang='lat' dir='ltr'>cum</span> <span class='ocrx_word' id='word_1_64' title='bbox 1565 424 1694 466; x_wconf 81' lang='lat' dir='ltr'>potius</span> <span class='ocrx_word' id='word_1_65' title='bbox 1710 429 1833 455; x_wconf 83' lang='grc'>11131115</span> <span class='ocrx_word' id='word_1_66' title='bbox 1848 417 2042 466; x_wconf 82' lang='lat' dir='ltr'>quaedam</span> 
     </span>
     <span class='ocr_line' id='line_1_7' title="bbox 100 469 2046 522; baseline -0.001 -12"><span class='ocrx_word' id='word_1_67' title='bbox 100 474 312 510; x_wconf 88' lang='lat' dir='ltr'>verborum</span> <span class='ocrx_word' id='word_1_68' title='bbox 340 471 538 522; x_wconf 84' lang='lat' dir='ltr'>profusio,</span> <span class='ocrx_word' id='word_1_69' title='bbox 566 473 684 521; x_wconf 76' lang='lat' dir='ltr'>quam</span> <span class='ocrx_word' id='word_1_70' title='bbox 713 470 813 519; x_wconf 86' lang='lat' dir='ltr'>anxij</span> <span class='ocrx_word' id='word_1_71' title='bbox 844 469 963 508; x_wconf 90' lang='lat' dir='ltr'>animi</span> <span class='ocrx_word' id='word_1_72' title='bbox 990 482 1171 519; x_wconf 85' lang='lat' dir='ltr'>expressa</span> <span class='ocrx_word' id='word_1_73' title='bbox 1199 469 1389 520; x_wconf 87' lang='lat' dir='ltr'>professio</span> <span class='ocrx_word' id='word_1_74' title='bbox 1404 469 1574 507; x_wconf 87' lang='lat' dir='ltr'>videtur:</span> <span class='ocrx_word' id='word_1_75' title='bbox 1603 476 1770 508; x_wconf 89' lang='lat' dir='ltr'>nectam</span> <span class='ocrx_word' id='word_1_76' title='bbox 1787 469 2046 520; x_wconf 85' lang='lat' dir='ltr'>explicatione</span> 
     </span>
     <span class='ocr_line' id='line_1_8' title="bbox 101 522 2047 575; baseline -0.002 -12"><span class='ocrx_word' id='word_1_77' title='bbox 101 524 337 575; x_wconf 82' lang='lat' dir='ltr'>indigentiae</span> <span class='ocrx_word' id='word_1_78' title='bbox 371 536 469 574; x_wconf 87' lang='lat' dir='ltr'>opus</span> <span class='ocrx_word' id='word_1_79' title='bbox 500 525 547 562; x_wconf 90' lang='lat' dir='ltr'>sit</span> <span class='ocrx_word' id='word_1_80' title='bbox 575 524 680 574; x_wconf 84' lang='lat' dir='ltr'>apud</span> <span class='ocrx_word' id='word_1_81' title='bbox 708 525 838 561; x_wconf 87' lang='lat' dir='ltr'>Deum</span> <span class='ocrx_word' id='word_1_82' title='bbox 867 525 985 572; x_wconf 73' lang='lat' dir='ltr'>quam</span> <span class='ocrx_word' id='word_1_83' title='bbox 1013 522 1170 572; x_wconf 86' lang='lat' dir='ltr'>inopiae</span> <span class='ocrx_word' id='word_1_84' title='bbox 1198 522 1440 561; x_wconf 86' lang='lat' dir='ltr'>conscientia</span> <span class='ocrx_word' id='word_1_85' title='bbox 1467 524 1501 560; x_wconf 74' lang='grc' dir='ltr'>δι</span> <span class='ocrx_word' id='word_1_86' title='bbox 1531 530 1635 561; x_wconf 88' lang='lat' dir='ltr'>certa</span> <span class='ocrx_word' id='word_1_87' title='bbox 1663 523 1751 560; x_wconf 88' lang='lat' dir='ltr'>fide.</span> <span class='ocrx_word' id='word_1_88' title='bbox 1782 524 1890 562; x_wconf 89' lang='lat' dir='ltr'>Deus</span> <span class='ocrx_word' id='word_1_89' title='bbox 1920 523 2047 572; x_wconf 87' lang='lat' dir='ltr'>enim,</span> 
     </span>
     <span class='ocr_line' id='line_1_9' title="bbox 101 575 2046 627; baseline -0.002 -10"><span class='ocrx_word' id='word_1_90' title='bbox 101 579 217 617; x_wconf 87' lang='lat' dir='ltr'>etiam</span> <span class='ocrx_word' id='word_1_91' title='bbox 246 585 455 627; x_wconf 85' lang='lat' dir='ltr'>antequam</span> <span class='ocrx_word' id='word_1_92' title='bbox 483 584 680 627; x_wconf 84' lang='lat' dir='ltr'>petamus,</span> <span class='ocrx_word' id='word_1_93' title='bbox 710 576 820 615; x_wconf 88' lang='lat' dir='ltr'>nouit</span> <span class='ocrx_word' id='word_1_94' title='bbox 847 576 1100 626; x_wconf 81' lang='lat' dir='ltr'>indigentiam</span> <span class='ocrx_word' id='word_1_95' title='bbox 1129 583 1322 614; x_wconf 86' lang='lat' dir='ltr'>nostram:</span> <span class='ocrx_word' id='word_1_96' title='bbox 1353 583 1483 626; x_wconf 88' lang='lat' dir='ltr'>petere</span> <span class='ocrx_word' id='word_1_97' title='bbox 1499 582 1627 614; x_wconf 86' lang='lat' dir='ltr'>tamen</span> <span class='ocrx_word' id='word_1_98' title='bbox 1645 588 1717 614; x_wconf 89' lang='lat' dir='ltr'>nos</span> <span class='ocrx_word' id='word_1_99' title='bbox 1733 575 1876 624; x_wconf 82' lang='lat' dir='ltr'>voluit,</span> <span class='ocrx_word' id='word_1_100' title='bbox 1901 578 2046 616; x_wconf 75' lang='lat' dir='ltr'>Matth.</span> 
     </span>
     <span class='ocr_line' id='line_1_10' title="bbox 105 629 1384 682; baseline -0.001 -13"><span class='ocrx_word' id='word_1_101' title='bbox 105 643 138 680; x_wconf 91' lang='lat'>7.</span> <span class='ocrx_word' id='word_1_102' title='bbox 171 643 205 679; x_wconf 87' lang='lat'>7.</span> <span class='ocrx_word' id='word_1_103' title='bbox 234 644 283 669; x_wconf 90' lang='lat' dir='ltr'>ne</span> <span class='ocrx_word' id='word_1_104' title='bbox 311 642 585 682; x_wconf 88' lang='lat' dir='ltr'>segnescamus</span> <span class='ocrx_word' id='word_1_105' title='bbox 614 632 649 669; x_wconf 67' lang='grc' dir='ltr'>δε</span> <span class='ocrx_word' id='word_1_106' title='bbox 681 642 817 680; x_wconf 85' lang='lat' dir='ltr'>parum</span> <span class='ocrx_word' id='word_1_107' title='bbox 846 629 896 667; x_wconf 93' lang='lat' dir='ltr'>de</span> <span class='ocrx_word' id='word_1_108' title='bbox 924 629 1039 668; x_wconf 86' lang='lat' dir='ltr'>nobis</span> <span class='ocrx_word' id='word_1_109' title='bbox 1067 629 1223 668; x_wconf 77' lang='lat' dir='ltr'>solliciti</span> <span class='ocrx_word' id='word_1_110' title='bbox 1251 629 1384 668; x_wconf 77' lang='lat' dir='ltr'>simus.</span> 
     </span>
    </p>

    <p class='ocr_par' dir='ltr' id='par_1_3' title="bbox 102 682 2052 1159">
     <span class='ocr_line' id='line_1_11' title="bbox 155 682 2049 734; baseline -0.001 -12"><span class='ocrx_word' id='word_1_111' title='bbox 155 687 192 723; x_wconf 89' lang='lat'>8.</span> <span class='ocrx_word' id='word_1_112' title='bbox 247 685 341 722; x_wconf 91' lang='lat' dir='ltr'>Hoc</span> <span class='ocrx_word' id='word_1_113' title='bbox 370 686 462 722; x_wconf 85' lang='lat' dir='ltr'>vero</span> <span class='ocrx_word' id='word_1_114' title='bbox 491 683 529 721; x_wconf 92' lang='lat' dir='ltr'>in</span> <span class='ocrx_word' id='word_1_115' title='bbox 559 683 688 722; x_wconf 91' lang='lat' dir='ltr'>verbis</span> <span class='ocrx_word' id='word_1_116' title='bbox 716 683 908 733; x_wconf 89' lang='lat' dir='ltr'>singulare</span> <span class='ocrx_word' id='word_1_117' title='bbox 937 689 1013 732; x_wconf 85' lang='lat' dir='ltr'>est,</span> <span class='ocrx_word' id='word_1_118' title='bbox 1041 682 1096 721; x_wconf 90' lang='lat' dir='ltr'>eis</span> <span class='ocrx_word' id='word_1_119' title='bbox 1125 682 1192 732; x_wconf 90' lang='lat' dir='ltr'>qui</span> <span class='ocrx_word' id='word_1_120' title='bbox 1219 682 1377 732; x_wconf 76' lang='lat' dir='ltr'>publice</span> <span class='ocrx_word' id='word_1_121' title='bbox 1404 682 1504 720; x_wconf 90' lang='lat' dir='ltr'>inter</span> <span class='ocrx_word' id='word_1_122' title='bbox 1533 683 1661 731; x_wconf 89' lang='lat' dir='ltr'>plures</span> <span class='ocrx_word' id='word_1_123' title='bbox 1689 682 1728 720; x_wconf 91' lang='lat' dir='ltr'>in</span> <span class='ocrx_word' id='word_1_124' title='bbox 1744 684 1943 734; x_wconf 85' lang='lat' dir='ltr'>Ecclesia,</span> <span class='ocrx_word' id='word_1_125' title='bbox 1968 683 2049 722; x_wconf 87' lang='lat' dir='ltr'>siue</span> 
     </span>
     <span class='ocr_line' id='line_1_12' title="bbox 102 735 2049 787; baseline -0.001 -12"><span class='ocrx_word' id='word_1_126' title='bbox 102 739 232 787; x_wconf 89' lang='lat' dir='ltr'>plures</span> <span class='ocrx_word' id='word_1_127' title='bbox 260 736 443 786; x_wconf 82' lang='lat' dir='ltr'>priuatim</span> <span class='ocrx_word' id='word_1_128' title='bbox 472 736 510 774; x_wconf 91' lang='lat' dir='ltr'>in</span> <span class='ocrx_word' id='word_1_129' title='bbox 539 736 702 786; x_wconf 84' lang='lat' dir='ltr'>familia,</span> <span class='ocrx_word' id='word_1_130' title='bbox 732 736 951 775; x_wconf 91' lang='lat' dir='ltr'>orationem</span> <span class='ocrx_word' id='word_1_131' title='bbox 980 736 1031 774; x_wconf 89' lang='lat' dir='ltr'>ad</span> <span class='ocrx_word' id='word_1_132' title='bbox 1059 737 1189 773; x_wconf 91' lang='lat' dir='ltr'>Deum</span> <span class='ocrx_word' id='word_1_133' title='bbox 1218 736 1406 785; x_wconf 90' lang='lat' dir='ltr'>fundunt,</span> <span class='ocrx_word' id='word_1_134' title='bbox 1435 735 1564 774; x_wconf 89' lang='lat' dir='ltr'>verbis</span> <span class='ocrx_word' id='word_1_135' title='bbox 1580 742 1734 773; x_wconf 81' lang='lat' dir='ltr'>vtantur</span> <span class='ocrx_word' id='word_1_136' title='bbox 1749 737 2049 785; x_wconf 88' lang='lat' dir='ltr'>communibus,</span> 
     </span>
     <span class='ocr_line' id='line_1_13' title="bbox 102 787 2049 840; baseline 0 -12"><span class='ocrx_word' id='word_1_137' title='bbox 102 792 137 828; x_wconf 83' lang='lat'>&amp;</span> <span class='ocrx_word' id='word_1_138' title='bbox 164 802 265 840; x_wconf 88' lang='lat' dir='ltr'>quae</span> <span class='ocrx_word' id='word_1_139' title='bbox 295 789 591 828; x_wconf 82' lang='lat' dir='ltr'>circumstantes</span> <span class='ocrx_word' id='word_1_140' title='bbox 621 789 857 839; x_wconf 82' lang='lat' dir='ltr'>intelligant:</span> <span class='ocrx_word' id='word_1_141' title='bbox 892 803 923 826; x_wconf 89' lang='lat'>1.</span> <span class='ocrx_word' id='word_1_142' title='bbox 958 788 1131 827; x_wconf 75' lang='lat' dir='ltr'>Corinth.</span> <span class='ocrx_word' id='word_1_143' title='bbox 1165 802 1224 836; x_wconf 87' lang='lat'>14.</span> <span class='ocrx_word' id='word_1_144' title='bbox 1256 790 1314 827; x_wconf 91' lang='lat'>16.</span> <span class='ocrx_word' id='word_1_145' title='bbox 1344 802 1435 827; x_wconf 90' lang='lat' dir='ltr'>nam</span> <span class='ocrx_word' id='word_1_146' title='bbox 1465 789 1553 826; x_wconf 78' lang='lat' dir='ltr'>cum</span> <span class='ocrx_word' id='word_1_147' title='bbox 1583 787 1731 827; x_wconf 89' lang='lat' dir='ltr'>ordinis</span> <span class='ocrx_word' id='word_1_148' title='bbox 1755 790 1855 828; x_wconf 90' lang='lat' dir='ltr'>sitin</span> <span class='ocrx_word' id='word_1_149' title='bbox 1870 789 2049 829; x_wconf 84' lang='lat' dir='ltr'>Ecclesia</span> 
     </span>
     <span class='ocr_line' id='line_1_14' title="bbox 102 841 2050 902; baseline -0.001 -21"><span class='ocrx_word' id='word_1_150' title='bbox 102 851 143 882; x_wconf 92' lang='lat' dir='ltr'>vt</span> <span class='ocrx_word' id='word_1_151' title='bbox 179 855 278 881; x_wconf 90' lang='lat' dir='ltr'>vnus</span> <span class='ocrx_word' id='word_1_152' title='bbox 315 843 438 881; x_wconf 92' lang='lat' dir='ltr'>verbo</span> <span class='ocrx_word' id='word_1_153' title='bbox 476 849 651 902; x_wconf 80' lang='lat' dir='ltr'>praeeat,</span> <span class='ocrx_word' id='word_1_154' title='bbox 687 842 825 892; x_wconf 89' lang='lat' dir='ltr'>reliqui</span> <span class='ocrx_word' id='word_1_155' title='bbox 862 841 1001 880; x_wconf 90' lang='lat' dir='ltr'>animis</span> <span class='ocrx_word' id='word_1_156' title='bbox 1028 843 1064 880; x_wconf 83' lang='lat'>&amp;</span> <span class='ocrx_word' id='word_1_157' title='bbox 1093 843 1233 880; x_wconf 90' lang='lat' dir='ltr'>affectu</span> <span class='ocrx_word' id='word_1_158' title='bbox 1262 849 1489 892; x_wconf 86' lang='lat' dir='ltr'>sequantur,</span> <span class='ocrx_word' id='word_1_159' title='bbox 1519 841 1839 882; x_wconf 85' lang='lat' dir='ltr'>absurdissimum</span> <span class='ocrx_word' id='word_1_160' title='bbox 1869 850 1969 883; x_wconf 88' lang='lat' dir='ltr'>esset</span> <span class='ocrx_word' id='word_1_161' title='bbox 1997 842 2050 881; x_wconf 92' lang='lat' dir='ltr'>vti</span> 
     </span>
     <span class='ocr_line' id='line_1_15' title="bbox 103 894 2049 955; baseline -0.001 -20"><span class='ocrx_word' id='word_1_162' title='bbox 103 897 280 935; x_wconf 90' lang='lat' dir='ltr'>oratione</span> <span class='ocrx_word' id='word_1_163' title='bbox 309 908 429 946; x_wconf 89' lang='lat' dir='ltr'>quarn</span> <span class='ocrx_word' id='word_1_164' title='bbox 457 903 523 934; x_wconf 85' lang='lat' dir='ltr'>aut</span> <span class='ocrx_word' id='word_1_165' title='bbox 551 895 582 934; x_wconf 91' lang='lat' dir='ltr'>is</span> <span class='ocrx_word' id='word_1_166' title='bbox 611 895 677 945; x_wconf 91' lang='grc'>(1111</span> <span class='ocrx_word' id='word_1_167' title='bbox 704 895 897 955; x_wconf 84' lang='lat' dir='ltr'>loquitur,</span> <span class='ocrx_word' id='word_1_168' title='bbox 927 901 993 933; x_wconf 93' lang='grc'>3111</span> <span class='ocrx_word' id='word_1_169' title='bbox 1023 894 1050 932; x_wconf 84' lang='grc'>11</span> <span class='ocrx_word' id='word_1_170' title='bbox 1077 895 1145 944; x_wconf 91' lang='lat' dir='ltr'>qui</span> <span class='ocrx_word' id='word_1_171' title='bbox 1171 895 1335 933; x_wconf 86' lang='lat' dir='ltr'>audiunt</span> <span class='ocrx_word' id='word_1_172' title='bbox 1362 907 1443 933; x_wconf 91' lang='lat' dir='ltr'>non</span> <span class='ocrx_word' id='word_1_173' title='bbox 1459 894 1683 945; x_wconf 87' lang='lat' dir='ltr'>mtelhgant</span> <span class='ocrx_word' id='word_1_174' title='bbox 1716 899 1931 955; x_wconf 74' lang='grc' dir='ltr'><strong><em>Κενολογία</em></strong></span> <span class='ocrx_word' id='word_1_175' title='bbox 1947 896 2049 935; x_wconf 89' lang='grc'>6111111</span> 
     </span>
     <span class='ocr_line' id='line_1_16' title="bbox 102 947 2050 1000; baseline 0 -12"><span class='ocrx_word' id='word_1_176' title='bbox 102 950 167 988; x_wconf 88' lang='grc'>1113</span> <span class='ocrx_word' id='word_1_177' title='bbox 203 956 279 1000; x_wconf 91' lang='grc'>651,</span> <span class='ocrx_word' id='word_1_178' title='bbox 315 962 396 987; x_wconf 87' lang='grc'>11011</span> <span class='ocrx_word' id='word_1_179' title='bbox 431 949 552 987; x_wconf 83' lang='grc'>(11111111</span> <span class='ocrx_word' id='word_1_180' title='bbox 590 949 760 987; x_wconf 89' lang='lat' dir='ltr'>nominis</span> <span class='ocrx_word' id='word_1_181' title='bbox 793 948 1006 986; x_wconf 87' lang='lat' dir='ltr'>inuocatio.</span> <span class='ocrx_word' id='word_1_182' title='bbox 1048 947 1128 996; x_wconf 84' lang='lat' dir='ltr'>Qui</span> <span class='ocrx_word' id='word_1_183' title='bbox 1165 951 1259 987; x_wconf 83' lang='lat' dir='ltr'>vero</span> <span class='ocrx_word' id='word_1_184' title='bbox 1287 948 1467 998; x_wconf 89' lang='lat' dir='ltr'>priuatim</span> <span class='ocrx_word' id='word_1_185' title='bbox 1498 949 1603 986; x_wconf 90' lang='lat' dir='ltr'>solus</span> <span class='ocrx_word' id='word_1_186' title='bbox 1632 949 1762 988; x_wconf 89' lang='lat' dir='ltr'>Deum</span> <span class='ocrx_word' id='word_1_187' title='bbox 1790 949 1972 1000; x_wconf 85' lang='lat' dir='ltr'>inuocat,</span> <span class='ocrx_word' id='word_1_188' title='bbox 2003 962 2050 988; x_wconf 91' lang='lat' dir='ltr'>eo</span> 
     </span>
     <span class='ocr_line' id='line_1_17' title="bbox 102 1000 2052 1061; baseline 0 -20"><span class='ocrx_word' id='word_1_189' title='bbox 102 1009 230 1041; x_wconf 88' lang='lat' dir='ltr'>vtatur</span> <span class='ocrx_word' id='word_1_190' title='bbox 264 1015 445 1041; x_wconf 86' lang='lat' dir='ltr'>sermone</span> <span class='ocrx_word' id='word_1_191' title='bbox 483 1014 600 1061; x_wconf 82' lang='lat' dir='ltr'>quem</span> <span class='ocrx_word' id='word_1_192' title='bbox 635 1001 718 1052; x_wconf 90' lang='lat' dir='ltr'>ipse</span> <span class='ocrx_word' id='word_1_193' title='bbox 754 1001 958 1051; x_wconf 89' lang='lat' dir='ltr'>intelligat,</span> <span class='ocrx_word' id='word_1_194' title='bbox 996 1002 1032 1039; x_wconf 87' lang='lat'>&amp;</span> <span class='ocrx_word' id='word_1_195' title='bbox 1069 1012 1148 1051; x_wconf 91' lang='lat' dir='ltr'>quo</span> <span class='ocrx_word' id='word_1_196' title='bbox 1188 1001 1337 1051; x_wconf 77' lang='lat' dir='ltr'>optime</span> <span class='ocrx_word' id='word_1_197' title='bbox 1376 1000 1516 1039; x_wconf 90' lang='lat' dir='ltr'>mentis</span> <span class='ocrx_word' id='word_1_198' title='bbox 1552 1012 1644 1039; x_wconf 89' lang='lat' dir='ltr'>suae</span> <span class='ocrx_word' id='word_1_199' title='bbox 1681 1009 1895 1052; x_wconf 87' lang='lat' dir='ltr'>conceptus</span> <span class='ocrx_word' id='word_1_200' title='bbox 1922 1009 2052 1053; x_wconf 91' lang='lat' dir='ltr'>potest</span> 
     </span>
     <span class='ocr_line' id='line_1_18' title="bbox 103 1053 2047 1106; baseline 0 -12"><span class='ocrx_word' id='word_1_201' title='bbox 103 1055 331 1106; x_wconf 88' lang='lat' dir='ltr'>exprimere.</span> <span class='ocrx_word' id='word_1_202' title='bbox 373 1056 479 1094; x_wconf 88' lang='lat' dir='ltr'>Deus</span> <span class='ocrx_word' id='word_1_203' title='bbox 520 1054 623 1094; x_wconf 91' lang='lat' dir='ltr'>enim</span> <span class='ocrx_word' id='word_1_204' title='bbox 664 1068 744 1094; x_wconf 93' lang='lat' dir='ltr'>non</span> <span class='ocrx_word' id='word_1_205' title='bbox 774 1061 945 1093; x_wconf 88' lang='lat' dir='ltr'>mentem</span> <span class='ocrx_word' id='word_1_206' title='bbox 973 1067 1021 1093; x_wconf 90' lang='lat' dir='ltr'>ex</span> <span class='ocrx_word' id='word_1_207' title='bbox 1048 1053 1200 1104; x_wconf 89' lang='lat' dir='ltr'>verbis,</span> <span class='ocrx_word' id='word_1_208' title='bbox 1228 1054 1298 1093; x_wconf 92' lang='lat' dir='ltr'>sed</span> <span class='ocrx_word' id='word_1_209' title='bbox 1327 1067 1374 1093; x_wconf 91' lang='lat' dir='ltr'>ex</span> <span class='ocrx_word' id='word_1_210' title='bbox 1403 1060 1534 1092; x_wconf 89' lang='lat' dir='ltr'>mente</span> <span class='ocrx_word' id='word_1_211' title='bbox 1561 1055 1682 1093; x_wconf 89' lang='lat' dir='ltr'>verba</span> <span class='ocrx_word' id='word_1_212' title='bbox 1710 1057 1929 1105; x_wconf 89' lang='lat' dir='ltr'>ponderare</span> <span class='ocrx_word' id='word_1_213' title='bbox 1959 1069 2047 1094; x_wconf 89' lang='lat' dir='ltr'>con-</span> 
     </span>
     <span class='ocr_line' id='line_1_19' title="bbox 103 1109 587 1159; baseline -0.004 -11"><span class='ocrx_word' id='word_1_214' title='bbox 103 1109 250 1159; x_wconf 91' lang='lat' dir='ltr'>sueuit,</span> <span class='ocrx_word' id='word_1_215' title='bbox 279 1110 427 1148; x_wconf 71' lang='lat' dir='ltr'>Matth.</span> <span class='ocrx_word' id='word_1_216' title='bbox 462 1120 520 1159; x_wconf 91' lang='lat'>15.</span> <span class='ocrx_word' id='word_1_217' title='bbox 550 1111 587 1147; x_wconf 89' lang='lat'>8.</span> 
     </span>
    </p>

    <p class='ocr_par' dir='ltr' id='par_1_4' title="bbox 103 1160 2058 1692">
     <span class='ocr_line' id='line_1_20' title="bbox 157 1160 2053 1212; baseline -0.001 -11"><span class='ocrx_word' id='word_1_218' title='bbox 157 1176 193 1212; x_wconf 90' lang='lat'>9.</span> <span class='ocrx_word' id='word_1_219' title='bbox 249 1162 503 1212; x_wconf 87' lang='lat' dir='ltr'>Compositos</span> <span class='ocrx_word' id='word_1_220' title='bbox 545 1169 676 1199; x_wconf 87' lang='lat' dir='ltr'>autem</span> <span class='ocrx_word' id='word_1_221' title='bbox 711 1167 844 1210; x_wconf 73' lang='lat' dir='ltr'>gestus</span> <span class='ocrx_word' id='word_1_222' title='bbox 879 1160 1112 1210; x_wconf 87' lang='lat' dir='ltr'>requirimus</span> <span class='ocrx_word' id='word_1_223' title='bbox 1140 1161 1191 1198; x_wconf 90' lang='lat' dir='ltr'>ad</span> <span class='ocrx_word' id='word_1_224' title='bbox 1220 1160 1477 1199; x_wconf 89' lang='lat' dir='ltr'>reuerentiam</span> <span class='ocrx_word' id='word_1_225' title='bbox 1506 1160 1600 1210; x_wconf 89' lang='lat' dir='ltr'>Dei,</span> <span class='ocrx_word' id='word_1_226' title='bbox 1631 1160 1669 1198; x_wconf 93' lang='lat' dir='ltr'>in</span> <span class='ocrx_word' id='word_1_227' title='bbox 1699 1161 1807 1200; x_wconf 90' lang='lat' dir='ltr'>cuius</span> <span class='ocrx_word' id='word_1_228' title='bbox 1837 1169 2053 1212; x_wconf 90' lang='lat' dir='ltr'>conspectu</span> 
     </span>
     <span class='ocr_line' id='line_1_21' title="bbox 103 1213 2054 1266; baseline -0.001 -12"><span class='ocrx_word' id='word_1_229' title='bbox 103 1216 158 1254; x_wconf 90' lang='lat' dir='ltr'>vti</span> <span class='ocrx_word' id='word_1_230' title='bbox 200 1228 355 1266; x_wconf 88' lang='lat' dir='ltr'>semper</span> <span class='ocrx_word' id='word_1_231' title='bbox 395 1227 550 1264; x_wconf 89' lang='lat' dir='ltr'>sumus,</span> <span class='ocrx_word' id='word_1_232' title='bbox 592 1214 645 1252; x_wconf 85' lang='lat' dir='ltr'>ita</span> <span class='ocrx_word' id='word_1_233' title='bbox 687 1227 760 1253; x_wconf 90' lang='lat' dir='ltr'>nos</span> <span class='ocrx_word' id='word_1_234' title='bbox 787 1221 944 1253; x_wconf 85' lang='lat' dir='ltr'>orantes</span> <span class='ocrx_word' id='word_1_235' title='bbox 976 1226 1112 1252; x_wconf 87' lang='lat' dir='ltr'>coram</span> <span class='ocrx_word' id='word_1_236' title='bbox 1140 1213 1227 1264; x_wconf 86' lang='lat' dir='ltr'>ipso</span> <span class='ocrx_word' id='word_1_237' title='bbox 1258 1213 1445 1252; x_wconf 87' lang='lat' dir='ltr'>sistimus:</span> <span class='ocrx_word' id='word_1_238' title='bbox 1474 1213 1514 1251; x_wconf 90' lang='lat' dir='ltr'>in</span> <span class='ocrx_word' id='word_1_239' title='bbox 1542 1213 1684 1263; x_wconf 91' lang='lat' dir='ltr'>quibus</span> <span class='ocrx_word' id='word_1_240' title='bbox 1712 1220 1843 1253; x_wconf 88' lang='lat' dir='ltr'>tamen</span> <span class='ocrx_word' id='word_1_241' title='bbox 1872 1218 2054 1253; x_wconf 77' lang='lat' dir='ltr'>accurate</span> 
     </span>
     <span class='ocr_line' id='line_1_22' title="bbox 104 1266 2054 1319; baseline -0.001 -11"><span class='ocrx_word' id='word_1_242' title='bbox 104 1269 282 1308; x_wconf 87' lang='lat' dir='ltr'>cauenda</span> <span class='ocrx_word' id='word_1_243' title='bbox 322 1276 380 1308; x_wconf 88' lang='grc'>651</span> <span class='ocrx_word' id='word_1_244' title='bbox 416 1266 638 1319; x_wconf 87' lang='lat' dir='ltr'>superstitio</span> <span class='ocrx_word' id='word_1_245' title='bbox 666 1274 783 1317; x_wconf 90' lang='lat' dir='ltr'>atque</span> <span class='ocrx_word' id='word_1_246' title='bbox 811 1266 1040 1317; x_wconf 86' lang='lat' dir='ltr'>hypocrisis.</span> <span class='ocrx_word' id='word_1_247' title='bbox 1083 1266 1194 1305; x_wconf 87' lang='lat' dir='ltr'>Licet</span> <span class='ocrx_word' id='word_1_248' title='bbox 1222 1273 1353 1305; x_wconf 86' lang='lat' dir='ltr'>autem</span> <span class='ocrx_word' id='word_1_249' title='bbox 1381 1266 1523 1317; x_wconf 89' lang='lat' dir='ltr'>positio</span> <span class='ocrx_word' id='word_1_250' title='bbox 1552 1267 1751 1318; x_wconf 88' lang='lat' dir='ltr'>corporis,</span> <span class='ocrx_word' id='word_1_251' title='bbox 1781 1268 1903 1307; x_wconf 84' lang='lat' dir='ltr'>modo</span> <span class='ocrx_word' id='word_1_252' title='bbox 1935 1267 2054 1306; x_wconf 88' lang='lat' dir='ltr'>animi</span> 
     </span>
     <span class='ocr_line' id='line_1_23' title="bbox 103 1319 2054 1372; baseline -0.001 -12"><span class='ocrx_word' id='word_1_253' title='bbox 103 1321 289 1361; x_wconf 86' lang='lat' dir='ltr'>interiora</span> <span class='ocrx_word' id='word_1_254' title='bbox 329 1329 434 1361; x_wconf 91' lang='lat' dir='ltr'>recte</span> <span class='ocrx_word' id='word_1_255' title='bbox 469 1321 546 1360; x_wconf 89' lang='lat' dir='ltr'>sint</span> <span class='ocrx_word' id='word_1_256' title='bbox 581 1319 802 1371; x_wconf 87' lang='lat' dir='ltr'>composita</span> <span class='ocrx_word' id='word_1_257' title='bbox 834 1323 987 1370; x_wconf 88' lang='lat' dir='ltr'>(parum</span> <span class='ocrx_word' id='word_1_258' title='bbox 1026 1319 1133 1360; x_wconf 82' lang='lat' dir='ltr'>enim</span> <span class='ocrx_word' id='word_1_259' title='bbox 1169 1321 1306 1370; x_wconf 83' lang='lat' dir='ltr'>refert,</span> <span class='ocrx_word' id='word_1_260' title='bbox 1342 1319 1423 1358; x_wconf 89' lang='lat' dir='ltr'>siue</span> <span class='ocrx_word' id='word_1_261' title='bbox 1458 1319 1544 1370; x_wconf 90' lang='lat' dir='ltr'>quis</span> <span class='ocrx_word' id='word_1_262' title='bbox 1582 1321 1744 1371; x_wconf 80' lang='lat' dir='ltr'>sedens,</span> <span class='ocrx_word' id='word_1_263' title='bbox 1773 1328 1899 1372; x_wconf 73' lang='lat' dir='ltr'>stans,</span> <span class='ocrx_word' id='word_1_264' title='bbox 1928 1322 2054 1360; x_wconf 83' lang='lat' dir='ltr'>aliove</span> 
     </span>
     <span class='ocr_line' id='line_1_24' title="bbox 103 1372 2058 1426; baseline -0.001 -12"><span class='ocrx_word' id='word_1_265' title='bbox 103 1375 233 1426; x_wconf 88' lang='lat' dir='ltr'>positu</span> <span class='ocrx_word' id='word_1_266' title='bbox 261 1374 438 1426; x_wconf 88' lang='lat' dir='ltr'>corporis</span> <span class='ocrx_word' id='word_1_267' title='bbox 466 1376 566 1424; x_wconf 91' lang='lat' dir='ltr'>oret)</span> <span class='ocrx_word' id='word_1_268' title='bbox 593 1380 765 1412; x_wconf 85' lang='lat' dir='ltr'>attamen</span> <span class='ocrx_word' id='word_1_269' title='bbox 793 1374 954 1423; x_wconf 91' lang='lat' dir='ltr'>antiqua</span> <span class='ocrx_word' id='word_1_270' title='bbox 982 1373 1183 1412; x_wconf 87' lang='lat' dir='ltr'>Ecclesiae</span> <span class='ocrx_word' id='word_1_271' title='bbox 1211 1372 1287 1411; x_wconf 89' lang='lat' dir='ltr'>Dei</span> <span class='ocrx_word' id='word_1_272' title='bbox 1315 1373 1600 1412; x_wconf 89' lang='lat' dir='ltr'>consuetudine</span> <span class='ocrx_word' id='word_1_273' title='bbox 1629 1380 1832 1425; x_wconf 89' lang='lat' dir='ltr'>receptum</span> <span class='ocrx_word' id='word_1_274' title='bbox 1863 1382 1934 1426; x_wconf 90' lang='lat' dir='ltr'>est,</span> <span class='ocrx_word' id='word_1_275' title='bbox 1958 1374 2058 1413; x_wconf 90' lang='lat' dir='ltr'>inter</span> 
     </span>
     <span class='ocr_line' id='line_1_25' title="bbox 104 1426 2053 1479; baseline 0 -13"><span class='ocrx_word' id='word_1_276' title='bbox 104 1428 298 1467; x_wconf 91' lang='lat' dir='ltr'>orandum</span> <span class='ocrx_word' id='word_1_277' title='bbox 339 1439 467 1478; x_wconf 88' lang='lat' dir='ltr'>genua</span> <span class='ocrx_word' id='word_1_278' title='bbox 507 1429 686 1477; x_wconf 91' lang='lat' dir='ltr'>flectere,</span> <span class='ocrx_word' id='word_1_279' title='bbox 720 1429 756 1466; x_wconf 85' lang='lat'>&amp;</span> <span class='ocrx_word' id='word_1_280' title='bbox 786 1438 923 1465; x_wconf 89' lang='lat' dir='ltr'>manus</span> <span class='ocrx_word' id='word_1_281' title='bbox 949 1427 1178 1477; x_wconf 88' lang='lat' dir='ltr'>expandere</span> <span class='ocrx_word' id='word_1_282' title='bbox 1206 1426 1545 1479; x_wconf 79' lang='lat' dir='ltr'>complicareque3</span> <span class='ocrx_word' id='word_1_283' title='bbox 1574 1433 1614 1465; x_wconf 93' lang='lat' dir='ltr'>vt</span> <span class='ocrx_word' id='word_1_284' title='bbox 1641 1440 1690 1466; x_wconf 95' lang='lat' dir='ltr'>eo</span> <span class='ocrx_word' id='word_1_285' title='bbox 1719 1434 1905 1466; x_wconf 89' lang='lat' dir='ltr'>testemur</span> <span class='ocrx_word' id='word_1_286' title='bbox 1932 1427 2053 1466; x_wconf 93' lang='lat' dir='ltr'>animi</span> 
     </span>
     <span class='ocr_line' id='line_1_26' title="bbox 103 1479 2053 1532; baseline 0 -12"><span class='ocrx_word' id='word_1_287' title='bbox 103 1481 227 1520; x_wconf 89' lang='lat' dir='ltr'>nostri</span> <span class='ocrx_word' id='word_1_288' title='bbox 255 1481 516 1520; x_wconf 89' lang='lat' dir='ltr'>deiectionem</span> <span class='ocrx_word' id='word_1_289' title='bbox 544 1482 580 1519; x_wconf 86' lang='lat'>&amp;</span> <span class='ocrx_word' id='word_1_290' title='bbox 608 1479 931 1529; x_wconf 89' lang='lat' dir='ltr'>submissionem,</span> <span class='ocrx_word' id='word_1_291' title='bbox 959 1479 1056 1518; x_wconf 91' lang='lat' dir='ltr'>nihil</span> <span class='ocrx_word' id='word_1_292' title='bbox 1083 1479 1123 1518; x_wconf 90' lang='lat' dir='ltr'>in</span> <span class='ocrx_word' id='word_1_293' title='bbox 1150 1479 1266 1518; x_wconf 90' lang='lat' dir='ltr'>nobis</span> <span class='ocrx_word' id='word_1_294' title='bbox 1294 1480 1329 1517; x_wconf 86' lang='lat'>&amp;</span> <span class='ocrx_word' id='word_1_295' title='bbox 1359 1482 1382 1518; x_wconf 77' lang='lat' dir='ltr'>a</span> <span class='ocrx_word' id='word_1_296' title='bbox 1410 1480 1527 1519; x_wconf 90' lang='lat' dir='ltr'>nobis</span> <span class='ocrx_word' id='word_1_297' title='bbox 1553 1492 1660 1531; x_wconf 90' lang='lat' dir='ltr'>esse,</span> <span class='ocrx_word' id='word_1_298' title='bbox 1689 1480 1784 1519; x_wconf 91' lang='lat' dir='ltr'>nihil</span> <span class='ocrx_word' id='word_1_299' title='bbox 1804 1494 1878 1520; x_wconf 89' lang='lat' dir='ltr'>nos</span> <span class='ocrx_word' id='word_1_300' title='bbox 1893 1494 1962 1532; x_wconf 88' lang='lat' dir='ltr'>per</span> <span class='ocrx_word' id='word_1_301' title='bbox 1979 1494 2053 1520; x_wconf 88' lang='lat' dir='ltr'>nos</span> 
     </span>
     <span class='ocr_line' id='line_1_27' title="bbox 105 1532 2055 1585; baseline -0.001 -12"><span class='ocrx_word' id='word_1_302' title='bbox 105 1536 311 1585; x_wconf 89' lang='lat' dir='ltr'>impetrare</span> <span class='ocrx_word' id='word_1_303' title='bbox 347 1535 467 1585; x_wconf 91' lang='lat' dir='ltr'>velle,</span> <span class='ocrx_word' id='word_1_304' title='bbox 497 1534 628 1573; x_wconf 86' lang='lat' dir='ltr'>omnia</span> <span class='ocrx_word' id='word_1_305' title='bbox 654 1536 677 1572; x_wconf 80' lang='lat' dir='ltr'>a</span> <span class='ocrx_word' id='word_1_306' title='bbox 705 1534 781 1572; x_wconf 92' lang='lat' dir='ltr'>Dei</span> <span class='ocrx_word' id='word_1_307' title='bbox 807 1533 976 1584; x_wconf 89' lang='lat' dir='ltr'>gratuita</span> <span class='ocrx_word' id='word_1_308' title='bbox 1003 1532 1272 1572; x_wconf 83' lang='lat' dir='ltr'>misericordia</span> <span class='ocrx_word' id='word_1_309' title='bbox 1300 1541 1506 1584; x_wconf 89' lang='lat' dir='ltr'>expectare</span> <span class='ocrx_word' id='word_1_310' title='bbox 1534 1546 1603 1584; x_wconf 89' lang='lat' dir='ltr'>per</span> <span class='ocrx_word' id='word_1_311' title='bbox 1631 1534 1848 1573; x_wconf 87' lang='lat' dir='ltr'>Dominum</span> <span class='ocrx_word' id='word_1_312' title='bbox 1877 1541 2055 1573; x_wconf 90' lang='lat' dir='ltr'>nostrum</span> 
     </span>
     <span class='ocr_line' id='line_1_28' title="bbox 104 1585 2058 1638; baseline 0 -11"><span class='ocrx_word' id='word_1_313' title='bbox 104 1590 234 1627; x_wconf 89' lang='lat' dir='ltr'>Iesum</span> <span class='ocrx_word' id='word_1_314' title='bbox 263 1587 488 1626; x_wconf 85' lang='lat' dir='ltr'>Christum:</span> <span class='ocrx_word' id='word_1_315' title='bbox 513 1593 631 1637; x_wconf 88' lang='lat' dir='ltr'>caput</span> <span class='ocrx_word' id='word_1_316' title='bbox 657 1594 857 1638; x_wconf 87' lang='lat' dir='ltr'>praeterea</span> <span class='ocrx_word' id='word_1_317' title='bbox 884 1587 1035 1625; x_wconf 89' lang='lat' dir='ltr'>nudant</span> <span class='ocrx_word' id='word_1_318' title='bbox 1062 1587 1154 1626; x_wconf 88' lang='lat' dir='ltr'>viri:</span> <span class='ocrx_word' id='word_1_319' title='bbox 1184 1585 1377 1625; x_wconf 89' lang='lat' dir='ltr'>foeminas</span> <span class='ocrx_word' id='word_1_320' title='bbox 1405 1594 1568 1638; x_wconf 91' lang='lat' dir='ltr'>propter</span> <span class='ocrx_word' id='word_1_321' title='bbox 1591 1586 1823 1627; x_wconf 89' lang='lat' dir='ltr'>indecorum</span> <span class='ocrx_word' id='word_1_322' title='bbox 1839 1589 2058 1638; x_wconf 90' lang='lat' dir='ltr'>Apostolus</span> 
     </span>
     <span class='ocr_line' id='line_1_29' title="bbox 108 1641 940 1692; baseline -0.002 -13"><span class='ocrx_word' id='word_1_323' title='bbox 108 1642 258 1680; x_wconf 88' lang='lat' dir='ltr'>nudare</span> <span class='ocrx_word' id='word_1_324' title='bbox 288 1641 417 1692; x_wconf 89' lang='lat' dir='ltr'>capita</span> <span class='ocrx_word' id='word_1_325' title='bbox 444 1641 587 1679; x_wconf 88' lang='lat' dir='ltr'>vetuit:</span> <span class='ocrx_word' id='word_1_326' title='bbox 623 1653 654 1678; x_wconf 95' lang='lat'>1.</span> <span class='ocrx_word' id='word_1_327' title='bbox 692 1641 782 1680; x_wconf 84' lang='lat' dir='ltr'>Cor.</span> <span class='ocrx_word' id='word_1_328' title='bbox 816 1651 874 1691; x_wconf 90' lang='lat'>15.</span> <span class='ocrx_word' id='word_1_329' title='bbox 906 1651 940 1690; x_wconf 93' lang='lat'>5.</span> 
     </span>
    </p>

    <p class='ocr_par' dir='ltr' id='par_1_5' title="bbox 105 1692 2063 2331">
     <span class='ocr_line' id='line_1_30' title="bbox 164 1692 2058 1744; baseline -0.001 -11"><span class='ocrx_word' id='word_1_330' title='bbox 164 1708 222 1733; x_wconf 93' lang='lat'>10.</span> <span class='ocrx_word' id='word_1_331' title='bbox 279 1695 483 1733; x_wconf 84' lang='lat' dir='ltr'>Hactenus</span> <span class='ocrx_word' id='word_1_332' title='bbox 512 1706 648 1732; x_wconf 87' lang='lat' dir='ltr'>verum</span> <span class='ocrx_word' id='word_1_333' title='bbox 676 1693 863 1732; x_wconf 89' lang='lat' dir='ltr'>orationis</span> <span class='ocrx_word' id='word_1_334' title='bbox 891 1705 1003 1732; x_wconf 90' lang='lat' dir='ltr'>vsum</span> <span class='ocrx_word' id='word_1_335' title='bbox 1032 1692 1220 1744; x_wconf 83' lang='lat' dir='ltr'>vidimus,</span> <span class='ocrx_word' id='word_1_336' title='bbox 1252 1705 1359 1732; x_wconf 90' lang='lat' dir='ltr'>nunc</span> <span class='ocrx_word' id='word_1_337' title='bbox 1387 1694 1553 1732; x_wconf 90' lang='lat' dir='ltr'>abusum</span> <span class='ocrx_word' id='word_1_338' title='bbox 1577 1693 1792 1734; x_wconf 89' lang='lat' dir='ltr'>videamus.</span> <span class='ocrx_word' id='word_1_339' title='bbox 1820 1693 1938 1733; x_wconf 71' lang='lat' dir='ltr'>Varie</span> <span class='ocrx_word' id='word_1_340' title='bbox 1954 1694 2058 1733; x_wconf 92' lang='lat' dir='ltr'>enim</span> 
     </span>
     <span class='ocr_line' id='line_1_31' title="bbox 105 1746 2059 1798; baseline 0.001 -13"><span class='ocrx_word' id='word_1_341' title='bbox 105 1747 170 1785; x_wconf 77' lang='lat' dir='ltr'>hic</span> <span class='ocrx_word' id='word_1_342' title='bbox 196 1750 220 1786; x_wconf 82' lang='lat' dir='ltr'>a</span> <span class='ocrx_word' id='word_1_343' title='bbox 249 1747 411 1786; x_wconf 87' lang='lat' dir='ltr'>diuersis</span> <span class='ocrx_word' id='word_1_344' title='bbox 439 1746 684 1798; x_wconf 88' lang='lat' dir='ltr'>impingitur,</span> <span class='ocrx_word' id='word_1_345' title='bbox 713 1754 796 1785; x_wconf 90' lang='lat' dir='ltr'>tum</span> <span class='ocrx_word' id='word_1_346' title='bbox 823 1747 862 1785; x_wconf 90' lang='lat' dir='ltr'>in</span> <span class='ocrx_word' id='word_1_347' title='bbox 890 1754 1036 1786; x_wconf 90' lang='lat' dir='ltr'>rectam</span> <span class='ocrx_word' id='word_1_348' title='bbox 1067 1746 1254 1786; x_wconf 91' lang='lat' dir='ltr'>orationis</span> <span class='ocrx_word' id='word_1_349' title='bbox 1284 1747 1626 1796; x_wconf 82' lang='lat' dir='ltr'>constitutionem,</span> <span class='ocrx_word' id='word_1_350' title='bbox 1655 1754 1738 1786; x_wconf 89' lang='lat' dir='ltr'>tum</span> <span class='ocrx_word' id='word_1_351' title='bbox 1767 1747 1884 1787; x_wconf 83' lang='lat' dir='ltr'>etiam</span> <span class='ocrx_word' id='word_1_352' title='bbox 1913 1747 2059 1787; x_wconf 87' lang='lat' dir='ltr'>orantis</span> 
     </span>
     <span class='ocr_line' id='line_1_32' title="bbox 107 1799 2061 1851; baseline 0.001 -12"><span class='ocrx_word' id='word_1_353' title='bbox 107 1800 417 1851; x_wconf 89' lang='lat' dir='ltr'>dispositionem.</span> <span class='ocrx_word' id='word_1_354' title='bbox 458 1803 504 1839; x_wconf 91' lang='lat' dir='ltr'>In</span> <span class='ocrx_word' id='word_1_355' title='bbox 542 1806 688 1839; x_wconf 88' lang='lat' dir='ltr'>rectam</span> <span class='ocrx_word' id='word_1_356' title='bbox 724 1800 912 1839; x_wconf 89' lang='lat' dir='ltr'>orationis</span> <span class='ocrx_word' id='word_1_357' title='bbox 949 1799 1271 1839; x_wconf 89' lang='lat' dir='ltr'>constitutionem</span> <span class='ocrx_word' id='word_1_358' title='bbox 1298 1800 1505 1851; x_wconf 91' lang='lat' dir='ltr'>dupliciter</span> <span class='ocrx_word' id='word_1_359' title='bbox 1533 1800 1754 1851; x_wconf 88' lang='lat' dir='ltr'>impingunt</span> <span class='ocrx_word' id='word_1_360' title='bbox 1780 1800 1973 1850; x_wconf 88' lang='lat' dir='ltr'>Pontificij</span> <span class='ocrx_word' id='word_1_361' title='bbox 2004 1804 2061 1850; x_wconf 95' lang='lat' dir='ltr'>(vt</span> 
     </span>
     <span class='ocr_line' id='line_1_33' title="bbox 106 1853 2061 1905; baseline 0.001 -13"><span class='ocrx_word' id='word_1_362' title='bbox 106 1854 156 1893; x_wconf 91' lang='lat' dir='ltr'>de</span> <span class='ocrx_word' id='word_1_363' title='bbox 193 1854 422 1893; x_wconf 89' lang='lat' dir='ltr'>Christianis</span> <span class='ocrx_word' id='word_1_364' title='bbox 460 1855 587 1893; x_wconf 82' lang='lat' dir='ltr'>solum</span> <span class='ocrx_word' id='word_1_365' title='bbox 624 1853 768 1903; x_wconf 89' lang='lat' dir='ltr'>dicam)</span> <span class='ocrx_word' id='word_1_366' title='bbox 809 1853 978 1904; x_wconf 81' lang='lat' dir='ltr'>primum</span> <span class='ocrx_word' id='word_1_367' title='bbox 1016 1854 1126 1904; x_wconf 85' lang='grc' dir='ltr'>(111οᾱ</span> <span class='ocrx_word' id='word_1_368' title='bbox 1164 1855 1331 1893; x_wconf 88' lang='lat' dir='ltr'>Sanctos</span> <span class='ocrx_word' id='word_1_369' title='bbox 1368 1853 1557 1893; x_wconf 90' lang='lat' dir='ltr'>inuocant</span> <span class='ocrx_word' id='word_1_370' title='bbox 1583 1862 1737 1904; x_wconf 88' lang='lat' dir='ltr'>praeter</span> <span class='ocrx_word' id='word_1_371' title='bbox 1765 1856 1916 1905; x_wconf 87' lang='lat' dir='ltr'>Deum,</span> <span class='ocrx_word' id='word_1_372' title='bbox 1945 1858 2061 1904; x_wconf 75' lang='lat' dir='ltr'>eique</span> 
     </span>
     <span class='ocr_line' id='line_1_34' title="bbox 106 1907 2060 1958; baseline 0 -13"><span class='ocrx_word' id='word_1_373' title='bbox 106 1915 295 1957; x_wconf 88' lang='lat' dir='ltr'>tanquam</span> <span class='ocrx_word' id='word_1_374' title='bbox 324 1907 593 1946; x_wconf 88' lang='lat' dir='ltr'>internuncios</span> <span class='ocrx_word' id='word_1_375' title='bbox 621 1907 860 1958; x_wconf 90' lang='lat' dir='ltr'>adiungunt,</span> <span class='ocrx_word' id='word_1_376' title='bbox 888 1908 923 1945; x_wconf 88' lang='lat'>&amp;</span> <span class='ocrx_word' id='word_1_377' title='bbox 953 1908 1060 1946; x_wconf 92' lang='lat' dir='ltr'>cultu</span> <span class='ocrx_word' id='word_1_378' title='bbox 1088 1907 1161 1946; x_wconf 93' lang='lat' dir='ltr'>soli</span> <span class='ocrx_word' id='word_1_379' title='bbox 1188 1908 1276 1946; x_wconf 90' lang='lat' dir='ltr'>Deo</span> <span class='ocrx_word' id='word_1_380' title='bbox 1307 1907 1441 1946; x_wconf 91' lang='lat' dir='ltr'>debito</span> <span class='ocrx_word' id='word_1_381' title='bbox 1471 1908 1679 1946; x_wconf 86' lang='lat' dir='ltr'>defunctos</span> <span class='ocrx_word' id='word_1_382' title='bbox 1694 1909 1842 1947; x_wconf 84' lang='lat' dir='ltr'>colunt.</span> <span class='ocrx_word' id='word_1_383' title='bbox 1872 1907 2060 1946; x_wconf 76' lang='lat' dir='ltr'>Bellarm.</span> 
     </span>
     <span class='ocr_line' id='line_1_35' title="bbox 109 1960 2061 2012; baseline 0.001 -14"><span class='ocrx_word' id='word_1_384' title='bbox 109 1962 154 1998; x_wconf 82' lang='lat' dir='ltr'>de</span> <span class='ocrx_word' id='word_1_385' title='bbox 194 1967 314 2000; x_wconf 76' lang='lat' dir='ltr'>sanct.</span> <span class='ocrx_word' id='word_1_386' title='bbox 358 1962 454 1999; x_wconf 80' lang='lat' dir='ltr'>beat.</span> <span class='ocrx_word' id='word_1_387' title='bbox 497 1968 580 2012; x_wconf 78' lang='lat' dir='ltr'>cap.</span> <span class='ocrx_word' id='word_1_388' title='bbox 628 1972 671 2010; x_wconf 92' lang='lat'>17</span> <span class='ocrx_word' id='word_1_389' title='bbox 718 1962 768 2000; x_wconf 50' lang='grc' dir='ltr'>ἐφ’</span> <span class='ocrx_word' id='word_1_390' title='bbox 812 1963 870 1999; x_wconf 87' lang='grc'>18.</span> <span class='ocrx_word' id='word_1_391' title='bbox 913 1961 1036 2009; x_wconf 87' lang='lat' dir='ltr'>Quod</span> <span class='ocrx_word' id='word_1_392' title='bbox 1072 1973 1154 1999; x_wconf 92' lang='lat' dir='ltr'>non</span> <span class='ocrx_word' id='word_1_393' title='bbox 1181 1961 1304 2000; x_wconf 84' lang='lat' dir='ltr'>modo</span> <span class='ocrx_word' id='word_1_394' title='bbox 1333 1960 1372 1999; x_wconf 89' lang='lat' dir='ltr'>in</span> <span class='ocrx_word' id='word_1_395' title='bbox 1400 1962 1531 2000; x_wconf 89' lang='lat' dir='ltr'>Deum</span> <span class='ocrx_word' id='word_1_396' title='bbox 1559 1968 1617 1999; x_wconf 90' lang='lat' dir='ltr'>est</span> <span class='ocrx_word' id='word_1_397' title='bbox 1645 1961 1997 2012; x_wconf 88' lang='lat' dir='ltr'>contumeliosum,</span> <span class='ocrx_word' id='word_1_398' title='bbox 2026 1963 2061 2000; x_wconf 70' lang='grc' dir='ltr'>δε</span> 
     </span>
     <span class='ocr_line' id='line_1_36' title="bbox 109 2013 2062 2064; baseline 0 -12"><span class='ocrx_word' id='word_1_399' title='bbox 109 2013 250 2052; x_wconf 86' lang='grc'>13110111</span> <span class='ocrx_word' id='word_1_400' title='bbox 279 2014 510 2064; x_wconf 88' lang='lat' dir='ltr'>aduersum,</span> <span class='ocrx_word' id='word_1_401' title='bbox 539 2021 581 2052; x_wconf 89' lang='lat' dir='ltr'>vt</span> <span class='ocrx_word' id='word_1_402' title='bbox 604 2025 721 2064; x_wconf 88' lang='lat' dir='ltr'>supra</span> <span class='ocrx_word' id='word_1_403' title='bbox 749 2014 1011 2064; x_wconf 76' lang='lat' dir='ltr'>ostendimus,</span> <span class='ocrx_word' id='word_1_404' title='bbox 1040 2014 1140 2052; x_wconf 90' lang='lat' dir='ltr'>thesi</span> <span class='ocrx_word' id='word_1_405' title='bbox 1155 2026 1343 2064; x_wconf 81' lang='lat' dir='ltr'>3.verum</span> <span class='ocrx_word' id='word_1_406' title='bbox 1358 2014 1674 2053; x_wconf 87' lang='lat' dir='ltr'>etiaminIesum</span> <span class='ocrx_word' id='word_1_407' title='bbox 1689 2015 1888 2054; x_wconf 89' lang='lat' dir='ltr'>Christum</span> <span class='ocrx_word' id='word_1_408' title='bbox 1903 2014 2062 2053; x_wconf 90' lang='lat' dir='ltr'>vnicum</span> 
     </span>
     <span class='ocr_line' id='line_1_37' title="bbox 110 2067 2062 2118; baseline 0 -13"><span class='ocrx_word' id='word_1_409' title='bbox 110 2073 289 2106; x_wconf 83' lang='lat' dir='ltr'>nostrum</span> <span class='ocrx_word' id='word_1_410' title='bbox 320 2067 355 2105; x_wconf 89' lang='lat'>&amp;</span> <span class='ocrx_word' id='word_1_411' title='bbox 384 2067 624 2106; x_wconf 86' lang='lat' dir='ltr'>indefessum</span> <span class='ocrx_word' id='word_1_412' title='bbox 653 2068 759 2118; x_wconf 87' lang='lat' dir='ltr'>apud</span> <span class='ocrx_word' id='word_1_413' title='bbox 787 2069 945 2106; x_wconf 90' lang='lat' dir='ltr'>Patrem</span> <span class='ocrx_word' id='word_1_414' title='bbox 973 2067 1291 2118; x_wconf 76' lang='lat' dir='ltr'>intercessorem,</span> <span class='ocrx_word' id='word_1_415' title='bbox 1320 2067 1490 2106; x_wconf 80' lang='lat' dir='ltr'>maxime</span> <span class='ocrx_word' id='word_1_416' title='bbox 1518 2067 1721 2106; x_wconf 89' lang='lat' dir='ltr'>iniurium:</span> <span class='ocrx_word' id='word_1_417' title='bbox 1749 2069 1839 2107; x_wconf 78' lang='lat' dir='ltr'>cum</span> <span class='ocrx_word' id='word_1_418' title='bbox 1856 2069 2007 2107; x_wconf 90' lang='lat' dir='ltr'>nullum</span> <span class='ocrx_word' id='word_1_419' title='bbox 2023 2067 2062 2106; x_wconf 92' lang='lat' dir='ltr'>in</span> 
     </span>
     <span class='ocr_line' id='line_1_38' title="bbox 110 2119 2062 2172; baseline 0.001 -14"><span class='ocrx_word' id='word_1_420' title='bbox 110 2132 270 2160; x_wconf 89' lang='lat' dir='ltr'>munere</span> <span class='ocrx_word' id='word_1_421' title='bbox 313 2133 384 2159; x_wconf 92' lang='lat' dir='ltr'>suo</span> <span class='ocrx_word' id='word_1_422' title='bbox 426 2119 661 2159; x_wconf 89' lang='lat' dir='ltr'>mediatorio</span> <span class='ocrx_word' id='word_1_423' title='bbox 691 2121 845 2160; x_wconf 90' lang='lat' dir='ltr'>socium</span> <span class='ocrx_word' id='word_1_424' title='bbox 874 2128 941 2159; x_wconf 90' lang='lat' dir='ltr'>aut</span> <span class='ocrx_word' id='word_1_425' title='bbox 968 2121 1238 2160; x_wconf 88' lang='lat' dir='ltr'>coadiutorem</span> <span class='ocrx_word' id='word_1_426' title='bbox 1268 2120 1467 2171; x_wconf 89' lang='lat' dir='ltr'>admittat,</span> <span class='ocrx_word' id='word_1_427' title='bbox 1496 2127 1562 2159; x_wconf 91' lang='lat' dir='ltr'>aut</span> <span class='ocrx_word' id='word_1_428' title='bbox 1591 2120 1716 2159; x_wconf 89' lang='lat' dir='ltr'>sancti</span> <span class='ocrx_word' id='word_1_429' title='bbox 1743 2121 1874 2160; x_wconf 89' lang='lat' dir='ltr'>subire</span> <span class='ocrx_word' id='word_1_430' title='bbox 1900 2120 2062 2172; x_wconf 89' lang='lat' dir='ltr'>possint.</span> 
     </span>
     <span class='ocr_line' id='line_1_39' title="bbox 111 2173 2063 2223; baseline 0 -11"><span class='ocrx_word' id='word_1_431' title='bbox 111 2174 228 2212; x_wconf 90' lang='lat' dir='ltr'>Vnde</span> <span class='ocrx_word' id='word_1_432' title='bbox 256 2177 348 2212; x_wconf 79' lang='lat' dir='ltr'>vere</span> <span class='ocrx_word' id='word_1_433' title='bbox 376 2173 416 2212; x_wconf 91' lang='lat' dir='ltr'>in</span> <span class='ocrx_word' id='word_1_434' title='bbox 446 2182 670 2212; x_wconf 91' lang='lat' dir='ltr'>sanctorum</span> <span class='ocrx_word' id='word_1_435' title='bbox 700 2175 961 2213; x_wconf 87' lang='lat' dir='ltr'>aduocatores</span> <span class='ocrx_word' id='word_1_436' title='bbox 990 2174 1178 2213; x_wconf 90' lang='lat' dir='ltr'>conuenit</span> <span class='ocrx_word' id='word_1_437' title='bbox 1207 2174 1271 2213; x_wconf 90' lang='lat' dir='ltr'>ille</span> <span class='ocrx_word' id='word_1_438' title='bbox 1300 2174 1408 2213; x_wconf 89' lang='grc' dir='ltr'>Ε1136</span> <span class='ocrx_word' id='word_1_439' title='bbox 1424 2173 1694 2213; x_wconf 86' lang='grc'>531635111115111</span> <span class='ocrx_word' id='word_1_440' title='bbox 1710 2175 1866 2214; x_wconf 86' lang='grc' dir='ltr'>Β3113115</span> <span class='ocrx_word' id='word_1_441' title='bbox 1881 2176 2063 2223; x_wconf 79' lang='lat' dir='ltr'>cultores,</span> 
     </span>
     <span class='ocr_line' id='line_1_40' title="bbox 115 2226 2062 2279; baseline 0.001 -15"><span class='ocrx_word' id='word_1_442' title='bbox 115 2240 147 2265; x_wconf 92' lang='lat'>1.</span> <span class='ocrx_word' id='word_1_443' title='bbox 179 2226 275 2276; x_wconf 78' lang='lat' dir='ltr'><strong>Reg.</strong></span> <span class='ocrx_word' id='word_1_444' title='bbox 308 2229 366 2266; x_wconf 91' lang='lat'><strong>18.</strong></span> <span class='ocrx_word' id='word_1_445' title='bbox 400 2238 461 2276; x_wconf 84' lang='lat'>27.</span> <span class='ocrx_word' id='word_1_446' title='bbox 490 2226 582 2277; x_wconf 91' lang='lat' dir='ltr'>quia</span> <span class='ocrx_word' id='word_1_447' title='bbox 610 2227 735 2266; x_wconf 87' lang='lat' dir='ltr'>sancti</span> <span class='ocrx_word' id='word_1_448' title='bbox 763 2228 812 2266; x_wconf 91' lang='lat' dir='ltr'>ad</span> <span class='ocrx_word' id='word_1_449' title='bbox 840 2240 976 2277; x_wconf 88' lang='lat' dir='ltr'>preces</span> <span class='ocrx_word' id='word_1_450' title='bbox 1005 2240 1087 2266; x_wconf 93' lang='lat' dir='ltr'>non</span> <span class='ocrx_word' id='word_1_451' title='bbox 1115 2228 1243 2266; x_wconf 90' lang='lat' dir='ltr'>minus</span> <span class='ocrx_word' id='word_1_452' title='bbox 1271 2227 1378 2266; x_wconf 86' lang='lat' dir='ltr'>surdi</span> <span class='ocrx_word' id='word_1_453' title='bbox 1404 2235 1515 2279; x_wconf 88' lang='grc'>511111,</span> <span class='ocrx_word' id='word_1_454' title='bbox 1544 2229 1580 2267; x_wconf 87' lang='lat'>&amp;</span> <span class='ocrx_word' id='word_1_455' title='bbox 1609 2227 1647 2266; x_wconf 91' lang='lat' dir='ltr'>in</span> <span class='ocrx_word' id='word_1_456' title='bbox 1677 2227 1908 2279; x_wconf 85' lang='lat' dir='ltr'>imaginario</span> <span class='ocrx_word' id='word_1_457' title='bbox 1940 2227 2062 2266; x_wconf 92' lang='lat' dir='ltr'>Trini-</span> 
     </span>
     <span class='ocr_line' id='line_1_41' title="bbox 112 2279 693 2331; baseline 0.002 -13"><span class='ocrx_word' id='word_1_458' title='bbox 112 2279 203 2319; x_wconf 87' lang='lat' dir='ltr'>tatis</span> <span class='ocrx_word' id='word_1_459' title='bbox 232 2281 394 2331; x_wconf 86' lang='lat' dir='ltr'>speculo</span> <span class='ocrx_word' id='word_1_460' title='bbox 422 2279 518 2318; x_wconf 91' lang='lat' dir='ltr'>nihil</span> <span class='ocrx_word' id='word_1_461' title='bbox 546 2280 693 2320; x_wconf 88' lang='lat' dir='ltr'>vident.</span> 
     </span>
    </p>

    <p class='ocr_par' dir='ltr' id='par_1_6' title="bbox 110 2333 2067 2812">
     <span class='ocr_line' id='line_1_42' title="bbox 165 2333 2063 2385; baseline 0.001 -14"><span class='ocrx_word' id='word_1_462' title='bbox 165 2345 213 2373; x_wconf 92' lang='lat'><strong>11.</strong></span> <span class='ocrx_word' id='word_1_463' title='bbox 268 2335 379 2372; x_wconf 88' lang='lat' dir='ltr'>Alter</span> <span class='ocrx_word' id='word_1_464' title='bbox 420 2333 718 2372; x_wconf 90' lang='lat' dir='ltr'>Pontificiorum</span> <span class='ocrx_word' id='word_1_465' title='bbox 757 2347 867 2373; x_wconf 86' lang='lat' dir='ltr'>error</span> <span class='ocrx_word' id='word_1_466' title='bbox 897 2341 974 2384; x_wconf 80' lang='lat' dir='ltr'>est,</span> <span class='ocrx_word' id='word_1_467' title='bbox 1018 2334 1056 2372; x_wconf 92' lang='lat' dir='ltr'>in</span> <span class='ocrx_word' id='word_1_468' title='bbox 1086 2334 1209 2373; x_wconf 91' lang='lat' dir='ltr'>modo</span> <span class='ocrx_word' id='word_1_469' title='bbox 1238 2334 1450 2373; x_wconf 89' lang='lat' dir='ltr'>inuocandi</span> <span class='ocrx_word' id='word_1_470' title='bbox 1477 2335 1624 2373; x_wconf 91' lang='lat' dir='ltr'>Deum:</span> <span class='ocrx_word' id='word_1_471' title='bbox 1654 2334 1746 2384; x_wconf 90' lang='lat' dir='ltr'>quia</span> <span class='ocrx_word' id='word_1_472' title='bbox 1772 2335 1899 2385; x_wconf 88' lang='lat' dir='ltr'>ipsum</span> <span class='ocrx_word' id='word_1_473' title='bbox 1928 2336 2063 2373; x_wconf 86' lang='lat' dir='ltr'>colunt</span> 
     </span>
     <span class='ocr_line' id='line_1_43' title="bbox 110 2386 2063 2447; baseline 0.001 -22"><span class='ocrx_word' id='word_1_474' title='bbox 110 2388 145 2425; x_wconf 86' lang='lat'>&amp;</span> <span class='ocrx_word' id='word_1_475' title='bbox 172 2387 339 2425; x_wconf 89' lang='lat' dir='ltr'>adorant</span> <span class='ocrx_word' id='word_1_476' title='bbox 366 2400 436 2437; x_wconf 88' lang='lat' dir='ltr'>per</span> <span class='ocrx_word' id='word_1_477' title='bbox 463 2386 652 2447; x_wconf 84' lang='lat' dir='ltr'>imagines</span> <span class='ocrx_word' id='word_1_478' title='bbox 681 2390 717 2427; x_wconf 84' lang='lat'>&amp;</span> <span class='ocrx_word' id='word_1_479' title='bbox 745 2387 873 2426; x_wconf 87' lang='lat' dir='ltr'>idola:</span> <span class='ocrx_word' id='word_1_480' title='bbox 902 2389 1094 2426; x_wconf 81' lang='lat' dir='ltr'>Bellarm.</span> <span class='ocrx_word' id='word_1_481' title='bbox 1124 2389 1188 2426; x_wconf 82' lang='lat' dir='ltr'><strong>lzb.</strong></span> <span class='ocrx_word' id='word_1_482' title='bbox 1220 2401 1255 2426; x_wconf 88' lang='lat'>2.</span> <span class='ocrx_word' id='word_1_483' title='bbox 1282 2389 1390 2426; x_wconf 89' lang='lat' dir='ltr'><strong>Eccl.</strong></span> <span class='ocrx_word' id='word_1_484' title='bbox 1418 2389 1601 2439; x_wconf 73' lang='lat' dir='ltr'>triumph.</span> <span class='ocrx_word' id='word_1_485' title='bbox 1631 2394 1713 2439; x_wconf 82' lang='lat' dir='ltr'>cap.</span> <span class='ocrx_word' id='word_1_486' title='bbox 1739 2390 1776 2427; x_wconf 90' lang='lat'><strong>8.</strong></span> <span class='ocrx_word' id='word_1_487' title='bbox 1790 2395 2063 2438; x_wconf 87' lang='lat' dir='ltr'>praeterquam</span> 
     </span>
     <span class='ocr_line' id='line_1_44' title="bbox 114 2439 2064 2492; baseline 0.001 -14"><span class='ocrx_word' id='word_1_488' title='bbox 114 2439 219 2478; x_wconf 90' lang='lat' dir='ltr'>enirn</span> <span class='ocrx_word' id='word_1_489' title='bbox 255 2441 364 2489; x_wconf 92' lang='lat' dir='ltr'>quod</span> <span class='ocrx_word' id='word_1_490' title='bbox 400 2439 508 2479; x_wconf 90' lang='lat' dir='ltr'>omni</span> <span class='ocrx_word' id='word_1_491' title='bbox 547 2440 605 2479; x_wconf 90' lang='lat' dir='ltr'>sui</span> <span class='ocrx_word' id='word_1_492' title='bbox 642 2440 811 2492; x_wconf 87' lang='lat' dir='ltr'>imagine</span> <span class='ocrx_word' id='word_1_493' title='bbox 848 2442 957 2479; x_wconf 90' lang='lat' dir='ltr'>Deus</span> <span class='ocrx_word' id='word_1_494' title='bbox 992 2441 1212 2492; x_wconf 83' lang='lat' dir='ltr'>interdixit,</span> <span class='ocrx_word' id='word_1_495' title='bbox 1248 2448 1290 2479; x_wconf 91' lang='lat' dir='ltr'>vt</span> <span class='ocrx_word' id='word_1_496' title='bbox 1327 2442 1424 2480; x_wconf 92' lang='lat' dir='ltr'>thes.</span> <span class='ocrx_word' id='word_1_497' title='bbox 1455 2455 1492 2488; x_wconf 88' lang='lat'><strong>4.</strong></span> <span class='ocrx_word' id='word_1_498' title='bbox 1521 2441 1786 2492; x_wconf 76' lang='lat' dir='ltr'>ostendimus,</span> <span class='ocrx_word' id='word_1_499' title='bbox 1820 2441 1905 2491; x_wconf 88' lang='lat' dir='ltr'>quis</span> <span class='ocrx_word' id='word_1_500' title='bbox 1934 2442 2064 2480; x_wconf 89' lang='lat' dir='ltr'>Deum</span> 
     </span>
     <span class='ocr_line' id='line_1_45' title="bbox 117 2490 2065 2561; baseline 0.001 -30"><span class='ocrx_word' id='word_1_501' title='bbox 117 2490 332 2543; x_wconf 85' lang='lat' dir='ltr'>exprimat?</span> <span class='ocrx_word' id='word_1_502' title='bbox 375 2495 460 2532; x_wconf 91' lang='lat' dir='ltr'>Nec</span> <span class='ocrx_word' id='word_1_503' title='bbox 494 2494 702 2532; x_wconf 90' lang='lat' dir='ltr'>elabuntur</span> <span class='ocrx_word' id='word_1_504' title='bbox 735 2494 800 2533; x_wconf 80' lang='lat' dir='ltr'>h‘ic</span> <span class='ocrx_word' id='word_1_505' title='bbox 837 2493 1052 2543; x_wconf 83' lang='lat' dir='ltr'>Pontificij‚</span> <span class='ocrx_word' id='word_1_506' title='bbox 1091 2507 1180 2533; x_wconf 86' lang='grc'>611111</span> <span class='ocrx_word' id='word_1_507' title='bbox 1217 2494 1499 2555; x_wconf 83' lang='lat' dir='ltr'>imperfectam</span> <span class='ocrx_word' id='word_1_508' title='bbox 1523 2496 1558 2533; x_wconf 87' lang='lat'>&amp;</span> <span class='ocrx_word' id='word_1_509' title='bbox 1595 2507 1665 2561; x_wconf 83' lang='lat' dir='ltr'>per</span> <span class='ocrx_word' id='word_1_510' title='bbox 1701 2494 1989 2545; x_wconf 85' lang='lat' dir='ltr'>metaphorieas</span> <span class='ocrx_word' id='word_1_511' title='bbox 2019 2507 2065 2532; x_wconf 91' lang='grc'>36</span> 
     </span>
     <span class='ocr_line' id='line_1_46' title="bbox 116 2545 2066 2599; baseline 0.001 -15"><span class='ocrx_word' id='word_1_512' title='bbox 116 2545 301 2596; x_wconf 90' lang='lat' dir='ltr'>mysticas</span> <span class='ocrx_word' id='word_1_513' title='bbox 329 2545 635 2597; x_wconf 87' lang='lat' dir='ltr'>significationes</span> <span class='ocrx_word' id='word_1_514' title='bbox 663 2549 827 2598; x_wconf 89' lang='lat' dir='ltr'>figuram</span> <span class='ocrx_word' id='word_1_515' title='bbox 856 2560 1081 2598; x_wconf 88' lang='lat' dir='ltr'>proponere</span> <span class='ocrx_word' id='word_1_516' title='bbox 1098 2561 1138 2586; x_wconf 91' lang='lat' dir='ltr'>se</span> <span class='ocrx_word' id='word_1_517' title='bbox 1154 2554 1350 2599; x_wconf 80' lang='lat' dir='ltr'>asserunt3</span> <span class='ocrx_word' id='word_1_518' title='bbox 1368 2547 1522 2599; x_wconf 85' lang='lat' dir='ltr'>iniussi,</span> <span class='ocrx_word' id='word_1_519' title='bbox 1541 2548 1621 2587; x_wconf 85' lang='lat' dir='ltr'>imo</span> <span class='ocrx_word' id='word_1_520' title='bbox 1636 2548 1835 2598; x_wconf 90' lang='lat' dir='ltr'>prohibiti.</span> <span class='ocrx_word' id='word_1_521' title='bbox 1863 2547 2066 2586; x_wconf 89' lang='lat' dir='ltr'>Friuolum</span> 
     </span>
     <span class='ocr_line' id='line_1_47' title="bbox 115 2600 2067 2652; baseline 0.001 -15"><span class='ocrx_word' id='word_1_522' title='bbox 115 2606 245 2638; x_wconf 87' lang='lat' dir='ltr'>autem</span> <span class='ocrx_word' id='word_1_523' title='bbox 275 2606 333 2638; x_wconf 88' lang='lat' dir='ltr'>est</span> <span class='ocrx_word' id='word_1_524' title='bbox 361 2600 456 2638; x_wconf 91' lang='lat' dir='ltr'>illud</span> <span class='ocrx_word' id='word_1_525' title='bbox 485 2600 617 2638; x_wconf 86' lang='lat' dir='ltr'>tritum</span> <span class='ocrx_word' id='word_1_526' title='bbox 647 2601 827 2652; x_wconf 89' lang='lat' dir='ltr'>Gregorij</span> <span class='ocrx_word' id='word_1_527' title='bbox 858 2600 1028 2650; x_wconf 88' lang='lat' dir='ltr'>dictum,</span> <span class='ocrx_word' id='word_1_528' title='bbox 1057 2601 1247 2651; x_wconf 87' lang='lat' dir='ltr'>imagines</span> <span class='ocrx_word' id='word_1_529' title='bbox 1268 2600 1478 2640; x_wconf 86' lang='lat' dir='ltr'>idiotarum</span> <span class='ocrx_word' id='word_1_530' title='bbox 1495 2614 1579 2640; x_wconf 91' lang='lat' dir='ltr'>esse</span> <span class='ocrx_word' id='word_1_531' title='bbox 1594 2601 1734 2640; x_wconf 80' lang='lat' dir='ltr'>libros:</span> <span class='ocrx_word' id='word_1_532' title='bbox 1761 2613 1851 2640; x_wconf 89' lang='lat' dir='ltr'>cum</span> <span class='ocrx_word' id='word_1_533' title='bbox 1867 2600 2067 2651; x_wconf 90' lang='lat' dir='ltr'>Scriptura</span> 
     </span>
     <span class='ocr_line' id='line_1_48' title="bbox 119 2653 2065 2704; baseline 0.002 -15"><span class='ocrx_word' id='word_1_534' title='bbox 119 2655 259 2690; x_wconf 76' lang='lat' dir='ltr'>contra</span> <span class='ocrx_word' id='word_1_535' title='bbox 287 2653 435 2702; x_wconf 89' lang='lat' dir='ltr'>lignum</span> <span class='ocrx_word' id='word_1_536' title='bbox 465 2653 645 2691; x_wconf 86' lang='lat' dir='ltr'>vanitatis</span> <span class='ocrx_word' id='word_1_537' title='bbox 673 2655 916 2703; x_wconf 84' lang='lat' dir='ltr'>doctrinam,</span> <span class='ocrx_word' id='word_1_538' title='bbox 945 2656 979 2693; x_wconf 86' lang='lat'>&amp;</span> <span class='ocrx_word' id='word_1_539' title='bbox 1009 2655 1206 2693; x_wconf 83' lang='lat' dir='ltr'>conflatile</span> <span class='ocrx_word' id='word_1_540' title='bbox 1234 2655 1440 2693; x_wconf 88' lang='lat' dir='ltr'>doctorem</span> <span class='ocrx_word' id='word_1_541' title='bbox 1469 2655 1661 2704; x_wconf 86' lang='lat' dir='ltr'>mendacij</span> <span class='ocrx_word' id='word_1_542' title='bbox 1694 2654 1884 2694; x_wconf 85' lang='lat' dir='ltr'>clamitet:</span> <span class='ocrx_word' id='word_1_543' title='bbox 1927 2656 2065 2692; x_wconf 75' lang='lat' dir='ltr'><strong>[erem.</strong></span> 
     </span>
     <span class='ocr_line' id='line_1_49' title="bbox 127 2707 2067 2766; baseline 0.001 -23"><span class='ocrx_word' id='word_1_544' title='bbox 127 2719 187 2744; x_wconf 92' lang='lat'><strong>10.</strong></span> <span class='ocrx_word' id='word_1_545' title='bbox 217 2709 254 2744; x_wconf 92' lang='lat'>8.</span> <span class='ocrx_word' id='word_1_546' title='bbox 282 2707 440 2744; x_wconf 83' lang='lat' dir='ltr'>Habac.</span> <span class='ocrx_word' id='word_1_547' title='bbox 473 2720 508 2745; x_wconf 89' lang='lat'>2.</span> <span class='ocrx_word' id='word_1_548' title='bbox 542 2709 601 2745; x_wconf 89' lang='lat'>18.</span> <span class='ocrx_word' id='word_1_549' title='bbox 632 2710 826 2750; x_wconf 77' lang='grc' dir='ltr'>Δουλείας</span> <span class='ocrx_word' id='word_1_550' title='bbox 854 2709 946 2746; x_wconf 86' lang='lat' dir='ltr'>vero</span> <span class='ocrx_word' id='word_1_551' title='bbox 975 2708 1011 2745; x_wconf 82' lang='lat'>&amp;</span> <span class='ocrx_word' id='word_1_552' title='bbox 1036 2712 1233 2766; x_wconf 67' lang='grc' dir='ltr'>Λᾳτρείας</span> <span class='ocrx_word' id='word_1_553' title='bbox 1257 2707 1568 2757; x_wconf 86' lang='lat' dir='ltr'>distinctionem,</span> <span class='ocrx_word' id='word_1_554' title='bbox 1593 2720 1713 2758; x_wconf 90' lang='lat' dir='ltr'>quum</span> <span class='ocrx_word' id='word_1_555' title='bbox 1731 2708 1769 2746; x_wconf 89' lang='lat' dir='ltr'>in</span> <span class='ocrx_word' id='word_1_556' title='bbox 1786 2707 1984 2758; x_wconf 87' lang='lat' dir='ltr'>Scriptura</span> <span class='ocrx_word' id='word_1_557' title='bbox 1998 2720 2067 2746; x_wconf 89' lang='lat' dir='ltr'>eae</span> 
     </span>
     <span class='ocr_line' id='line_1_50' title="bbox 124 2759 2067 2812; baseline 0.001 -15"><span class='ocrx_word' id='word_1_558' title='bbox 124 2772 251 2797; x_wconf 92' lang='lat' dir='ltr'>voces</span> <span class='ocrx_word' id='word_1_559' title='bbox 290 2759 512 2809; x_wconf 79' lang='lat' dir='ltr'>promiscue</span> <span class='ocrx_word' id='word_1_560' title='bbox 542 2767 793 2812; x_wconf 82' lang='lat' dir='ltr'>vsurpentur,</span> <span class='ocrx_word' id='word_1_561' title='bbox 822 2761 961 2799; x_wconf 84' lang='lat' dir='ltr'>merito</span> <span class='ocrx_word' id='word_1_562' title='bbox 990 2761 1197 2799; x_wconf 75' lang='lat' dir='ltr'>reficimus.</span> <span class='ocrx_word' id='word_1_563' title='bbox 1227 2761 1262 2799; x_wconf 85' lang='lat'>&amp;</span> <span class='ocrx_word' id='word_1_564' title='bbox 1290 2761 1322 2800; x_wconf 90' lang='lat' dir='ltr'>si</span> <span class='ocrx_word' id='word_1_565' title='bbox 1349 2773 1492 2800; x_wconf 88' lang='lat' dir='ltr'>vocum</span> <span class='ocrx_word' id='word_1_566' title='bbox 1521 2761 1798 2811; x_wconf 86' lang='lat' dir='ltr'>proprietatem</span> <span class='ocrx_word' id='word_1_567' title='bbox 1826 2768 2067 2812; x_wconf 88' lang='lat' dir='ltr'>spectemus,</span> 
     </span>
    </p>
   </div>
   <div class='ocr_carea' id='block_1_3' title="bbox 1178 2813 2066 2864">
    <p class='ocr_par' dir='ltr' id='par_1_7' title="bbox 1178 2813 2066 2864">
     <span class='ocr_line' id='line_1_51' title="bbox 1178 2813 2066 2864; baseline -0.001 -13"><span class='ocrx_word' id='word_1_568' title='bbox 1178 2827 1229 2863; x_wconf 83' lang='lat'>30</span> <span class='ocrx_word' id='word_1_569' title='bbox 1911 2813 2066 2864; x_wconf 80' lang='grc' dir='ltr'><strong><em>λατρειά</em></strong></span> 
     </span>
    </p>
   </div>
  </div>
 </body>
</html>
