2334 3020
742 87 958 114 THESES
1002 87 1436 117 THEOLOGICAE.
2005 91 2114 131 125'

195 206 253 246 15.
309 197 400 234 Hae
428 197 521 233 vero
551 193 825 244 proprietates
854 194 909 232 sic
936 194 1142 232 essentiam
1170 195 1245 233 Dei
1268 196 1319 233 ab
1333 195 1415 233 aliis
1430 196 1687 255 distinguunt,
1704 204 1744 235 vt
1758 210 1831 235 nec
1846 199 1896 236 ab
1911 200 2076 238 essentia

141 249 237 299 Dei,
266 262 339 287 nec
367 248 466 286 inter
494 260 555 297 se,
584 247 736 286 realiter
764 247 1071 298 distinguantur,
1100 261 1179 286 non
1205 250 1255 286 ab
1270 249 1453 287 essentia.
1469 262 1560 287 nam
1576 263 1628 288 sic
1644 251 1784 288 suntin
1801 263 1876 288 vna
1891 253 2074 303 essentia,

137 311 178 341 vt
219 302 293 340 51111
334 301 416 351 ipsa
456 300 639 339 essentia.
682 301 772 350 quia
810 301 996 350 quicquid
1024 301 1062 338 in
1092 303 1180 339 Deo
1207 308 1283 351 est,
1320 314 1399 340 non
1429 303 1527 340 inter
1555 317 1613 353 se,
1643 303 1710 342 5661
1738 303 1964 354 simpliciter
1991 313 2071 344 est:

138 357 244 393 Deus
271 355 375 394 enim
403 360 503 392 esset
531 353 735 403 diuiduus,
763 355 873 402 quod
901 360 1060 392 naturae
1089 358 1124 392 8·
1154 355 1373 404 Scripturae
1402 362 1604 405 repugnat.

195 410 254 446 16.
305 408 430 467 'Quod
459 413 589 444 autem
619 407 657 444 in
685 408 774 445 Deo
804 408 916 456 plura
943 419 1106 446 numero
1134 407 1320 446 attributa
1347 409 1660 459 consideramus,
1689 409 1728 446 id
1749 422 1796 447 6)(
1812 411 1885 448 Dei
1901 411 2075 450 bonitate

137 470 219 512 est,
248 461 313 510 qui
341 460 464 498 voluit
490 472 585 509 1105,
615 472 715 509 (11105
743 460 890 498 sciebat
918 473 988 510 per
1016 472 1216 499 suc‹essus
1240 462 1372 499 omnia
1396 474 1659 511 cognoscere,
1680 465 1714 500 ἃ
1736 476 1805 512 per
1829 476 2076 524 consequens

136 528 205 564 per
248 519 397 563 partes,
437 512 609 578 ideoque
650 526 732 552 11011
774 526 889 563 posse
918 513 1122 552 essentiam
1154 526 1263 552 suam
1300 515 1571 564 impartibilem
1599 528 1735 564 nosse,
1765 516 2011 556 considerare
2039 519 2077 557 in

136 568 273 606 eadem
303 565 471 604 essentia
498 565 584 615 sua,
616 567 727 615 quasi
756 573 907 617 partes,
936 568 972 605 &
1001 578 1101 616 quae
1130 573 1279 605 tantum
1309 567 1491 606 dicuntur
1519 575 1646 618 partes
1673 581 1743 618 per
1770 570 2002 619 analogiam.

193 632 252 668 17.
307 621 510 657 Vocantur
539 622 633 657 ν61·0
662 625 792 670 partes
821 619 909 658 illae
937 619 1165 671 analogicae
1193 623 1228 659 &
1259 620 1528 680 imaginariae,
1548 624 1572 659 a
1596 622 1732 671 nobis,
1746 622 1951 667 attributzu
1966 625 2075 674 quia,

135 681 175 711 vt
215 672 330 711 1101115
368 673 488 721 magis
527 675 727 722 patefieret
760 674 886 723 Deus,
916 674 1112 723 Scriptura
1140 679 1225 725 eas,
1254 674 1376 712 nostri
1403 686 1558 724 caussa,
1586 676 1674 713 Deo
1703 675 1888 714 attribuit.
1930 677 2077 715 Deliis

135 727 248 785 igitur
276 725 469 764 attributis
497 726 698 765 videamus
728 727 833 765 iuxta
861 733 938 764 tres
967 726 1054 765 illos
1082 728 1244 778 gradus,
1273 728 1489 766 secundum
1513 739 1613 777 quos
1628 728 1677 766 de
1692 729 1780 766 Deo
1795 728 1942 778 aliquid
1958 742 2075 768 enun-

136 778 231 817 ciari
260 791 376 829 posse
405 778 583 818 diximus.

192 836 249 870 18.
305 832 369 869 Ad
398 832 566 882 primum
595 833 785 892 gradum,
813 832 960 871 scilicet
988 833 1249 872 remotionem
1277 846 1434 884 eorum,
1462 845 1562 883 quae
1590 845 1670 872 non
1699 834 1939 873 conueniunt
1967 837 2075 886 Deo,

135 886 347 935 pertinent,
390 884 692 937 simplicissima,
734 886 900 937 1111111115,
934 885 1067 946 vnica,
1110 886 1372 925 immutabilis.
1401 887 1491 936 quia
1518 887 1617 924 haec
1645 888 1828 926 attributa
1856 895 2001 938 negant
2027 890 2077 927 de

134 940 222 977 Deo
253 939 502 988 Categoriam
531 939 789 989 substantiae,
819 942 854 977 &
882 940 1137 988 quantitatem
1162 943 1197 978 81
1224 940 1470 989 qualitatem,
1492 941 2077 993 (111516115111151511115611151111111,

133 992 257 1041 prima
298 992 514 1030 secundum
556 992 778 1041 materiam,
820 993 941 1030 altera
982 993 1198 1031 secundum
1227 994 1407 1031 formam.
1442 994 1507 1030 Ad
1536 994 1751 1031 secundum
1780 994 1980 1033 referimus
2009 1009 2075 1045 ea,

133 1057 232 1094 quae
269 1045 318 1083 de
346 1047 434 1083 Deo
467 1045 696 1084 affirmatiue
727 1045 993 1084 enunciamus.
1035 1046 1100 1084 Ad
1128 1046 1283 1084 tertium
1312 1044 1490 1084 vltimum
1519 1045 1747 1084 attributum
1768 1048 2076 1098 perfectissima,

133 1099 242 1147 quod
279 1099 441 1137 denotat
474 1099 640 1137 modum
668 1099 1045 1148 supereminentem,
1074 1110 1154 1148 quo
1182 1099 1373 1137 debemus
1402 1098 1619 1137 existimare
1648 1098 1795 1151 1116556,
1824 1114 1961 1139 omnes
1988 1114 2075 1152 pro—

133 1152 336 1201 prietates,
365 1152 414 1190 de
442 1152 551 1203 Deo,
579 1158 659 1190 tam
687 1152 935 1198 affirmatffle,
965 1154 1083 1211 quam
1110 1151 1291 1201 negatiue
1319 1151 1557 1190 enunciatas.

191 1218 249 1255 19.
304 1206 560 1256 szplmtas,
590 1205 758 1254 primum
787 1212 862 1255 651,
891 1204 982 1254 quia
1003 1204 1136 1243 eximit
1151 1205 1532 1255 Deumacategoria
1545 1205 1785 1244 substantiae
1793 1218 1919 1256 ,quae
1936 1207 2075 1245 ordine

132 1258 258 1308 prima
286 1266 355 1296 est.
383 1257 516 1296 eximit
544 1264 702 1305 autem,
731 1257 822 1307 quia
849 1264 1010 1307 Vtraque
1039 1258 1256 1296 substantia
1278 1259 1328 1297 de
1353 1270 1430 1308 qua
1422 1235 2078 1318 ⁰1>rqedicaturpraedicamentum

132 1312 246 1362 illud,
276 1311 494 1370 composita
524 1317 599 1361 est,
627 1323 724 1361 vna,
755 1324 802 1349 ex
830 1311 992 1350 materia
1019 1314 1055 1349 &
1081 1311 1231 1362 forma,
1260 1324 1361 1361 quae
1397 1311 1639 1350 constituunt
1667 1324 1834 1362 corpus,
1862 1315 1897 1351 ἃ
1928 1327 1974 1352 6Χ
1993 1327 2075 1363 par-

133 1364 235 1403 tibus
273 1363 558 1415 quantitatiuis,
598 1363 886 1414 compositione
915 1375 1129 1414 corporum
1158 1365 1330 1415 propria.
1366 1367 1486 1403 altera
1513 1378 1595 1403 non
1626 1365 1910 1415 compositione
1939 1380 2077 1417 corpo—

133 1430 237 1468 rum,
267 1417 335 1456 sed
363 1423 493 1455 tamen
521 1430 569 1455 ex
597 1417 763 1456 essentia
791 1420 826 1456 &
855 1430 954 1463 esse,
986 1417 1201 1456 substantia
1228 1420 1264 1456 &
1291 1418 1514 1457 accidente:
1543 1419 1652 1457 Deus
1679 1426 1808 1457 autem
1836 1432 1909 1458 nec
1937 1433 2075 1470 corpo-

130 1482 217 1508 reus
246 1477 324 1521 est,
353 1481 472 1520 purus
504 1477 635 1521 actus,
664 1483 782 1509 omne
811 1474 903 1510 vero
932 1482 1075 1521 corpus
1104 1471 1143 1509 in
1171 1471 1367 1521 potentia:
1395 1473 1431 1510 &
1460 1479 1517 1510 est
1546 1471 1731 1523 Spiritus,
1760 1473 1846 1512 Iob.
1869 1487 1906 1521 4.
1925 1487 1986 1520 24.
2010 1473 2076 1523 qui

129 1523 342 1582 opponitur
369 1523 542 1574 corpori.
571 1525 663 1562 Non
692 1523 935 1574 compositus
959 1538 1007 1562 ex
1035 1525 1217 1563 Essentia
1243 1526 1279 1562 &
1306 1527 1422 1564 Esse:
1452 1525 1639 1575 quoniam
1669 1525 1701 1564 51
1728 1527 1824 1564 Esse
1853 1538 1966 1565 suum
1995 1540 2074 1566 non

129 1583 231 1615 65561
267 1575 373 1615 idem
412 1577 521 1626 quod
559 1577 726 1616 essentia
763 1589 853 1628 sua,
888 1579 983 1616 Esse
1011 1589 1125 1616 suurn
1154 1592 1195 1617 se
1224 1579 1388 1617 haberet
1412 1579 1463 1617 ad
1491 1578 1709 1617 Essentiam
1739 1591 1870 1630 suam,
1899 1586 1940 1618 vt
1967 1587 2076 1618 actus

125 1631 177 1668 ad
215 1629 433 1679 potentiam
462 1644 552 1668 cum
580 1632 700 1681 Esse,
729 1633 786 1680 (ν1
812 1632 1043 1680 loquuntur)
1072 1631 1119 1670 sit
1147 1631 1349 1671 actualitas
1378 1631 1506 1671 omnis
1534 1633 1685 1671 formae
1714 1644 1781 1671 seu
1809 1640 1984 1672 naturae.
2025 1635 2078 1671 At

128 1683 167 1721 in
195 1684 284 1722 Deo
315 1683 411 1722 nihil
440 1690 499 1722 est
527 1684 566 1722 in
595 1660 790 1734 poteiitia,
821 1685 891 1723 sed
918 1684 1052 1723 omnia
1080 1693 1171 1724 sunt
1197 1691 1317 1724 actus.

187 1750 249 1775 20.
303 1737 550 1787 Secundum,
583 1744 640 1776 est
665 1739 865 1788 infimas,
893 1749 972 1787 quo
1001 1738 1214 1787 docemur,
1241 1740 1394 1789 Deum,
1422 1738 1648 1798 quantitatis
1676 1739 1874 1790 categoria
1902 1753 2078 1790 compre-

129 1789 248 1829 hendi
281 1803 363 1828 non
400 1803 536 1841 possef,
579 1790 670 1841 quia
705 1793 799 1830 vero
836 1792 937 1830 duae
964 1799 1053 1830 sunt
1080 1769 1306 1842 quantitatis
1335 1792 1503 1842 species,
1533 1792 1719 1831 continua
1745 1795 1781 1831 &
1811 1793 2001 1844 disc1eta,
2029 1794 2078 1831 ad

130 1842 361 1882 infinitatem
399 1839 555 1882 additur
593 1846 743 1894 zmtas,
772 1855 873 1894 quae
900 1851 958 1883 est
985 1845 1141 1884 teitium
1169 1846 1412 1884 attributum.
1455 1847 1626 1884 Rursum
1655 1845 1746 1896 quia
1773 1846 1824 1884 ad
1851 1847 2078 1884 continuam

129 1895 406 1947 quantitatem,
437 1897 635 1947 pertinent
664 1897 886 1957 categoriae
914 1898 981 1936 vbi
1009 1901 1044 1937 &
1074 1899 1248 1948 quando.
1277 1899 1302 1938 i
1331 1898 1410 1937 1061
1434 1899 1692 1959 &temporis,
1707 1898 1903 1937 infinitatis
1919 1899 2081 1938 nomine

129 1950 209 1988 duo
252 1951 588 2010 complectemur,
630 1951 1001 2002 incircumscriptiffl
1003 1965 1079 1990 16111
1117 1953 1152 1990 81
1189 1951 1500 1991 indefinitionem
1529 1957 1586 2002 (vt
1613 1952 1666 1991 ita
1694 1952 1886 2002 dicamus)
1916 1955 1939 1990 a
1964 1954 2079 2002 1060,

130 2015 248 2052 quam
278 2003 601 2053 immensitatem,
631 2007 666 2043 &
696 2018 719 2042 a
745 2011 946 2056 tempore,
978 2016 1096 2054 quam
1127 2005 1396 2044 aeternitatem
1424 2005 1720 2056 appellabimus.

187 2070 246 2095 21.
301 2058 547 2096 lmmensitas
585 2058 635 2096 de
672 2059 760 2097 Deo
789 2058 1056 2109 cathegoriam
1084 2060 1149 2098 vbi
1172 2065 1307 2109 negat,
1336 2058 1427 2108 quia
1456 2061 1547 2097 611111
1575 2058 1622 2097 511
1651 2059 1813 2109 Spiritus
1842 2072 1922 2098 non
1952 2066 2079 2109 potest

129 2122 212 2148 esse
247 2109 287 2148 in
322 2111 414 2149 loco
450 2110 808 2162 circumscriptiuo,
839 2113 882 2161 (f.
916 2113 1045 2160 1611.)
1075 2119 1116 2150 vt
1143 2125 1336 2162 corporea
1364 2124 1464 2161 quae
1494 2112 1701 2172 capiuntur
1728 2115 1751 2150 a
1776 2114 1869 2151 1060
1897 2124 1967 2151 suo
1996 2126 2080 2151 cor-

133 2175 276 2213 poreo,
308 2163 492 2203 diuisibili
518 2177 589 2214 per
617 2171 748 2214 partes
777 2176 866 2203 suas
895 2172 1059 2214 quantas
1087 2167 1122 2203 8
1151 2165 1382 2204 diuisibiles:
1416 2179 1489 2204 nec
1518 2165 1557 2203 in
1585 2167 1677 2204 loco
1701 2166 1921 2215 definitiuo,
1938 2173 1978 2204 vt
1993 2174 2081 2205 sunt

130 2217 279 2254 fomiae
309 2216 590 2269 intelligentes,
618 2217 708 2268 quia
736 2217 828 2257 leet
855 2219 966 2257 locus
998 2218 1169 2269 ipsarum
1198 2231 1280 2258 non
1309 2218 1357 2257 sit
1378 2231 1610 2270 corporeus,
1633 2219 1815 2269 &quoad
1829 2233 1902 2258 nos
1917 2219 2079 2257 circum—

130 2269 316 2328 scriptus»,
346 2277 478 2310 tamen
509 2271 547 2309 in
578 2285 618 2310 se
646 2272 831 2310 definitus
860 2278 937 2323 est,
965 2272 1017 2310 ita
1045 2278 1085 2311 vt
1114 2274 1240 2311 forma
1268 2286 1344 2310 vna
1371 2272 1591 2323 intelligens
1615 2285 1695 2311 non
1716 2272 1839 2323 possit
1854 2273 1953 2311 duos
1968 2274 2079 2312 locos

129 2321 243 2361 simul
272 2323 446 2363 definire.
478 2324 502 2363 i.
531 2324 570 2362 in
599 2324 756 2363 duobus
783 2325 881 2364 locis
910 2325 1025 2364 simul
1054 2326 1221 2376 operari
1250 2327 1358 2364 Deus
1386 2328 1480 2364 vero
1509 2326 1680 2364 infinitus
1711 2334 1787 2377 est,
1811 2325 1903 2376 quia
1927 2333 1984 2365 est
2005 2326 2078 2376 pri-

130 2387 237 2414 mum
263 2376 498 2427 principium
526 2377 766 2426 vniuersale,
795 2379 1019 2417 effectiuum
1047 2391 1195 2428 rerum,
1224 2379 1332 2429 quod
1360 2378 1433 2429 ipsi
1461 2378 1706 2430 Philosophi,
1729 2379 1821 2418 licet
1845 2379 1950 2418 circa
1971 2385 2078 2417 natu—

131 2442 213 2467 ram
255 2429 432 2481 principij
476 2438 667 2477 errar,ent
711 2431 894 2470 dixerunt
936 2433 1082 2471 debere
1123 2445 1208 2471 6556
1251 2431 1467 2471 infinitum:
1506 2440 1564 2472 est
1592 2444 1710 2483 supra
1737 2445 1896 2471 omnem
1923 2434 2077 2479 10611111,

130 2493 322 2531 nusquam
364 2486 694 2535 comprehensus,
740 2498 772 2523 1.
800 2487 903 2535 Reg.
943 2488 979 2524 8.
1016 2496 1076 2534 27.
1119 2485 1158 2523 in
1186 2485 1295 2524 omni
1320 2486 1413 2524 loco
1441 2486 1649 2536 repletiue,
1688 2487 1827 2524 serem.
1862 2499 1922 2535 23.
1955 2500 2014 2533 24
2043 2490 2077 2524 8

132 2535 274 2585 vbique
303 2535 343 2574 in
375 2537 583 2587 omnibus,
612 2540 664 2576 [ἢ
652 2552 740 2577 rou.
772 2549 831 2589 15.
861 2552 898 2588 3.
927 2540 1014 2577 Act.
1048 2549 1107 2587 17.
1138 2552 1172 2578 2.
1203 2541 1263 2578 28.

185 2601 247 2627 22.
303 2591 382 2629 Est
407 2605 447 2629 m
477 2605 578 2629 omm
606 2593 687 2630 loco
715 2593 920 2643 repletazse,
951 2604 1033 2630 non
1063 2591 1162 2630 sicut
1186 2603 1329 2652 corpus
1353 2593 1462 2642 quod
1477 2594 1626 2643 replere
1641 2604 1753 2630 suum
1767 2593 1900 2631 locum
1915 2591 2078 2643 dicitur,

129 2640 293 2693 dicitur,
322 2650 517 2693 quatenus
544 2643 732 2695 impedit,
761 2658 810 2683 ne
839 2644 876 2683 in
908 2623 1021 2695 loco,
1051 2647 1074 2683 a
1102 2657 1181 2695 quo
1208 2645 1380 2697 capitur,
1408 2647 1559 2685 locetur
1587 2646 1691 2684 aliud
1712 2657 1876 2696 corpus,
1898 2646 1966 2684 sed
1981 2645 2080 2684 sicut

131 2695 229 2733 dans
271 2696 379 2736 omni
417 2698 531 2747 loco,
574 2705 614 2736 vt
643 2697 692 2736 sit
717 2698 847 2748 106115,
877 2701 912 2738 81
940 2705 980 2737 vt
1010 2705 1219 2737 conseruet
1244 2700 1416 2738 locatum
1444 2701 1480 2737 &
1507 2699 1681 2738 efficiens
1707 2705 1748 2737 vt
1775 2699 1909 2738 omnia
1935 2699 2009 2738 sint
2037 2698 2076 2737 in

131 2748 244 2800 loco,
273 2751 309 2788 &
335 2752 469 2790 locum
501 2762 614 2791 suum
644 2763 717 2803 pro
746 2752 868 2791 modo
895 2758 1056 2791 naturae
1085 2765 1198 2804 suae,
1225 2752 1315 2790 ἄνευ
1344 2752 1505 2796 ἀταξίας
1533 2754 1717 2803 repleant.

1882 2819 1943 2855 23.
1998 2806 2077 2844 Est
