2334 3020
224 115 296 151 288
841 119 1057 147 THESES
1098 117 1529 145 THEOLOGICAE.

270 241 307 278 3.
362 225 610 266 Coadunatio
631 226 721 276 ista,
750 226 786 263 &
814 237 931 264 causa
960 224 1173 272 efficiente,
1203 225 1238 262 &
1264 226 1389 262 forma
1410 223 1548 275 etiam,
1577 223 1740 274 aprima
1754 224 1819 263 illa
1834 223 2156 275 combinatione,

217 281 376 331 quando
412 279 542 317 anima
583 290 726 329 corpus
766 278 999 329 ingreditur,
1039 278 1187 316 differt:
1229 290 1310 315 non
1351 277 1456 316 enim
1496 290 1566 328 per
1602 284 1781 316 naturam
1818 277 1899 316 siue
1937 279 2155 316 naturalem

219 345 393 383 causam,
421 339 581 370 naturae
609 332 766 382 ordine,
808 345 877 382 per
906 331 1076 370 calidum
1106 332 1142 368 &
1169 330 1376 369 humidum
1403 330 1580 369 natiuum
1607 329 1731 381 (quod
1759 333 1921 379 vocant)
1948 342 2039 369 cum
2070 343 2155 369 cor-

217 399 314 437 pore
333 384 505 424 manebit
534 385 716 436 colligata
745 384 816 434 (sic
845 384 949 423 enim
977 384 1216 422 coadunatio
1244 396 1326 421 non
1353 391 1454 422 esset
1481 391 1659 434 aeterna,
1686 390 1825 449 vtpote
1860 396 1950 421 cum
1983 383 2155 422 calidum

217 440 342 478 indies
370 439 421 476 ab
448 437 613 477 humido
645 438 840 476 minuatur
868 440 904 476 &
932 437 1090 476 tandem
1118 438 1354 475 suffocetur:
1382 436 1587 475 humidum
1610 439 1702 475 vero
1727 439 1750 474 a
1771 436 1901 475 calido
1928 436 2156 482 exsiccetur,

218 495 253 531 82
282 492 441 531 tandem
470 491 739 542 disperdatur,
767 492 871 530 vnde
898 491 982 541 ipsa
1010 490 1186 540 corporis
1215 492 1336 538 mors)
1360 490 1431 528 sed
1459 491 1681 529 coadunata
1702 489 1958 540 personaliter
1980 489 2155 528 haerebit

218 557 289 585 suo
315 544 491 594 corpori,
521 544 814 595 Omnipotentis
839 556 979 595 manu,
1009 544 1131 582 modo
1159 543 1346 593 peculiari
1372 544 1408 581 &
1437 543 1552 582 nobis
1581 542 1991 594 incomprehensibili,
2019 542 2059 580 id
2076 550 2154 593 est,

217 600 332 649 plane
362 597 644 647 supernaturali
672 604 791 647 atque
819 596 953 636 diuino
983 610 1052 647 per
1079 597 1258 647 gratiam.

269 665 306 699 4.
357 653 503 688 Iterum
540 651 760 689 coadunata
788 651 917 689 futura
951 657 1009 688 est
1036 663 1118 688 non
1146 662 1314 700 corpore
1341 649 1492 700 alieno,
1519 651 1555 687 &
1586 649 1811 688 immediate
1841 651 1864 686 a
1892 650 1980 688 Deo
2004 655 2157 697 creato,

214 706 284 743 sed
311 715 400 742 cum
428 704 597 754 ipsomet
623 716 792 754 corpore
816 704 855 742 in
885 704 995 753 quod
1017 710 1124 742 ortus
1146 702 1205 741 sui
1229 710 1408 752 tempore
1431 702 1622 753 ingressa,
1652 704 1688 741 &
1711 715 1782 752 per
1810 709 1977 740 mortem
2003 715 2156 752 egressa

215 765 297 796 est:
326 757 436 807 quod
464 768 608 806 corpus
635 770 716 795 non
743 756 957 806 creabitur,
986 769 1077 794 nam
1107 756 1252 794 creatio
1277 763 1336 794 est
1355 755 1566 806 productio
1588 755 1643 794 rei
1665 768 1713 793 ex
1735 755 1870 795 nihilo.
1897 755 2007 793 Istud
2025 762 2155 792 autem

214 822 358 861 corpus
386 823 433 849 ex
461 812 620 860 puluere
648 817 773 849 terrae
801 809 1072 848 suscitabitur:
1111 822 1193 848 non
1223 822 1269 848 ex
1296 808 1569 860 generatione,
1598 810 1727 847 nullus
1757 808 1861 846 enirn
1890 808 2155 859 generationis

215 863 398 902 naturalis
426 864 569 902 modus
601 863 759 913 corpori
782 863 843 901 isti
858 874 949 901 cum
964 863 1093 901 anima
1109 869 1275 901 suatum
1291 862 1573 912 coniungendo
1589 861 1776 912 competit
1792 875 1801 899 ι
1819 861 1888 900 5οἀ
1903 868 2152 900 conuertetur

216 931 264 955 ex
299 917 428 955 cinere
465 924 651 966 tanquam
688 915 848 955 materia
878 927 947 954 sua
974 915 1100 966 prima
1126 916 1165 954 in
1194 927 1363 966 corpus,
1405 916 1441 953 &
1469 915 1521 954 ita
1548 915 1727 965 corporis
1757 914 1864 953 istius
1896 913 2154 963 resurrectio,

218 970 411 1019 reuersio,
440 982 508 1008 seu
534 969 837 1020 redintegratio,
867 976 927 1007 est
955 969 1138 1008 dicenda.

271 1034 306 1073 5.
361 1025 472 1060 Fi'ms
505 1023 613 1061 istius
641 1021 945 1061 combinationis
973 1022 1154 1061 definitur
1180 1021 1328 1073 gloriae
1356 1021 1433 1060 Dei
1460 1021 1678 1060 illustratio.
1707 1028 1749 1060 vt
1778 1027 1908 1059 autem
1938 1019 2062 1070 gloria
2084 1019 2157 1058 Dei

214 1076 426 1114 illustratur
454 1088 543 1114 cum
564 1089 634 1126 per
645 1075 776 1135 ipsius
799 1075 1127 1122 misericordiam,
1157 1083 1238 1114 tum
1261 1075 1377 1114 etiarn
1400 1088 1469 1125 per
1492 1074 1699 1113 iustitiam:
1730 1074 1786 1113 sic
1806 1073 1978 1112 fidelium
2003 1074 2154 1111 animae

215 1142 305 1168 cum
335 1129 567 1179 corporibus
597 1129 674 1168 suis
701 1129 842 1168 iterum
870 1128 1181 1179 coniungentur,
1218 1136 1259 1167 vt
1284 1128 1536 1167 inexhaustae
1565 1127 1856 1166 misericordiae
1885 1128 2086 1165 thesaurus
2116 1126 2155 1163 in

215 1183 365 1241 integra
392 1182 510 1232 ipsius
539 1182 662 1221 fidelis
691 1195 882 1233 persona,
911 1183 1033 1233 gratia
1060 1184 1096 1220 &
1125 1181 1249 1233 gloria
1276 1181 1560 1241 supernaturali
1589 1188 1746 1231 ornata,
1776 1181 1814 1218 in
1845 1192 2004 1218 omnem
2033 1187 2154 1217 aeter-

215 1236 375 1274 nitatem
403 1237 643 1274 celebretur:
685 1235 903 1274 infidelium
933 1243 1065 1274 autem
1093 1236 1246 1273 animae
1275 1235 1434 1285 corpori
1464 1246 1534 1273 suo
1563 1234 1871 1284 coniungentur,
1919 1241 1960 1271 vt
1988 1246 2155 1282 corpore

216 1291 251 1327 &
278 1288 429 1339 anima,
459 1300 538 1338 quo
567 1289 606 1327 in
634 1290 783 1340 Deum,
814 1288 999 1338 Spiritum
1027 1289 1220 1327 infinitum
1251 1290 1286 1327 &
1314 1290 1464 1326 summe
1492 1288 1637 1326 iustum
1664 1294 1896 1337 peccarunt,
1926 1286 2094 1324 infinitas
2118 1287 2153 1324 ἃ

217 1353 390 1380 summas
430 1355 578 1391 poenas
619 1342 763 1381 luendo
805 1343 856 1380 ad
899 1349 1051 1392 tempus
1094 1341 1495 1392 in(f.1751)finitum,
1528 1341 1713 1380 iustitiam
1741 1340 1816 1379 Dei
1843 1339 2149 1378 vindicationem

217 1395 408 1434 illustrent
436 1401 538 1433 statu
566 1395 719 1434 infelice
749 1407 834 1434 suo.

271 1450 307 1486 6.
363 1450 541 1487 Actiones
569 1448 723 1487 animae
750 1448 790 1486 in
817 1448 932 1487 tertio
960 1448 1035 1487 isto
1064 1454 1165 1486 statu
1193 1454 1281 1486 sunt
1308 1459 1558 1498 communes,
1586 1455 1652 1486 aut
1674 1447 1867 1497 propriae.
1907 1446 2151 1493 Communes,

219 1515 260 1540 se
297 1514 433 1539 coram
473 1502 629 1540 Christo
669 1513 823 1539 summo
865 1501 993 1540 iudice
1033 1501 1201 1539 vniuersi
1237 1500 1389 1551 generis
1430 1500 1591 1539 humani
1628 1501 1782 1551 sistere,
1824 1505 2026 1537 anteactae
2055 1498 2155 1535 vitae

219 1554 410 1593 rationem
437 1555 622 1605 reddere,
651 1556 687 1592 &
714 1555 945 1593 sententiam
974 1556 1024 1593 ab
1052 1554 1119 1592 1110
1146 1555 1263 1592 latam
1291 1554 1484 1605 accipere.

273 1618 307 1656 7.
361 1609 560 1657 Proprzae
595 1616 683 1646 sunt
724 1608 875 1646 animae
917 1608 1043 1646 fidelis
1085 1614 1151 1645 aut
1192 1607 1379 1659 infidelis3
1420 1620 1528 1657 eaeq.
1558 1606 1768 1657 organicae
1796 1613 1862 1644 aut
1890 1604 2155 1654 inorganicae.

222 1660 463 1709 Orgaancae
492 1661 667 1711 pervisus
696 1673 887 1710 organum
915 1660 1096 1699 coelestis
1124 1659 1224 1698 illius
1252 1660 1500 1699 Hierusalem
1528 1660 1692 1710 gloriam
1722 1659 1880 1697 videre:
1909 1636 2155 1708 pe1·⁰1inguuae

216 1714 517 1752 instrumentum
558 1715 632 1753 Dei
673 1714 888 1752 bonitatem
930 1712 1090 1752 coelesti
1125 1713 1192 1751 1110
1231 1715 1397 1764 hymno,
1440 1715 1623 1764 Sanctus,
1668 1714 1854 1762 Sanctus,
1899 1689 2080 1750 Sanctus&
2093 1723 2156 1758 es,

220 1767 243 1805 ὃ
271 1768 445 1817 Iehoua,
474 1768 696 1805 celebrare:
727 1767 830 1805 auris
859 1767 974 1806 etiam
1003 1766 1215 1805 ministerio
1244 1767 1398 1805 cantica
1425 1778 1526 1825 quae
1556 1768 1643 1805 Deo
1671 1769 1695 1804 a
1726 1765 1986 1804 confratribus
2016 1765 2156 1803 decan-

220 1821 424 1870 tabuntur,
466 1820 620 1871 audire,
661 1822 732 1858 &c.
788 1820 979 1868 Quamuis
1021 1820 1124 1858 enirn
1166 1820 1308 1858 modus
1348 1820 1418 1858 iste
1460 1820 1499 1857 in
1536 1819 1696 1858 coelesti
1724 1818 1790 1857 illa
1822 1818 1900 1856 vita
1929 1816 2156 1855 celebrandi

220 1875 350 1911 Deum
380 1880 437 1911 est
465 1885 581 1923 supra
604 1866 821 1912 naturalem
850 1873 1029 1933 corporis
1053 1885 1238 1912 sensuum
1266 1873 1451 1911 modum:
1495 1880 1627 1911 tamen
1660 1872 1724 1910 vix
1752 1885 1798 1909 ac
1826 1885 1875 1910 ne
1904 1870 1968 1908 vix
1996 1869 2156 1920 quidem

220 1925 407 1964 credibile
443 1929 478 1965 &
520 1938 662 1986 corpus
709 1928 793 1964 fore
834 1927 1029 1965 otiosum:
1073 1926 1143 1964 sed
1183 1926 1313 1975 potius
1354 1926 1604 1964 statuendum
1643 1925 1814 1963 animam
1847 1924 2059 1974 gloriosam
2087 1935 2157 1972 pel

219 1979 414 2028 gloriosos
443 1980 620 2030 corporis
647 1979 705 2018 sui
727 1978 856 2031 (quod
884 1979 1114 2031 organicum
1141 1981 1217 2028 est)
1245 1992 1399 2029 sensus,
1428 1980 1551 2017 modo
1581 1978 1654 2029 ipsi
1686 1977 1927 2028 competenti
1950 1990 2031 2015 non
2054 1975 2152 2014 desi-

221 2041 347 2070 turam
376 2045 512 2083 agere,
542 2035 577 2071 &
605 2033 758 2092 operari
786 2032 959 2071 actiones
987 2034 1023 2070 81
1053 2032 1302 2082 operationes
1331 2032 1536 2092 gloriosas.

273 2088 310 2124 8.
364 2087 628 2135 Inorgamcae
655 2085 807 2124 animae
834 2086 1009 2125 actiones
1037 2093 1170 2136 erunt,
1201 2086 1405 2124 essentiam
1435 2085 1533 2135 Dei,
1561 2085 1725 2135 gloriam
1753 2087 1788 2123 ἃ
1806 2083 2048 2121 maiestatem
2062 2094 2157 2132 ,per

221 2139 384 2177 modum
425 2138 793 2178 communicationis
828 2139 1021 2189 gratiosae
1048 2146 1086 2177 et
1121 2138 1316 2189 gloriosae
1343 2139 1498 2188 videre,
1540 2138 1604 2176 illa
1633 2141 1822 2188 perpetuo
1852 2137 1946 2188 frui,
1990 2136 2028 2174 in
2056 2135 2157 2173 illius

220 2191 479 2242 inspectione,
522 2192 856 2242 contemplatione
883 2206 929 2230 ac
956 2193 1084 2230 fructu
1114 2204 1198 2230 sese
1227 2193 1449 2232 oblectare·
1492 2191 1672 2229 vniuersa
1701 2191 1832 2229 salutis
1862 2189 2044 2238 mysteria
2073 2201 2156 2238 per

222 2246 322 2282 fecte
347 2244 583 2296 intelligere,
612 2245 666 2283 nil
687 2245 759 2283 nisi
779 2247 950 2296 bonum,
981 2251 1178 2293 sanctum,
1207 2245 1350 2282 iustum
1374 2237 1501 2282 velle:
1529 2244 1583 2282 nil
1606 2244 1678 2283 nisi
1702 2243 1888 2282 ineffabili
1911 2243 1966 2280 illi
1987 2241 2158 2281 felicitati

220 2297 458 2337 conueniens
489 2298 662 2348 diligere
697 2300 756 2336 Ita
783 2298 1000 2337 intellectus
1028 2300 1064 2337 &
1092 2297 1301 2336 voluntatis
1328 2298 1502 2336 actiones
1532 2305 1644 2335 erunt
1672 2298 1808 2347 quales
1832 2297 2093 2346 Angelorum,
2116 2293 2156 2331 id

224 2358 302 2401 est,
331 2351 446 2400 plane
474 2353 510 2390 &
533 2353 647 2401 plene
669 2353 888 2402 perfectae,
916 2351 1059 2401 iustae,
1089 2357 1259 2389 sanctae.

275 2418 310 2453 9.
366 2404 539 2442 Infidelis
564 2404 694 2442 anima
721 2411 810 2455 aget
837 2405 953 2443 etiam
975 2406 1010 2442 &
1038 2404 1206 2454 patIetur
1232 2411 1297 2442 aut
1320 2416 1390 2454 per
1414 2417 1561 2454 orgma
1582 2403 1782 2454 corporiS,
1807 2408 1873 2440 aut
1888 2402 1970 2440 sine
1985 2413 2154 2451 organo:

223 2470 292 2506 per
320 2469 498 2507 organon
526 2457 633 2496 vocis
662 2459 697 2496 &
725 2457 880 2508 linguae
903 2458 1064 2496 eiulatus
1093 2459 1129 2495 &
1158 2459 1351 2495 clamores
1380 2458 1598 2495 honendos
1625 2457 1663 2494 in
1692 2464 1833 2506 stagno
1861 2455 1929 2494 1110
1958 2453 2154 2504 sulphuris

222 2509 395 2561 emittet,
425 2523 494 2559 per
521 2517 668 2549 tactum
697 2510 811 2549 etiam
840 2512 1015 2561 corporis
1042 2510 1305 2549 intolerabiles
1335 2510 1475 2548 inferni
1503 2510 1697 2548 cruciatus
1725 2509 1886 2548 sentiet.
1930 2521 2001 2557 per
2030 2506 2155 2545 visum

222 2562 421 2613 horrebit3
462 2576 532 2613 per
573 2575 762 2613 organum
804 2564 957 2603 auditus
999 2563 1116 2602 etiam
1158 2563 1277 2602 totius
1319 2562 1514 2601 infernalis
1551 2564 1737 2612 consortij
1777 2562 1954 2612 querelas
1992 2561 2028 2598 &
2055 2558 2159 2598 voci-

224 2615 433 2654 ferationes
462 2616 665 2666 percipiet.

281 2681 339 2706 10.
394 2670 665 2719 Perpessiones
694 2669 847 2707 animae
875 2681 988 2721 suae,
1017 2670 1098 2708 siue
1122 2669 1297 2719 corporis
1319 2681 1491 2719 organo
1520 2671 1670 2708 futurae
1694 2675 1800 2717 sunt,
1830 2666 1972 2706 vermis
1999 2667 2064 2705 ille
2090 2665 2157 2716 qui

226 2721 395 2759 animam
421 2722 570 2761 interne
595 2723 631 2760 81
656 2722 935 2762 conscientiam
951 2724 1086 2762 rodet:
1111 2722 1727 2772 inexplicabilesinquietudines,
1742 2722 1921 2759 dolores.
1918 2726 2156 2768 tormenta,

227 2785 327 2823 quae
353 2775 391 2812 in
421 2788 461 2813 se
489 2778 511 2812 -ὲι
539 2775 670 2813 diuina
695 2775 838 2814 iustitia
865 2777 1122 2826 perpetietur:
1168 2787 1304 2814 eorum
1341 2776 1466 2825 quisq.
1501 2775 1719 2813 intellectus
1756 2775 1810 2812 nil
1846 2773 1919 2812 0151
1949 2772 2093 2862 flagitia}
2121 2773 2157 2809 &

2015 2838 2078 2863 sce
2097 2838 2160 2862 era
