2334 3020
743 113 959 141 TnEsns
1002 112 1430 143 THEotochE.
2013 109 2087 152 105

150 223 300 262 finitum
330 225 365 262 &
393 221 610 262 habituale:
641 220 680 258 in
709 233 750 259 se
778 226 907 258 tamen
924 220 1191 271 considerata,
1212 217 1780 278 plenissima&perfectissima
1795 226 1874 268 est,
1896 219 2090 268 &quanta

150 279 174 314 a
202 283 379 315 ereatura
406 274 690 333 comprehendi
716 280 863 323 potest:
893 285 982 311 cum
1010 274 1093 312 aliis
1121 277 1215 313 vero
1232 280 1460 323 comparata
1474 272 1590 311 etiam
1605 272 1753 310 infinita
1768 249 2093 322 quodammodo,

151 331 317 379 fonsque
344 343 391 368 ac
417 327 612 378 scaturigo
641 325 869 365 inexhausta
897 326 1044 373 omnis,
1074 339 1174 376 quae
1202 327 1241 365 in
1268 326 1362 365 alias
1390 333 1586 364 creaturas
1615 325 1833 375 deriuatur,
1857 325 2091 375 sapientiae:

151 389 193 420 vt
231 389 325 432 pote
365 393 484 432 quam
523 387 732 439 propterea
772 381 795 417 a
838 381 951 418 Patre
991 380 1144 430 accepit
1183 379 1264 418 sine
1305 391 1508 430 mensura,
1548 385 1590 417 vt
1625 378 1760 416 fideles
1787 379 1837 417 ab
1865 378 1955 428 illo,
1983 378 2090 416 certo

150 435 360 485 demenso,
388 433 528 484 singuli
553 432 780 492 acciperent
807 445 879 482 pro
908 432 1124 482 capacitate
1154 444 1236 472 sua.

204 490 240 526 6.
295 489 406 525 Alter
447 485 818 525 communicationis
859 486 1000 524 modus
1040 493 1099 524 est
1126 499 1196 536 per
1224 485 1437 535 visionem,
1465 495 1543 533 qua
1571 483 1676 523 beati
1703 483 1846 534 Angeli
1873 485 1908 522 &
1937 483 2093 534 spiritus

152 541 401 591 Sanctorum,
443 539 510 589 qui
550 551 718 589 corpore
758 538 875 577 soluti
916 550 1006 577 cum
1041 539 1202 589 Angelis
1230 538 1269 577 in
1297 540 1410 577 coelo
1440 538 1589 587 recepti
1618 543 1727 587 sunt,
1757 536 1944 587 spirituali
1969 537 2092 575 modo

151 600 370 632 creatorem
411 604 523 631 suum
559 592 712 640 vident,
742 592 796 630 vti
823 598 900 641 est,
929 591 1076 629 lumine
1106 591 1375 643 intellectuali,
1403 592 1579 641 perfecto
1610 592 1645 628 &
1674 597 1948 641 permanente,
1975 590 2026 628 ad
2053 589 2094 627 id

149 646 242 696 ipsis
271 645 584 695 communicato,
615 647 665 684 de
693 644 838 683 Christi
866 645 1122 695 plenitudine.

205 710 240 748 7.
295 698 450 737 Tertius
491 697 858 737 communicationis
901 698 1064 749 modus,
1106 697 1173 747 qui
1201 710 1273 736 nos
1303 697 1552 747 potissimum
1582 695 1621 734 in
1649 696 1725 734 hac
1753 695 1832 734 vita
1858 695 2093 734 constitutos

150 751 326 802 respicit,
370 759 428 790 est
469 764 538 802 per
579 751 882 810 reuelationem,
924 763 1023 800 quae
1060 750 1248 790 reuelatio
1277 757 1343 789 aut
1370 751 1589 788 secundum
1617 756 1797 787 naturam
1825 748 2018 799 contingit
2046 761 2093 786 ex

150 804 350 855 principiis
379 804 529 843 homini
554 803 770 855 congenitis
799 811 929 843 ortum
957 804 1122 862 ducens,
1151 804 1187 841 &
1215 803 1435 853 Theologia
1462 801 1647 840 naturalis
1667 801 1819 841 dicitur.
1860 803 1935 840 Vel
1960 813 2093 840 secun-

151 859 246 896 dum
284 857 448 908 gratiam
490 858 844 907 supernaturalem
886 869 934 894 ex
974 855 1174 906 principiis
1215 856 1430 895 secundum
1471 868 1512 893 se
1545 854 1648 893 notis
1675 855 1884 905 superioris
1912 854 2093 893 scientiae

150 910 295 949 lumine
322 911 565 970 procedens
594 922 710 975 supra
738 911 931 948 humanae
959 909 1123 948 rationis
1152 910 1338 958 modum,
1365 910 1401 947 δε
1429 907 1730 958 supernaturalis
1756 910 1986 958 appellatur.

205 966 242 1002 8.
297 965 451 1002 Harum
479 963 587 1014 prior
614 965 705 1002 cum
730 962 847 1001 etiam
863 962 956 1001 citra
970 961 1308 1012 imperfectionem
1323 938 1476 1000 1101111111
1490 962 1596 999 velut
1612 972 1682 998 suo
1699 961 1874 1000 subiecto
1891 974 2093 1011 praesens,

149 1017 259 1054 illum
299 1023 432 1055 tamen
461 1028 576 1066 supra
603 1023 781 1054 naturam
808 1028 878 1075 per
905 1028 946 1053 se
974 1016 1160 1053 extollere
1188 1027 1268 1053 non
1297 1013 1486 1064 potuerit,
1515 1013 1591 1051 nisi
1618 1013 1856 1052 adminiculo
1884 1014 2095 1064 superioris

151 1069 298 1120 gratiae
326 1070 569 1108 accedentis:
598 1076 745 1119 quanto
775 1068 901 1107 minus
929 1068 1006 1106 iam
1034 1070 1226 1118 collapsa,
1256 1069 1292 1106 &
1319 1068 1470 1105 tantum
1501 1079 1583 1104 non
1611 1065 1744 1104 ruinae
1773 1068 1967 1105 humanae
1983 1067 2094 1105 rude-

152 1122 258 1161 ribus
287 1125 457 1174 sepulta,
484 1122 685 1161 hominem
714 1122 765 1160 ad
793 1121 964 1171 aliquem
991 1120 1256 1159 eminentioris
1285 1119 1535 1170 perfectionis
1563 1118 1729 1169 gradum
1739 1117 1956 1178 perducat?
1986 1133 2093 1170 prae-

152 1176 284 1214 sertim
325 1189 415 1214 cum
456 1189 506 1214 ne
548 1188 589 1214 se
631 1174 809 1224 quidem,
855 1180 1050 1233 quantum·
1070 1174 1108 1211 in
1137 1187 1177 1212 se
1205 1180 1281 1223 est,
1309 1173 1360 1211 ad
1387 1172 1496 1210 illum
1524 1171 1688 1222 perduci
1716 1173 1829 1212 sinat.
1857 1180 2095 1223 quapropter

153 1228 361 1279 superioris
389 1235 626 1279 superuentu
652 1234 694 1266 vt
721 1228 934 1278 collapsam
961 1227 1154 1278 restituat,
1183 1228 1219 1264 δε
1245 1226 1462 1264 restitutam
1477 1237 1594 1275 supra
1610 1223 1735 1274 ipsam
1749 1226 1907 1277 euehat,
1933 1225 2093 1264 omnino

153 1289 211 1320 est
241 1292 354 1332 opus.

206 1349 243 1385 9.
298 1333 607 1384 supernaturalis
649 1340 779 1371 autem
819 1333 918 1371 haec
961 1338 1158 1383 spectatur
1199 1338 1283 1370 tum
1325 1332 1505 1370 absolute
1545 1332 1583 1370 in
1628 1345 1669 1371 se
1711 1333 1747 1369 &
1776 1331 1901 1371 causis
1930 1333 2029 1382 suis,
2058 1332 2094 1369 &

152 1387 371 1436 Theologia
399 1389 593 1426 abstracta
621 1386 781 1436 dicitur,
807 1391 891 1423 tum
920 1386 1040 1424 relate
1071 1385 1122 1424 ad
1150 1386 1369 1424 subiectum
1394 1384 1457 1423 cui
1480 1384 1597 1435 inest,
1622 1385 1895 1435 &Theologia
1909 1392 2095 1423 concreta

152 1442 380 1491 appellatur.

209 1507 269 1532 10.
323 1495 369 1531 In
409 1506 449 1532 se
490 1493 526 1530 δι
568 1491 692 1531 causis
733 1491 811 1531 suis
851 1490 1078 1541 simpliciter
1118 1498 1273 1542 sancta,
1316 1491 1415 1530 iusta
1455 1491 1491 1529 &
1517 1493 1691 1542 perfecta
1719 1498 1796 1543 est,
1825 1491 1906 1530 siue
1934 1503 2092 1529 causam

152 1546 407 1605 efficientem,
435 1545 660 1596 primariam
688 1544 848 1595 quidem
876 1546 1007 1583 Deum
1037 1544 1165 1594 ipsum
1193 1546 1450 1595 reuelantem,
1478 1545 1813 1584 instrumentalem
1838 1548 1932 1584 vero
1948 1557 2092 1583 sermo-

150 1612 242 1637 nem
269 1598 344 1637 Dei
371 1599 621 1650 προῳορικὸν,
649 1598 789 1648 partim
818 1597 1078 1648 spiritualem,
1110 1597 1251 1648 partim
1279 1599 1527 1648 corporalem
1555 1605 1728 1648 spectes:
1759 1598 1841 1637 siue
1868 1598 2094 1645 materiam,

151 1653 282 1690 Deum
308 1653 457 1702 ipsum,
482 1652 518 1688 &
544 1663 605 1690 res
633 1664 771 1690 omnes
797 1652 849 1690 ad
877 1653 1008 1689 Deum
1036 1652 1254 1690 ordinatas:
1283 1651 1366 1690 siue
1394 1653 1582 1702 formam,
1608 1651 1783 1690 diuinam
1799 1651 2004 1690 veritatem
2018 1651 2091 1689 toti

151 1706 187 1743 &
215 1705 397 1743 omnibus
423 1704 597 1754 partibus
624 1704 837 1754 aequaliter
863 1704 1031 1743 infusam
1059 1705 1304 1744 consideres:
1333 1704 1415 1743 siue
1445 1705 1614 1755 denique
1644 1706 1695 1743 ad
1721 1706 1840 1743 finem
1867 1704 2093 1754 primarium

153 1758 229 1796 Dei
268 1760 372 1796 recte
412 1756 533 1808 agniti
571 1758 754 1810 gloriam,
795 1759 831 1796 &
864 1757 1139 1796 secundarium
1167 1759 1332 1797 salutem
1359 1765 1535 1797 nostram
1563 1765 1808 1808 praesentem
1837 1759 1872 1795 &
1901 1760 2093 1807 futuram,

155 1811 327 1850 animum
355 1810 546 1849 aduertas.

213 1878 273 1903 11.
327 1863 547 1914 Theologia
574 1866 668 1902 vero
696 1876 786 1903 611111
815 1864 991 1903 subiecto
1019 1876 1090 1903 suo
1118 1871 1301 1904 concreta
1326 1870 1384 1903 est
1399 1864 1558 1914 quidem
1574 1865 1713 1903 eadem
1728 1864 1949 1903 diuinarum
1964 1875 2093 1901 rerum

156 1917 351 1968 Sapientia
379 1919 470 1966 (vna
497 1916 600 1955 enim
628 1919 781 1956 tantum
810 1925 868 1956 est
893 1917 933 1955 in
961 1930 1024 1965 se,
1052 1925 1210 1956 aeterna
1237 1919 1273 1956 ἃς
1300 1917 1568 1966 immutabilis)
1597 1918 1666 1956 sed
1693 1931 1766 1968 pro
1797 1918 1947 1956 ratione
1962 1924 2092 1955 tamen

154 1970 360 2008 hominurn
387 1969 528 2020 quibus
555 1970 654 2009 inest
681 1971 786 2009 varie
813 1971 1081 2022 modificatur,
1111 1971 1169 2009 his
1197 1971 1385 2022 amplius,
1413 1971 1486 2010 illis
1514 1971 1674 2021 paucius
1703 1971 1752 2009 de
1768 1984 1813 2009 ea
1827 1970 2091 2021 capientibus:

155 2030 272 2074 prout
315 2031 499 2073 corrupta
532 2031 670 2062 natura
697 2023 821 2075 magis
849 2025 912 2062 vel
939 2024 1086 2070 minus,
1116 2025 1240 2075 gratia
1267 2024 1343 2063 Dei
1371 2024 1691 2075 superueniente,
1718 2026 1768 2062 ab
1796 2023 1999 2062 inscientia
2026 2035 2095 2061 sua

155 2076 394 2126 vindicatur,
422 2077 524 2115 adeo
551 2083 614 2128 vt,
643 2079 733 2116 cum
761 2080 784 2115 a
813 2089 967 2116 summo
994 2079 1046 2116 ad
1074 2078 1197 2116 imum
1225 2077 1364 2116 infiniti
1392 2078 1468 2116 sint
1495 2078 1661 2128 gradus,
1689 2085 1818 2116 certus
1846 2077 1936 2116 eius·
1953 2077 2094 2115 modus

154 2131 283 2168 nullus
311 2129 501 2181 assignari
529 2129 664 2180 possit.

214 2197 273 2222 12.
329 2185 399 2222 Est
424 2189 555 2222 autem
581 2196 674 2222 vera
701 2183 801 2222 haec
829 2183 1051 2234 Theologia
1078 2183 1241 2233 (vtrouis
1256 2184 1378 2223 modo
1393 2184 1608 2234 acceperis)
1624 2189 1715 2222 ve'ra
1729 2183 1950 2222 diuinarum
1965 2194 2095 2221 rerum

158 2236 356 2286 Sapientia
396 2236 686 2275 communicata
727 2236 910 2275 diuinitus
953 2238 1003 2275 ad
1040 2237 1116 2276 Dei
1142 2237 1320 2288 gloriam.
1361 2238 1541 2287 Cumque
1571 2237 1699 2276 omnis
1727 2237 1947 2287 Sapientiae
1974 2249 2020 2275 ea
2048 2235 2096 2274 sit

157 2289 257 2328 ratio
274 2320 284 2339 ,
323 2296 364 2328 vt
404 2291 628 2328 facultatem
666 2291 701 2327 &
729 2290 999 2340 operationem
1026 2291 1084 2329 sui
1112 2290 1285 2341 Sapienti
1312 2297 1499 2341 praestet,
1528 2293 1633 2329 recte
1661 2289 1752 2328 huic
1780 2290 1999 2340 Sapientiae
2026 2300 2096 2327 sua

157 2343 321 2381 facultas
349 2343 386 2380 &
413 2342 591 2402 operatio
619 2356 666 2381 ex
693 2343 810 2382 sacris
840 2343 1045 2394 Scripturis
1072 2344 1264 2383 tribuitur.
1294 2345 1365 2382 Est
1392 2343 1497 2382 enim
1528 2345 1691 2382 facultas
1711 2343 1809 2388 eius
1832 2342 2005 2394 cognitio
2019 2341 2096 2379 Dei

159 2395 195 2432 &
235 2395 381 2447 nostri,
422 2407 523 2446 quae
563 2395 616 2434 ita
656 2395 755 2434 inter
795 2409 836 2435 se
876 2399 1108 2456 cohaerent,
1151 2404 1192 2436 vt
1231 2404 1411 2435 neutram
1440 2396 1522 2435 sine
1550 2399 1670 2435 altera
1698 2397 1891 2447 possimus
1919 2394 2094 2444 assequi:

160 2449 337 2497 operatio
379 2452 494 2498 vero,
536 2449 600 2498 pia
627 2450 662 2487 δι
689 2449 813 2488 fidelis
841 2450 965 2500 actio,
995 2462 1072 2500 qua
1098 2452 1197 2489 haec
1224 2450 1399 2510 cognitio
1429 2452 1563 2488 sancte
1593 2457 1808 2500 occupatur
1828 2451 1939 2509 apud
1965 2450 2094 2486 Deum

160 2502 196 2540 &
236 2501 456 2593 Eeiclesiaign
497 2501 616 2552 ipsius
656 2502 696 2541 in
738 2503 920 2542 omnibus
962 2503 1133 2555 pietatis,
1173 2503 1356 2554 iustitiae,
1385 2503 1667 2542 sanctimoniae
1694 2504 1730 2541 &
1757 2503 1927 2542 veritatis
1956 2499 2095 2541 officiis

160 2565 279 2592 secun
310 2566 377 2592 um
445 2566 548 2594 eum.

1113 2846 1160 2882 14
1876 2832 1956 2873 ,11.
2009 2832 2096 2871 DE
