2334 3020
229 125 299 160 180
843 128 1056 154 THESES
1098 124 1528 155 THEOLOGICAE.

221 241 335 277 eides
365 238 455 273 vcro
485 248 532 273 ex
560 243 689 283 parte,
719 237 753 272 51
783 234 1060 272 ccremoniales
1087 240 1176 271 ante
1204 234 1291 271 Mo
1284 246 1359 271 em
1388 232 1588 281 exstitere,
1615 235 1683 272 sed
1716 248 1906 292 αχραφοι,
1937 235 2150 284 apatribus

222 301 376 340 tinquaa
368 303 403 326 n
433 300 503 336 per
531 299 667 324 manus
695 287 857 325 traditae
886 286 1071 336 posteris
1101 299 1168 324 eos
1198 286 1445 323 informando
1475 286 1513 323 in
1543 287 1614 325 viis
1642 286 1815 325 Domini.

271 356 307 391 3.
360 343 475 379 Lex
477 341 629 377 v'lorctlls
658 344 772 389 (quae
799 340 837 377 in
866 346 947 378 tota
976 339 1175 388 Scriptura
1202 340 1252 376 V.
1281 341 1316 376 δι’
1345 338 1449 376 Noui
1477 339 1721 378 Testamenti
1736 352 1870 389 sparsa
1884 346 1963 398 est,
1989 343 2024 378 &
2041 340 2150 379 cuius

221 407 372 434 summa
411 396 451 434 in
490 393 682 442 (16611030
724 392 960 442 continetur)
999 399 1056 430 est
1096 391 1346 429 immutabilis
1374 394 1478 429 recte
1507 391 1666 430 viuendi
1693 405 1852 442 norma,
1883 391 1922 430 in
1950 404 2028 442 qua
2054 395 2150 443 legis

222 455 330 498 parte
357 455 414 486 est
443 458 623 495 expressa
631 423 725 483 0Dei
754 452 890 483 natura
917 453 1034 494 atque
1061 443 1221 494 iustitia,
1250 444 1286 481 &
1314 455 1414 493 quae
1441 444 1511 482 fuit
1538 445 1577 484 in
1604 452 1742 484 natura
1772 445 1942 495 integra,
1964 447 2027 483 lex
2042 452 2149 484 natu-

224 500 330 550 ralis,
359 512 462 539 nunc
491 502 583 537 vcro
614 511 683 548 pe1
710 506 918 547 peccatum
945 497 997 536 ita
1024 504 1229 556 corrupta,
1257 504 1297 535 vt
1323 498 1429 536 bona
1455 511 1543 546 pars
1572 498 1652 537 eius
1680 498 1727 537 sit
1756 499 1980 549 obfuscata,
2008 499 2043 536 δ(
2066 505 2147 536 tan-

223 555 303 591 111111
330 554 518 602 particula
547 551 627 589 eius
654 551 693 589 in
724 551 917 589 mentibus
945 550 1173 589 remanserit
1195 550 1394 600 humanis,
1417 551 1519 589 adeo
1534 558 1575 589 vt
1589 551 1652 589 vix
1666 551 1831 590 tenuiter
1846 551 1932 600 quis
1947 551 2150 601 degustet,

222 605 307 655 quis
327 606 374 643 sit
398 608 486 644 Deo
508 610 692 668 acceptus
716 606 854 643 cultus.
880 604 1049 642 Proinde
1071 602 1318 642 hebetudinis
1332 609 1489 641 nostrae
1503 605 1598 654 ergo
1614 603 1809 642 Dominus
1823 605 1951 654 legem
1967 604 2150 654 scriptam

221 657 369 708 posuit,
400 672 500 708 quae
527 657 667 695 certius
695 657 963 695 testificaretur
992 657 1101 706 quod
1128 656 1168 694 111
1196 657 1282 706 lege
1309 655 1474 694 naturali
1500 656 1614 695 nimis
1643 658 1854 695 obscurum
1869 664 1971 708 erat,
1994 660 2150 696 &men—

224 721 324 762 tem,
354 710 664 759 memoriamque
688 709 855 748 viuidius
882 710 1879 748 feriret..

273 778 310 812 4.
365 766 466 802 Vsus
507 762 602 813 legis
641 763 799 801 moralis
841 771 897 802 est
928 763 1068 812 triplex
1095 761 1135 800 in
1163 769 1300 800 natura
1326 769 1522 812 corrupta.
1550 765 1580 800 I.
1611 770 1672 813 vt,
1701 764 1792 801 cum
1819 763 1942 801 oculis
1972 762 2150 801 subiiciat

220 831 304 856 eam
333 817 516 855 iustitiam
544 828 643 865 quae
671 818 754 854 sola
781 817 869 854 Deo
899 818 998 866 prob
1003 823 1106 867 rtur
1135 823 1182 854 511
1197 815 1315 853 1115151·
1330 816 1495 866 speculi,
1520 815 1557 854 in
1574 827 1653 865 quo
1668 822 1841 854 nostram
1855 815 2151 866 lmpotentiam,

220 877 301 908 tum
344 883 390 908 ex
418 883 464 909 ea
490 868 753 918 iniquitatem,
783 870 818 906 ἃ
846 883 892 907 ex
920 876 1082 918 Vtraque
1111 868 1427 907 maledictionem
1456 871 1782 919 contemplemur.
1812 871 1925 906 Rom.
1956 882 1991 917 3.
2024 883 2071 906 20
2101 874 2151 910 ἐφ’

225 934 259 972 5,
289 936 351 961 20.
400 924 490 961 Gal.
521 936 558 971 3.
591 935 650 972 19.
680 923 729 959 &v
761 936 794 961 2.
829 923 918 960 Cor.
949 935 986 971 3.
1018 934 1052 970 7.
1097 923 1189 959 Hoc
1217 921 1388 959 officium
1417 922 1512 971 legis
1540 923 1748 972 praecipue
1761 922 1812 960 ad
1826 922 1960 960 fideles
1977 929 2150 972 spectat,

221 983 262 1014 vt
291 976 340 1013 de
368 987 436 1014 sua
464 975 686 1013 infirmitate
714 975 901 1024 conuicti,
931 975 1075 1023 gratiae
1104 974 1339 1012 medicinam
1366 974 1406 1013 in
1435 975 1590 1014 Christo
1619 981 1828 1024 quaerant:
1859 975 1952 1023 quin
1969 974 2086 1013 etiam
2101 975 2151 1013 ad

219 1028 359 1078 impios
386 1028 573 1078 pertinet,
602 1027 775 1066 eiusdem
804 1027 899 1078 legis
927 1027 1105 1066 fluctibus
1135 1039 1272 1066 eorum
1301 1028 1559 1067 conscientias
1587 1027 1773 1079 exagitari
1800 1030 1836 1066 &
1859 1027 1970 1066 reddi
1995 1027 2150 1066 inexcu-

223 1081 380 1131 sabiles,
422 1082 472 1120 ad
514 1080 836 1119 manifestandam
865 1080 985 1118 diuini
1013 1080 1141 1129 iudicij
1170 1080 1419 1130 aequitatem.
1453 1094 1485 1120 1.
1519 1083 1615 1120 Tim.
1649 1095 1681 1120 1.
1710 1095 1747 1131 9.
1791 1094 1823 1118 2.
1853 1087 1895 1118 vt
1922 1081 2017 1118 dum
2044 1081 2149 1131 impij

222 1134 323 1172 diras
365 1134 459 1184 legis
501 1133 720 1173 sanctiones
761 1133 943 1182 audiunt,
984 1145 1199 1183 poenarum
1240 1133 1447 1172 formidine
1489 1146 1599 1173 suam
1627 1134 1859 1184 prauitatem
1888 1135 2023 1171 saltem
2050 1133 2152 1171 intus

224 1187 435 1225 cohibeant
464 1199 580 1237 quam
609 1187 754 1235 alioqui
781 1188 999 1236 petulanter
1027 1193 1156 1224 essent
1183 1186 1355 1237 effusuri,
1386 1188 1449 1236 filij
1479 1191 1572 1226 vero
1602 1188 1677 1225 Dei
1705 1194 1794 1225 ante
1807 1186 2056 1225 vocationem
2072 1186 2151 1236 Spi-

222 1239 295 1277 ritu
325 1241 468 1278 Sancto
498 1239 694 1286 destituti,
723 1239 852 1288 aliqua
881 1252 927 1277 ex
954 1246 1064 1289 parte
1092 1240 1254 1277 ferendo
1283 1239 1448 1278 iustitiae
1475 1240 1566 1287 iugo
1594 1241 1812 1279 assuefiant.
1842 1253 1878 1288 3.
1905 1245 1944 1277 vt
1959 1239 2092 1277 fideles
2107 1252 2154 1277 ex

223 1294 307 1341 lege
350 1293 484 1330 melius
525 1292 685 1330 Domini
715 1294 954 1330 voluntatem
981 1293 1236 1343 edoceantur,
1266 1294 1301 1330 δι
1329 1293 1521 1342 frequenti
1549 1293 1630 1332 eius
1658 1293 1911 1332 meditatione
1939 1291 2153 1331 excitentur

225 1346 346 1394 magis
376 1359 421 1382 ac
449 1345 571 1394 magis
599 1346 648 1383 ad
677 1345 922 1395 obsequium.
951 1346 1112 1384 Denter.
1144 1360 1205 1395 31.
1239 1360 1296 1383 12.
1341 1348 1450 1385 Psal.
1485 1361 1516 1385 1.
1548 1360 1579 1384 1.

275 1409 309 1447 5.
364 1399 486 1446 Leges
520 1400 792 1436 Ceremosn'ales
826 1405 914 1436 sunt
950 1406 1157 1448 praecepta
1193 1399 1243 1437 de
1281 1405 1441 1438 externo
1470 1400 1544 1438 Dei
1572 1401 1697 1450 cultu,
1727 1399 1767 1437 in
1796 1397 1972 1437 Ecclesia
1998 1397 2151 1437 Veteris

221 1451 461 1489 Testamenti
497 1452 763 1489 obseruando:
800 1463 899 1500 quae
934 1453 995 1489 vel
1032 1451 1269 1501 significant,
1306 1454 1366 1490 vel
1404 1454 1455 1490 ad
1488 1452 1666 1491 ordinem
1694 1458 1882 1502 spectant.
1927 1450 2153 1500 Significant

220 1510 349 1541 autem
378 1504 592 1552 Sacrificia,
622 1505 885 1554 Sabbathum,
914 1504 1181 1543 circumcisio:
1210 1506 1274 1542 Ad
1304 1504 1483 1543 ordinem
1510 1508 1602 1544 vero
1632 1512 1810 1556 spectant
1837 1503 2152 1543 circumstantiae

225 1556 429 1606 temporis,
457 1556 553 1605 loci,
583 1559 653 1595 &c

275 1611 310 1647 6.
366 1611 466 1647 Vsus
504 1610 821 1647 Ceremoniarum
854 1610 893 1647 in
930 1609 1063 1668 primis
1098 1610 1138 1647 hi
1175 1617 1274 1648 sunt.
1324 1624 1356 1648 1.
1385 1611 1630 1662 Paedagogia
1664 1611 1715 1649 ad
1743 1610 1941 1649 Christum
1969 1612 2005 1648 δι
2033 1609 2150 1659 ipsius

222 1672 404 1711 regnum,
439 1664 570 1700 (ialal.
599 1676 633 1711 3.
667 1676 726 1709 24.
754 1664 860 1700 fuere
888 1662 990 1701 enim
1018 1663 1099 1724 typi
1126 1676 1172 1701 ac
1200 1664 1362 1701 vmbrae
1391 1676 1518 1701 rerum
1548 1664 1803 1714 spiritualium
1832 1676 1878 1701 ac
1907 1662 2148 1712 coelestium,

224 1727 388 1763 quarum
417 1727 559 1765 corpus
587 1717 724 1765 procul
750 1716 1026 1765 expectabitur
1053 1718 1091 1753 in
1121 1716 1289 1754 Christo.
1323 1718 1466 1755 Coa2.
1502 1730 1558 1766 17
1615 1716 1884 1755 2.discrimen
1913 1693 2148 1754 Iudaeorurri

222 1771 244 1806 a
272 1767 472 1817 gentibus
501 1770 628 1807 donec
657 1768 783 1806 diruta
811 1768 978 1806 maceria
1007 1781 1097 1807 cum
1124 1769 1168 1807 iis
1196 1769 1235 1806 in
1265 1780 1384 1806 vnum
1408 1782 1548 1819 corpus
1571 1746 1846 1808 coalescerent.
1875 1770 2017 1818 Ephes.
2038 1783 2072 1807 2.
2093 1782 2150 1806 12.

228 1833 286 1867 14.
332 1834 368 1868 3.
399 1821 597 1858 Retractio
635 1823 684 1859 ib
718 1821 971 1859 Idololatrico
1009 1824 1132 1868 cultu,
1169 1822 1219 1859 ad
1257 1833 1373 1871 quem
1410 1822 1672 1872 propensione
1709 1821 1873 1860 naturali
1911 1823 2151 1871 ferebantur,

222 1873 446 1923 praesertim
489 1875 664 1912 nondum
706 1874 857 1923 penitus
887 1875 1082 1924 extirpatis
1111 1875 1352 1913 Chananaeis
1380 1875 1415 1912 &
1444 1875 1657 1914 idololatris
1686 1875 1859 1924 vndique
1888 1873 2153 1913 conterminis.

224 1927 340 1964 Dcmt
375 1940 435 1963 12.
464 1939 526 1974 30.

274 1990 308 2026 7.
362 1980 486 2027 Leges
528 1980 736 2018 [udiczales
774 1986 863 2018 sunt
900 1988 1108 2030 praecepta
1138 1981 1187 2019 de
1215 1987 1397 2019 externae
1427 1981 1653 2031 disciplinae
1682 1979 1910 2019 defensione
1939 1979 2154 2019 secundum

223 2038 425 2081 Vtramque
459 2033 653 2082 tabulam,
681 2032 762 2071 siue
791 2033 840 2071 de
868 2034 1150 2082 gubernatione
1177 2033 1338 2083 politica
1365 2034 1404 2071 in
1433 2035 1581 2084 populo
1610 2033 1795 2084 Iudaico,
1823 2033 1864 2071 id
1893 2040 1968 2082 est,
1998 2033 2153 2082 ordine,

223 2084 353 2122 officio
384 2085 695 2135 magistratuum,
724 2085 976 2136 iudiciorum,
1004 2094 1296 2137 contractuum,
1326 2086 1576 2125 distractione
1604 2089 1821 2136 bonorum,
1846 2087 1918 2124 &c.
1947 2087 2036 2125 Hae
2050 2087 2154 2136 leges

224 2137 391 2175 duorum
434 2144 521 2175 511111
561 2150 765 2188 generum.
795 2138 892 2177 aliae
921 2146 1097 2188 spectant
1124 2140 1174 2177 ad
1201 2139 1259 2177 ius
1288 2151 1519 2190 commune,
1548 2139 1730 2177 videlicet
1758 2140 1797 2177 in
1826 2151 1894 2176 sua
1922 2140 2152 2185 substantia,

222 2189 261 2227 in
303 2189 380 2227 51115
421 2189 704 2229 circunstantiis
747 2195 840 2231 vero
882 2192 932 2230 ad
972 2191 1031 2230 1115
1072 2191 1285 2242 singulare,
1327 2192 1423 2231 aliae
1452 2193 1679 2242 simpliciter
1707 2193 1757 2230 ad
1784 2191 1842 2230 ius
1871 2191 2084 2243 singulare,
2113 2199 2153 2230 vt

224 2241 388 2280 ciuitatis
416 2250 613 2292 receptus,
642 2244 712 2281 &c
745 2246 784 2292 (f
819 2246 948 2295 1658)

282 2297 316 2332 8.
372 2297 474 2333 Vsus
515 2296 712 2345 proximus
749 2297 838 2347 fuit,
864 2305 905 2336 vt
931 2298 1005 2335 hae
1034 2300 1137 2347 leges
1166 2304 1293 2336 essent
1321 2298 1449 2336 omnis
1478 2298 1634 2347 politiae
1662 2297 1862 2336 Mosaicae
1891 2297 2022 2348 nerui,
2051 2296 2154 2336 ordi-

226 2352 345 2385 nare'n
348 2354 439 2396 tque
468 2356 610 2386 statum
637 2350 772 2398 populi
799 2351 872 2388 Dei
900 2352 1114 2388 secundum
1144 2350 1326 2388 iustitiam
1354 2364 1404 2388 01
1409 2364 1512 2389 1116111
1541 2351 1867 2400 aequitatemque.
1894 2353 1997 2389 Vsus
2023 2356 2154 2389 autem

225 2414 271 2438 ex
301 2401 555 2449 consequenti
581 2401 668 2450 fuit,
698 2409 737 2440 vt
765 2404 799 2440 ἃ
828 2403 973 2453 aliquid
1001 2405 1229 2453 ficrurarent,
1257 2403 1347 2454 quia
1371 2410 1490 2441 status
1505 2404 1605 2442 illius
1619 2403 1755 2454 populi
1769 2415 1835 2453 (1111
1850 2416 1920 2453 per
1933 2402 2156 2442 huiusmodi

224 2460 433 2502 praecepta
475 2453 772 2505 disponebatur,
801 2463 882 2493 erat
910 2455 1083 2505 typicus,
1112 2457 1253 2494 Εεεείι.
1284 2468 1345 2505 37
1374 2469 1448 2494 nec
1476 2456 1578 2494 enim
1609 2456 1735 2495 minus
1762 2469 1872 2516 reges
1899 2459 1934 2495 &
1960 2455 2155 2515 principes

225 2505 367 2544 Christi
395 2506 494 2556 1egis
521 2490 676 2544 fuerunt
702 2509 785 2557 typi
813 2511 930 2558 quam
960 2509 1193 2547 sacerdotes
1224 2510 1385 2547 Messias
1413 2509 1526 2559 igitur
1554 2510 1676 2548 oculis
1704 2509 1844 2547 veteris
1871 2508 2026 2559 populi,
2048 2508 2158 2558 quasi

226 2559 265 2595 in
293 2559 439 2608 duplici
466 2561 626 2608 speculo
655 2560 725 2598 fuit
753 2561 948 2612 obiectus,
979 2563 1010 2588 Γ
984 2575 1048 2600 6
1046 2562 1312 2600 emonialibus
1339 2563 1374 2600 &
1403 2562 1653 2609 Iudicialibus
1682 2561 1846 2612 legibus.

282 2624 316 2660 9.
373 2612 519 2650 Omnes
557 2613 628 2650 hae
665 2614 788 2663 leges,
824 2614 922 2652 sicut
956 2617 1135 2665 vmbrae,
1172 2616 1254 2653 sole
1282 2615 1446 2653 iustitiae
1475 2622 1631 2665 exorto,
1660 2615 1761 2653 iusto
1786 2615 1957 2664 ipsarum
1985 2614 2154 2663 comple-

225 2677 309 2701 mer
305 2671 356 2701 to
383 2666 592 2714 abrogatae
621 2673 721 2704 sunt.
750 2644 910 2705 lvloralis
938 2669 1000 2705 lex
1027 2670 1216 2717 abrogata
1244 2674 1301 2706 est
1326 2667 1503 2706 fidelibus
1518 2668 1650 2717 quoad
1666 2667 1998 2718 maledictionem
2020 2667 2152 2705 Galat.

229 2729 264 2764 3.
299 2729 356 2765 13.
397 2719 509 2755 Rom.
541 2719 576 2755 6.
610 2731 668 2765 14.
696 2731 776 2756 non
805 2721 931 2757 50111111
959 2721 1220 2770 applicatione
1247 2720 1494 2759 obedientiae
1523 2720 1666 2759 Christi
1681 2723 1738 2770 (vt
1751 2727 1840 2758 ante
1855 2698 2068 2769 Christiim)
2083 2719 2152 2757 sed

231 2769 347 2807 etiam
383 2769 620 2810 exhibitione
647 2771 766 2811 illius:
807 2774 860 2811 At
887 2785 965 2811 non
995 2774 1126 2823 quoad
1154 2774 1435 2824 obedientiam,
1463 2777 1624 2815 Denter.
1654 2787 1714 2822 32.
1745 2775 1807 2820 46.
1846 2774 1992 2812 Mattlz.
2023 2783 2057 2822 5.
2086 2774 2151 2819 48.

2010 2826 2059 2863 ἐφ’
2090 2837 2148 2875 19.
