2334 3020
224 65 272 101 92
839 61 907 88 DE
946 61 1095 87 VERA
1136 60 1487 88 THEOLOGIA.

220 168 332 206 vllius
359 166 687 206 intermoriturum
715 179 810 204 esse.
842 165 1123 205 Concludimus
1150 178 1243 216 ergo
1270 179 1351 205 non
1381 173 1495 217 posse
1523 166 1678 206 interire
1704 177 1874 216 vnquam
1901 178 2030 206 rerum
2057 181 2136 207 cre-

222 228 372 259 atarum
399 221 566 269 bonum,
595 230 690 267 quas
717 220 824 257 Deus
849 219 985 257 vnicus
1013 218 1144 256 salutis
1170 226 1308 257 auctor
1334 220 1385 257 ad
1411 218 1748 285 participationem
1774 220 1919 270 gloriae
1947 231 2038 259 suae
2057 222 2135 260 effi-

221 273 362 311 caciter
402 271 610 310 vocauerit.
651 271 827 321 Cumque
863 272 936 309 hae
971 276 1170 309 creaturae
1206 283 1287 309 non
1315 270 1471 310 aliunde
1499 272 1574 310 sint
1602 275 1719 322 quam
1745 273 1796 311 ab
1824 271 2013 311 electione
2040 273 2136 326 Dei3

221 327 256 363 &
295 324 497 374 proposito
536 323 680 373 gratiae
721 324 925 361 distinctae
965 324 1177 362 electorum
1217 324 1387 382 bonum,
1429 324 1508 362 siue
1549 326 1791 383 Angelorum
1818 325 1858 363 in
1886 322 2025 385 coelis,
2056 305 2137 365 51116

219 377 422 416 hominum
463 376 502 414 in
537 376 647 415 161115
683 377 788 424 (cum
815 377 1112 414 fundamentum
1141 387 1254 414 suum
1281 375 1320 413 in
1347 377 1470 426 gloria
1497 376 1572 414 Dei
1597 378 1760 427 habeat,
1789 382 1910 427 eaque
1936 377 2136 427 innitatur)

220 437 420 468 aeternum
447 430 482 467 &
510 427 730 467 immortale
759 441 842 467 esse
870 428 1082 467 statuimus.
1112 427 1175 466 Sic
1202 429 1254 466 ad
1281 429 1432 467 bonum
1460 441 1686 479 commune,
1714 430 1755 468 id
1782 437 1856 481 651,
1882 430 1956 469 Dei
1973 431 2136 481 gloriam

219 482 521 530 contendentes,
549 482 600 519 ad
627 483 775 520 bonum
803 480 1016 531 singulare,
1044 480 1085 519 id
1112 487 1189 531 651,
1216 482 1378 520 5311116111
1405 489 1578 520 nostram
1609 482 1852 522 deducimur.
1882 484 1960 522 Cur
1981 481 2135 523 autem?

218 537 253 574 Sz
280 532 508 585 quomodo?
535 536 675 593 nempe
703 533 1024 583 promissionibus
1050 533 1214 584 gratiae,
1241 535 1278 572 ὃ(
1304 534 1545 584 Theologiae
1567 535 1814 574 reuelatione.
1841 538 1887 574 In
1902 548 2018 575 031153
2032 536 2137 575 60101

219 595 275 626 651
302 589 384 626 sola
410 587 486 626 Dei
512 587 651 637 gratia,
683 586 1036 636 promissionesque
1058 586 1220 636 gratiae,
1244 587 1468 625 011131111οο
1482 594 1686 637 Vtrumque
1701 589 1851 627 bonum
1867 589 2136 648 perducamur.

219 640 384 679 Modum
427 645 519 680 vero
561 639 698 678 eadem
738 639 860 689 gratia
901 639 1082 678 omnibus
1113 638 1286 691 exhibet,
1313 639 1520 679 nobiscum
1548 640 1806 690 Theologiam
1834 642 2138 682 communicans.

219 694 385 752 Causam
415 696 532 743 porro
561 703 680 742 quum
707 693 919 742 Apostolus
947 693 1116 743 afferret,
1145 669 1286 731 dicens
1310 706 1344 730 2.
1378 694 1514 732 Timet
1543 706 1579 740 4.
1607 695 1643 732 8.
1664 694 1785 732 factas
1806 707 1888 733 esse
1902 694 2035 745 pietati
2048 708 2135 744 pro

219 745 419 784 missiones
458 747 570 785 huius
598 746 633 783 &
661 751 843 783 venturae
871 744 991 795 vitae,
1026 745 1105 783 duo
1133 746 1271 783 effecta
1299 758 1345 784 ex
1371 744 1510 784 diuinis
1539 745 1611 784 illis
1638 745 1958 795 promissionibus
1985 747 2136 797 praedi-

219 800 332 837 cabat
371 799 607 849 obuentura·
649 808 816 846 quorum
844 809 964 836 vnum
992 804 1067 848 est,
1100 798 1207 847 quod
1232 799 1340 836 Deus
1367 797 1448 848 ipse
1476 811 1549 837 nos
1575 797 1758 836 informat
1784 799 1949 849 gratiose
1976 799 2016 838 in
2043 813 2137 839 con

220 851 365 889 ditione
406 851 504 890 iusta
531 863 630 902 quae
656 851 843 889 haeredes
869 849 987 900 ipsius
1016 851 1148 889 decet:
1178 851 1376 902 Alterum,
1405 851 1513 900 quod
1541 850 1713 901 disponit
1738 853 1844 890 bona
1871 852 2137 892 haereditaria.

219 906 323 942 Iusta
351 904 525 944 conditio
553 903 766 943 haeredum
794 910 850 942 est
877 903 917 941 in
944 916 1036 942 vera
1061 903 1201 953 pietate
1227 903 1371 954 posita,
1399 915 1517 953 quam
1543 903 1727 954 pietatem
1747 903 2029 944 circumscribit
2043 907 2142 944 Cha-

219 957 307 994 ritas
349 969 397 994 ex
426 969 524 1006 puro
554 956 673 995 corde
701 957 737 994 &
766 956 1006 994 conscientia
1033 957 1138 995 bona
1165 957 1200 993 &
1228 957 1304 995 fide
1331 969 1412 994 non
1438 958 1540 995 ficta.
1574 970 1606 994 1.
1641 958 1737 995 Tim.
1770 970 1802 996 1.
1831 967 1867 1007 5.
1909 959 2020 996 Bona
2049 962 2141 997 vero

218 1009 473 1049 haereditaria
504 1011 544 1052 in
571 1009 648 1049 vita
674 1007 832 1058 quidem
861 1008 926 1047 illa
952 1015 1115 1047 ventura
1142 1016 1249 1047 sunt:
1279 1009 1348 1048 sed
1374 1015 1504 1047 tamen
1528 1009 1606 1047 iam
1633 1008 1673 1047 in
1699 1010 1774 1048 1130
1787 1009 1871 1060 ipsa
1884 1009 1961 1048 vita
1976 1024 2023 1049 ex
2037 1013 2142 1050 facto

220 1061 575 1110 communicantur,
617 1061 960 1112 percipiunturque
989 1075 1058 1112 per
1084 1062 1223 1112 fidem,
1251 1061 1380 1100 donec
1410 1061 1698 1112 possessionem
1726 1063 1882 1112 plenam
1909 1062 1948 1100 in
1976 1063 2054 1102 vita
2079 1063 2144 1102 illa

220 1117 346 1153 futura
387 1126 647 1165 assequamur.
689 1114 899 1163 Vtriusque
941 1116 1047 1154 Deus
1081 1115 1241 1154 effector
1268 1122 1345 1166 est3
1375 1116 1410 1153 &
1437 1114 1589 1165 pietatis
1617 1114 1657 1152 in
1684 1115 1799 1153 nobis
1826 1115 2081 1167 haeredibus3
2109 1118 2145 1155 &

222 1167 468 1207 haereditatis
495 1168 535 1206 in
562 1167 701 1218 006115,
729 1174 888 1217 propter
911 1180 978 1206 605
1006 1167 1073 1217 qui
1100 1167 1285 1206 haeredes
1313 1167 1444 1206 salutis
1472 1168 1589 1206 futuri
1617 1174 1717 1206 sunt.
1750 1168 1869 1206 Addo
1899 1167 2014 1207 etiam
2041 1182 2146 1208 com-

223 1221 432 1259 modorum
474 1222 696 1260 effectorem
737 1233 841 1270 6556,
875 1232 975 1270 quae
1010 1222 1062 1259 ad
1090 1221 1371 1270 capessendam
1399 1220 1676 1259 haereditatem
1703 1228 1791 1259 sunt
1818 1233 1933 1272 opus,
1961 1222 2146 1272 tantisper

224 1274 318 1311 dum
345 1273 384 1311 in
411 1273 474 1312 via
502 1285 633 1312 sumus
661 1273 940 1312 contendentes
967 1274 1018 1312 ad
1044 1273 1272 1312 Dominum.
1298 1273 1426 1312 Huius
1454 1275 1546 1312 vero
1574 1285 1715 1312 causae
1743 1274 2144 1324 praestandae&per-

224 1325 425 1375 cipiendae
453 1328 593 1365 modus
621 1325 796 1365 salutaris
821 1327 949 1364 nullus
976 1339 1058 1364 esse
1086 1332 1234 1376 potest,
1264 1328 1381 1375 quam
1408 1325 1594 1365 reuelatio
1623 1326 1777 1365 diuinae
1800 1326 1900 1365 illius
1914 1326 2143 1377 sapientiae3

224 1389 323 1428 quae
351 1379 536 1428 sapientia
562 1392 643 1418 non
671 1385 728 1417 est
756 1379 874 1418 seculi
901 1378 1035 1430 huius,
1061 1390 1188 1428 neque
1217 1379 1442 1429 Principum
1471 1378 1591 1417 seculi
1618 1379 1729 1417 huius
1750 1379 1815 1429 qui
1830 1381 2058 1431 abolentur,
2077 1381 2146 1419 sed

223 1431 410 1481 sapientia
436 1439 493 1470 est
519 1432 593 1470 Dei
621 1432 660 1469 in
688 1431 896 1483 mysterio,
923 1431 1109 1481 sapientia
1128 1431 1193 1470 illa
1208 1434 1380 1482 occulta,
1401 1444 1520 1481 quam
1535 1432 1777 1482 praefinierat
1790 1433 1899 1471 Deus
1913 1439 2001 1471 ante
2017 1435 2146 1472 secula

225 1484 274 1522 ad
300 1484 466 1534 gloriam
492 1493 687 1535 nostram,
717 1485 752 1522 &
780 1496 897 1533 quam
926 1497 1042 1523 nemo
1071 1484 1295 1534 Principum
1324 1485 1443 1523 seculi
1469 1484 1582 1523 huius
1610 1484 1814 1535 cognouit,
1836 1485 1905 1523 sed
1920 1486 2026 1524 Deus
2041 1487 2145 1525 solus

223 1536 361 1586 retegit
388 1550 457 1587 per
484 1537 680 1587 Spiritum.
714 1550 746 1576 1.
778 1538 950 1576 Corinth.
979 1551 1013 1576 2.
1044 1548 1077 1586 7.
1108 1540 1144 1576 8.
1171 1539 1284 1575 Haec
1311 1537 1375 1575 illa
1402 1551 1479 1576 vna
1493 1544 1551 1576 est
1566 1537 1771 1588 sapientia7
1792 1549 1891 1587 quae
1913 1538 2145 1588 &pietatem

224 1590 263 1628 in
289 1589 403 1628 nobis
431 1597 590 1649 generat
617 1589 753 1628 futuris
781 1591 890 1640 regni
918 1591 1118 1628 coelorum
1146 1589 1397 1640 haeredibus,
1426 1593 1461 1629 &
1484 1589 1761 1650 promissiones
1777 1590 1905 1629 omnis
1919 1590 2014 1629 boni
2029 1592 2147 1630 docet

224 1641 329 1693 pios,
356 1643 391 1679 &
419 1642 549 1681 omnia
575 1644 682 1681 bona
708 1642 962 1682 haereditaria
990 1645 1229 1692 salutemque
1245 1649 1441 1681 aeternam
1456 1642 1570 1682 fidel
1560 1654 1733 1693 ipsorum
1748 1642 1903 1682 exhibet
1917 1644 1968 1682 ad
1982 1643 2147 1694 gloriam

224 1694 310 1733 Dei.
344 1696 474 1744 Atque
500 1696 598 1734 haec
627 1696 676 1733 de
704 1697 739 1732 T
741 1696 923 1747 heologla
949 1704 1081 1735 nostra
1109 1696 1326 1734 secundum
1353 1709 1411 1746 56,
1441 1703 1626 1746 tanquam
1654 1697 1780 1734 forma
1806 1694 2031 1746 incorrupta
2058 1709 2146 1735 coe-

225 1746 328 1785 lestis
370 1747 580 1798 sapientiae
620 1750 644 1785 3
683 1748 772 1787 Deo
805 1749 989 1788 exhibita.
1029 1751 1166 1787 Restat
1194 1755 1234 1786 vt
1262 1749 1311 1787 de
1323 1749 1557 1807 ‚Theologia
1584 1749 1797 1788 secundum
1824 1761 1897 1787 nos
1925 1751 2057 1799 (quarn
2084 1749 2145 1797 alij

226 1800 483 1850 Theologiam
525 1801 738 1840 secundum
779 1800 996 1853 quid3a1ij
1035 1800 1293 1851 Theologiam
1321 1800 1360 1839 in
1388 1801 1563 1841 subiecto
1590 1801 1752 1853 vocant)
1779 1802 1921 1840 eodem
1949 1801 2086 1841 ordine
2114 1804 2149 1841 &

227 1852 346 1891 modo
374 1864 499 1904 pauca
526 1854 757 1893 adferamus.

973 2112 1406 2164 CAPVTngrr.

902 2214 967 2252 De
1000 2216 1207 2264 Theologia
1232 2216 1273 2253 in
1299 2215 1473 2254 subiecto.

275 2331 407 2368 ILLIVS
449 2341 542 2379 ergo
577 2329 839 2381 Theologiae,
881 2340 999 2380 quam
1025 2332 1133 2369 Deus
1161 2331 1331 2380 perfecte
1360 2330 1516 2370 exhibet
1543 2330 1658 2370 nobis
1685 2331 1855 2381 gratiosa
1882 2331 2147 2371 communica-

226 2383 350 2432 tione,
391 2383 516 2420 forma
556 2382 747 2431 quaedam
778 2383 1005 2433 imperfecta
1032 2390 1090 2422 est
1116 2390 1248 2422 nostra
1275 2384 1372 2421 haec
1399 2383 1616 2434 Theologia
1645 2395 1744 2434 quae
1771 2385 1946 2424 subiecto
1974 2386 2147 2423 humano

224 2435 346 2486 10651,
374 2436 449 2484 qua
477 2434 567 2473 huic
595 2435 771 2474 subiecto
798 2435 923 2475 inesse
950 2443 1092 2486 potest.
1122 2436 1466 2485 Quemadmodum
1494 2436 1597 2475 enim
1628 2450 1763 2475 omnes
1778 2437 1865 2476 illae
1879 2437 2052 2476 actiones
2073 2437 2148 2476 Dei

227 2499 326 2537 quae
355 2489 405 2526 ab
432 2487 518 2546 ipso
545 2489 639 2537 pure
667 2495 755 2526 sunt
784 2489 949 2527 formam
976 2491 1189 2539 perfectam
1217 2489 1275 2528 sui
1303 2488 1697 2548 constitutionemque
1725 2497 1926 2529 momento
1952 2503 2031 2529 vno
2057 2490 2147 2528 inde

227 2542 276 2579 ab
318 2547 405 2578 ortu
445 2540 615 2590 ipsarum
656 2540 854 2592 obtinent,
894 2542 946 2580 ita
986 2544 1007 2580 6
1047 2542 1203 2580 (11116150
1240 2553 1494 2591 quaecunque
1523 2542 1696 2581 actiones
1724 2543 1983 2582 communiter
2008 2545 2032 2580 3
2059 2544 2147 2581 Deo

227 2592 526 2643 hominibusque
560 2593 873 2652 proficiscuntur,
905 2596 939 2632 &
967 2594 1006 2632 in
1034 2595 1174 2644 quibus
1201 2594 1379 2633 1101011165
1405 2596 1509 2633 1)6115
1530 2596 1826 2654 quodammodo
1850 2597 2052 2646 συνεργούς
2075 2594 2147 2633 sibi

229 2657 311 2683 esse
353 2645 493 2696 voluit,
524 2659 592 2684 eae
618 2645 803 2696 tantisper
830 2647 923 2685 dum
950 2647 990 2685 in
1016 2648 1091 2686 hac
1119 2647 1197 2686 vita
1224 2658 1375 2698 51110115,
1403 2648 1529 2686 forma
1556 2649 1725 2697 quadam
1752 2648 1977 2698 imperfecta
2004 2660 2043 2684 m
2070 2647 2147 2686 suis

230 2697 410 2736 subiectis
446 2698 597 2748 1051101,
632 2712 706 2737 060
732 2699 772 2737 10
798 2700 875 2738 hoc
905 2702 1036 2739 seculo
1066 2700 1243 2740 obtinent
1270 2699 1547 2750 perfectionem
1575 2713 1695 2739 suam.
1736 2702 1786 2739 Et
1813 2700 2145 2750 quemadmodum

2009 2759 2146 2790 natura
