2334 3020
1984 125 2057 162 333

114 227 319 267 Nasaraeis
363 227 446 266 siue
486 228 689 272 ἀφανιςαῖς
731 225 804 264 illis
841 229 895 276 (vt
932 225 1174 276 Epiphanius
1216 229 1345 274 vocat)
1381 226 1446 277 qui
1481 226 1519 264 in
1555 227 1786 266 sententiam
1826 230 2060 268 contrariam

113 288 270 319 ruentes
305 283 426 331 vltro,
464 279 675 318 abolebant
708 290 846 318 omnes
884 279 1000 330 Legis
1035 279 1190 318 diuinae
1218 279 1478 318 ceremonias:
1509 280 1594 329 quis
1622 281 1766 332 nescit,
1795 290 1941 332 quanta
1969 296 2062 322 con-

112 334 288 373 tentione
327 335 418 372 inde
461 334 511 372 ab
539 332 711 371 aduentu
739 332 883 371 Christi
911 333 962 371 de
990 345 1061 371 vsu
1089 335 1124 372 &
1155 333 1429 372 obseruatione
1458 333 1767 372 ceremoniarum
1797 336 1910 374 fuerit
1933 336 2062 387 dispu-

115 385 264 426 tatum?
305 388 507 438 Vrgebant
544 386 699 433 Iudaei,
728 387 924 436 negabant
952 387 1121 424 Gentes:
1150 388 1340 437 vrgebant
1367 400 1414 425 ex
1441 386 1595 425 Iudaeis
1624 387 1833 427 Christiani
1863 389 1953 428 facti
1982 403 2062 429 non

112 441 246 491 pauci,
281 452 381 489 quos
418 442 640 478 Nazaraeos
677 440 858 478 dixerunt
893 439 1106 478 orthodoxi
1143 441 1298 487 Patres,
1335 441 1531 490 negabant
1568 440 1771 491 Apostoli,
1801 443 1836 480 δι
1866 442 2062 495 quicunq3

115 506 163 531 ex
190 493 420 532 Christianis
448 493 498 531 de
524 493 685 531 veritate
714 493 856 532 Christi
884 495 919 531 &
948 494 1241 543 complemento
1271 493 1580 531 ceremoniarum
1610 493 1794 533 certiores
1815 495 1925 544 facti,
1948 497 2060 535 liber-

114 553 234 584 tatem
264 545 525 584 Christianam
554 546 604 583 ad
632 545 966 597 aedificationem,
995 559 1042 584 ac
1071 559 1151 584 non
1180 546 1488 585 destructionem
1516 549 1834 597 propugnabant.
1862 549 1937 587 His
1954 550 2060 588 cuni-

115 599 210 638 culis
239 599 416 638 Ecclesia
444 598 713 650 Antiochena,
741 600 991 649 Galatarum,
1021 598 1118 637 aliae
1147 600 1437 650 propemodum
1461 601 1716 639 labefactatae
1732 609 1843 652 sunt,
1866 601 1938 640 nisi
1952 604 2060 642 Deus

113 654 399 702 Apostolorum
429 663 521 690 cura
550 652 815 703 ministerioq3
845 652 1139 702 vigilantissimo
1168 653 1444 703 prospexisset.
1473 654 1654 691 Testatur
1668 654 1829 693 historia
1845 668 1956 694 sacra
1969 658 2059 696 Act.

119 717 177 755 15.
207 712 368 744 testatur
395 706 535 743 Paulus
564 705 691 743 Galat.
722 719 757 755 3.
788 707 823 744 δε
852 705 1124 757 sequentibus,
1167 707 1289 756 Vsque
1315 708 1443 757 hodie,
1472 706 1596 756 inquit
1609 706 1898 759 Hieronymus,
1919 709 2058 760 (Epist.

112 759 162 797 ad
198 760 363 808 August.
401 757 510 796 cuius
548 757 802 808 principium,
840 760 938 797 Tres
975 759 1090 796 simul
1133 761 1211 808 ep.)
1238 767 1319 810 per
1353 765 1450 798 tatas
1492 760 1662 798 Orientis
1700 760 1932 811 Synagogas
1959 765 2061 802 inter

113 813 281 850 Iudaeos
308 813 480 849 haeresis
509 817 566 849 est
589 825 687 861 quae
713 813 856 850 dicitur
883 813 1158 857 Μὶηιῑεονῑιηιἢ
1192 813 1242 850 &2
1270 814 1294 849 ὰ
1323 813 1554 850 Pltarisaeis
1583 827 1681 851 manc
1708 828 1824 864 vsque
1839 817 2062 867 damnatur,

112 878 202 916 quos
242 866 358 914 vulgo
400 865 639 902 Nazaraeos
679 869 930 916 7mncupant;
968 867 1036 915 qui
1067 866 1229 903 credunt
1262 867 1302 903 izi
1342 866 1536 904 Christum
1563 868 1696 916 filium
1731 869 1814 906 Dei
1847 875 1977 907 natam
2016 871 2060 907 de

124 919 283 967 Virgine
317 919 483 968 llsaria,
524 919 574 955 ἐφ’
600 931 682 955 eum
712 920 845 956 dicunt
869 931 948 956 esse
975 919 1044 967 qm·
1068 919 1137 955 sub
1165 919 1307 957 Pontio
1335 919 1467 957 Pilato
1486 926 1636 970 passus
1664 926 1721 958 est
1747 922 1796 958 ξφ
1823 925 2060 974 resurrexit,

112 973 152 1009 in
187 984 295 1021 quem
331 972 380 1009 &⁰
414 984 483 1009 nos
520 972 720 1009 credimus,
751 972 831 1010 Sed
854 973 943 1009 dum
971 973 1106 1011 volunt
1131 972 1181 1009 ἐφ’
1207 973 1350 1010 Iudaei
1374 984 1451 1009 esse
1480 973 1529 1009 ἐφ’
1563 973 1798 1024 Christiani,
1827 988 1893 1013 nec
1919 977 2063 1014 ludaei

112 1030 222 1074 sunt,
249 1037 315 1062 nec
348 1024 575 1063 Christiani.
603 1025 695 1063 Non
723 1024 800 1063 alio
828 1038 877 1063 ex
905 1026 1013 1063 fonte
1041 1025 1308 1075 profluxerunt
1337 1025 1548 1075 singulares
1577 1025 1727 1075 aliquot
1752 1028 2065 1078 controuersiae,

113 1089 214 1128 quae
252 1078 393 1116 horum
436 1077 748 1129 importunitate,
789 1077 946 1116 illorum
989 1077 1212 1128 inscientia,
1255 1081 1290 1117 δι
1332 1077 1509 1116 omnium
1538 1078 1800 1128 imprudentia
1827 1081 1995 1130 priscam
2025 1085 2060 1121 δε

115 1131 378 1169 orthodoxam
405 1130 622 1169 Ecclesiam
652 1132 903 1170 exercebant:
934 1131 1155 1170 cuiusmodi
1183 1131 1254 1170 fuit
1282 1131 1347 1170 illa
1376 1132 1424 1170 de
1453 1130 1532 1169 diei
1559 1132 1831 1182 decimiquarti
1847 1135 1896 1172 ad
1912 1136 2060 1174 Pascha

116 1183 409 1235 obseruatione,
438 1197 485 1223 ex
514 1196 591 1233 qua
619 1185 1111 1235 Τεσσαρεςκαιδεκατίται,
1141 1184 1222 1224 siue
1250 1184 1596 1234 Quartadecimani
1622 1184 1735 1237 dicti,
1766 1187 1830 1236 qui
1854 1187 1931 1226 suis
1946 1189 2062 1227 decu-

113 1236 238 1275 manis
266 1237 447 1276 fluctibus
474 1237 614 1288 perdiu
640 1238 859 1276 Ecclesiam
889 1237 1132 1276 diuexarunt.
1176 1240 1265 1277 Hae
1292 1245 1423 1277 autem
1452 1237 1742 1278 dissertationes
1773 1241 1823 1279 de
1851 1241 2060 1292 Legalibus

113 1290 363 1341 ceremoniis,
401 1291 593 1330 exstincto
628 1290 705 1328 iam
742 1290 836 1328 olim
875 1291 1188 1330 ceremoniarum
1224 1304 1296 1330 vsu
1333 1291 1525 1330 extinctae
1564 1299 1663 1330 sunt.
1706 1294 1817 1332 Faxit
1852 1296 1959 1333 Deus
1997 1295 2060 1334 ille

112 1345 242 1393 Pater,
269 1343 363 1382 saxit
390 1344 585 1382 Dominus
613 1346 720 1382 Iesus
750 1344 948 1393 Christus,
977 1344 1124 1394 gratiae
1153 1345 1189 1382 &
1216 1344 1387 1384 veritatis
1411 1345 1512 1383 illius
1528 1346 1709 1396 effector,
1734 1358 1853 1396 quam
1867 1349 1952 1387 Lex
1967 1348 2060 1387 olim

111 1396 450 1447 praesignificabat
480 1397 636 1436 indictis
664 1397 914 1448 ceremoniis,
943 1404 984 1435 vt
1013 1410 1157 1448 corpus
1171 1398 1266 1436 illud
1286 1397 1595 1450 sanctissimum,
1622 1400 1730 1449 quod
1745 1400 1804 1439 his
1819 1402 2061 1452 temporibus

110 1450 267 1489 vltimus
303 1450 469 1489 redemit
504 1462 574 1490 suo
611 1450 820 1500 sanguine,
854 1450 1053 1489 veritatem
1089 1454 1125 1490 δι
1159 1451 1324 1501 gratiam
1362 1451 1479 1502 ipsius
1517 1458 1624 1491 tanta
1660 1454 1738 1492 fide
1775 1456 1898 1504 colat,
1935 1462 1976 1494 vt
2010 1456 2060 1494 de

111 1503 342 1542 ceremoniis
384 1503 576 1542 abstineat
616 1504 826 1555 dimicare,
868 1507 904 1543 δι
941 1505 1117 1544 membra
1152 1505 1298 1544 Christi
1334 1510 1481 1555 suaque
1515 1505 1633 1556 ipsius
1671 1514 1832 1558 propter
1869 1508 2060 1548 humanas

110 1556 273 1595 lacinias
302 1557 338 1594 &
367 1557 692 1608 ὲθελοθρησκείας
723 1557 874 1596 desinat
901 1558 1060 1596 tandem
1090 1558 1361 1598 conscindere.

164 1611 226 1648 De
264 1609 506 1649 iudicialibus
534 1613 627 1649 vero
656 1611 691 1648 δε
720 1611 889 1661 politicis
916 1611 1090 1663 legibus,
1119 1624 1221 1662 quae
1250 1614 1301 1651 ad
1328 1611 1507 1652 homines
1537 1620 1715 1663 spectant
1743 1616 1778 1653 &
1807 1628 2060 1654 communem

111 1663 343 1702 societatem
376 1663 573 1713 ipsorum,
610 1677 691 1702 non
727 1671 785 1703 est
821 1667 944 1714 aeque
983 1672 1094 1704 vetus
1131 1666 1170 1703 in
1207 1667 1384 1706 Ecclesia
1420 1666 1644 1717 disputatio.
1690 1669 1794 1706 Nam
1826 1668 1961 1718 primis
1988 1669 2061 1708 illis

112 1716 314 1756 Ecclesiae
348 1717 492 1756 Christi
527 1718 633 1755 velut
670 1717 937 1765 incunabulis,
973 1720 1236 1769 Imperatores
1274 1721 1310 1758 &
1347 1721 1478 1770 Reges
1516 1720 1675 1759 Ethnici
1711 1721 1874 1760 habenis
1911 1722 2060 1772 reipub.

110 1771 379 1820 praefuerunt,
416 1772 452 1809 &
489 1771 708 1822 Dynastas,
738 1773 961 1822 Eparchos,
989 1785 1037 1810 ac
1067 1773 1318 1823 Magistratus
1351 1773 1503 1812 omneis
1531 1773 1589 1812 sui
1618 1774 1790 1824 generis,
1819 1783 1885 1814 aut
1914 1776 2060 1825 meritis

109 1823 305 1873 ipsorum,
333 1830 399 1862 aut
428 1825 536 1862 fumo
566 1825 602 1861 &
629 1825 774 1875 gratia,
803 1832 870 1863 aut
898 1825 1127 1875 quaestione
1155 1826 1328 1877 legitima
1359 1828 1409 1865 de
1438 1827 1492 1865 eis
1523 1827 1658 1865 habita
1685 1831 1743 1877 (vt
1767 1830 1816 1867 ab
1833 1830 2059 1869 Alexandro

109 1878 256 1915 Seuero
284 1884 415 1915 narrat
443 1876 688 1927 Lampridius
717 1879 879 1930 facturn)
906 1881 1196 1929 praefecerunt,
1225 1895 1296 1931 per
1324 1892 1423 1930 quos
1453 1880 1682 1919 Christianis
1710 1881 1868 1921 minime
1888 1883 1996 1921 licuit
2012 1884 2060 1922 de

109 1930 258 1968 ratione
286 1929 521 1968 iudiciorum
552 1932 862 1970 exercendorum
890 1933 1080 1971 laborare.
1111 1934 1364 1985 Quapropter
1392 1933 1625 1973 sanctissimi
1653 1934 1706 1972 illi
1736 1935 1870 1974 viride
1885 1949 1933 1975 eo
1950 1937 2060 1986 quod

109 1997 156 2021 ex
193 1995 263 2022 vsu
301 1983 501 2022 Ecclesiae
540 1990 642 2022 esset
668 1998 740 2034 pro
769 1985 998 2025 conditione
1029 1986 1110 2024 eius
1138 1987 1311 2037 solliciti,
1339 1988 1391 2026 ad
1418 1987 1690 2037 quaestionem
1719 1989 1821 2027 hanc
1849 1990 1899 2028 de
1925 2002 1995 2028 vsu
2024 1992 2059 2029 δι

109 2037 340 2075 auctoritate
368 2038 498 2087 legum
528 2037 768 2077 iudicialium
796 2039 920 2077 Mosis
948 2039 1124 2078 animum
1151 2053 1232 2079 non
1260 2041 1499 2080 adiecerunt.
1528 2042 1766 2091 Satagebant
1793 2043 1896 2080 enim
1912 2043 2061 2093 sapien-

109 2089 275 2141 tissime,
317 2097 359 2128 vt
399 2102 467 2128 sua
505 2090 628 2141 pietas
657 2093 708 2130 ad
737 2093 870 2131 onmia
899 2092 999 2131 vtilis
1028 2094 1230 2132 Ecclesiae
1259 2102 1382 2133 esset:
1412 2108 1492 2133 non
1521 2095 1572 2133 ad
1602 2094 1850 2144 quaestiones
1877 2108 2058 2146 superua-

109 2156 268 2193 caneas,
311 2143 503 2193 curiosas,
531 2151 597 2182 aut
625 2145 829 2184 communi
858 2147 968 2185 bono
996 2147 1269 2186 aduersaturas
1297 2155 1440 2187 euentu
1468 2159 1539 2186 suo
1569 2155 1720 2187 mentes
1748 2148 1903 2199 piorum
1932 2151 2060 2188 tradu-

109 2204 235 2247 ceret,
280 2204 346 2235 aut
386 2211 456 2247 per
484 2197 785 2248 imprudentiam
814 2199 898 2249 rapi
924 2199 1053 2239 alieno
1082 2202 1186 2239 facto
1216 2209 1424 2251 pateretur.
1455 2202 1491 2240 O
1520 2200 1653 2239 diuina
1681 2204 1842 2251 pect0(f.
1876 2204 2055 2253 1478)ra!

109 2250 133 2288 ὃ
171 2250 324 2288 animos
359 2250 685 2301 sapientissimos!
729 2252 752 2291 ὃ
788 2252 1037 2303 prudentiam
1073 2254 1360 2294 admirabilem!
1392 2255 1416 2294 ὃ
1446 2254 1698 2294 sobrietatem
1727 2255 1909 2307 dignam,
1937 2269 2055 2307 quam

108 2303 232 2341 oculis
260 2305 385 2342 ferant
414 2305 601 2354 quicunq.
629 2305 680 2343 ad
708 2318 807 2356 opus
836 2306 1000 2345 Domini
1025 2307 1156 2345 vocati
1184 2310 1293 2347 sunt!

161 2358 374 2406 Postquam
413 2361 507 2396 vero
544 2364 714 2397 mutatus
749 2366 806 2398 est
843 2366 963 2398 status
996 2360 1111 2411 Reip.
1140 2363 1341 2401 voluntate
1369 2363 1463 2412 Dei,
1493 2364 1529 2400 δε
1557 2361 1767 2400 Christiani
1794 2365 2056 2413 Imperatores

107 2409 203 2455 dati,
234 2409 299 2448 htc
326 2411 471 2449 sensim
499 2412 550 2449 ad
578 2411 776 2451 Ecclesias
804 2413 957 2463 irrepsit
985 2413 1161 2462 quaestio
1189 2415 1239 2453 de
1267 2416 1350 2454 iure
1376 2416 1501 2454 Mosis
1524 2414 1706 2466 politico,
1728 2416 2056 2457 &obseruatione

104 2463 216 2501 illius.
260 2465 352 2512 Quo
390 2471 568 2514 tempore
607 2465 823 2514 sapientiss.
861 2466 916 2504 illi
952 2468 988 2505 ἃ
1022 2469 1236 2507 orthodoxi
1271 2471 1403 2508 Patres
1441 2471 1547 2508 hunc
1584 2470 1722 2507 orbem
1760 2469 1844 2508 sine
1876 2471 2056 2520 grauiore

104 2517 264 2566 strepitu
300 2517 424 2566 (quod
459 2518 581 2566 aiunt)
619 2518 831 2571 circumagi
867 2520 1042 2559 videntes
1071 2528 1273 2571 oportere,
1302 2524 1391 2561 cum
1420 2526 1444 2562 a
1472 2534 1600 2560 rerum
1628 2523 1859 2561 secularium
1890 2524 1950 2562 καὶ
1981 2526 2054 2561 τῶν

104 2573 173 2607 τοῦ
205 2570 296 2618 βίου
326 2579 593 2622 πραγματειῶν
619 2571 679 2623 (vt
707 2575 879 2623 appellat
907 2575 1063 2622 Paulus)
1080 2575 1341 2615 sollicitudine
1354 2577 1644 2624 abstinuerunt,
1667 2582 1749 2614 tum
1766 2575 2056 2627 Magistratibus

106 2622 311 2661 ordinariis
348 2635 457 2661 suam
494 2624 533 2661 in
563 2625 732 2664 dicendo
762 2626 843 2666 iure
871 2627 1080 2677 ferendisq.
1109 2629 1261 2679 legibus
1288 2631 1562 2669 auctoritatem
1589 2629 1774 2667 intactam
1803 2629 2057 2679 reliquerunt.

106 2674 242 2724 Siquid
270 2683 401 2714 autem
430 2684 567 2715 contra
594 2686 741 2717 rectam
769 2680 963 2719 rationem
992 2690 1199 2720 cernerent
1225 2683 1463 2730 institutum,
1492 2695 1612 2734 quam
1641 2682 1680 2720 in
1709 2689 1847 2720 natura
1873 2685 1910 2722 δι
1939 2683 2057 2734 scrip-

107 2735 191 2766 tura
220 2730 326 2768 Deus
356 2729 584 2780 explicauit,
612 2731 652 2770 id
678 2740 744 2771 aut
772 2734 916 2772 sedatis
946 2735 1212 2786 modestisque
1239 2737 1521 2776 monitionibus
1550 2742 1785 2775 curauerunt
1800 2737 1965 2787 corrigi,
1990 2744 2055 2775 aut

109 2781 300 2831 patienter
327 2782 376 2833 (si
403 2784 511 2833 quod
542 2784 650 2827 ἕλκος
679 2786 902 2837 χειρώνειον
930 2794 996 2826 aut
1022 2789 1168 2827 malum
1196 2790 1436 2840 ἀΰιορθωτὸν
1463 2791 1579 2838 esset)
1608 2791 1867 2840 pertulerunt,
1889 2803 1938 2828 ne
1952 2791 2051 2829 forte

1841 2855 2051 2882 commune
