2334 3020
249 95 320 142 176
879 105 1093 132 Tri-Esus
1133 106 1565 134 THEOLOG‘ICAE.

299 213 360 248 28.
414 210 639 247 Secundum
678 211 842 247 alterum
883 217 1014 248 autem
1054 218 1293 263 respectum,
1337 211 1556 252 libertatem
1593 212 1665 250 soli
1698 213 1785 251 Deo
1824 219 2071 264 competere,
2098 227 2171 253 nec

244 262 426 301 creaturis
455 261 527 299 nisi
554 262 665 299 valde
693 262 923 312 improprie,
952 265 987 301 &
1014 264 1164 302 summa
1192 277 1282 303 cum
1310 265 1552 304 restrictione
1579 264 1696 303 tribui
1724 277 1858 314 posse,
1886 273 1994 304 extra
2015 273 2171 306 contro-

244 314 407 353 uersiam
435 320 510 351 est:
539 314 620 363 ipse
648 314 751 352 enim
779 322 837 353 est
864 317 968 354 solus
997 318 1269 367 αὕτεξούσιος,
1300 319 1323 355 a
1351 330 1413 369 se,
1442 318 1481 356 in
1509 331 1568 369 se,
1597 319 1633 356 δι
1661 330 1731 368 per
1745 330 1785 355 se
1800 317 2036 370 liberrimus,
2054 332 2171 358 omne

241 368 298 405 ius
351 369 661 416 potestatemque
704 367 744 404 in
772 368 903 406 omnia
940 371 963 406 a
997 381 1037 406 se
1065 369 1224 406 condita
1251 371 1417 422 habens,
1447 372 1482 408 &
1511 371 1618 409 cuius
1647 372 1828 409 voluntas
1855 372 1879 408 a
1906 371 2012 409 nulla
2040 372 2172 412 extera

244 419 359 458 causa
385 418 547 469 pendet„
575 419 785 470 reginirve,
814 422 882 459 sed
910 421 1042 459 omnia
1070 422 1120 459 ab
1149 421 1226 461 illa.

297 485 357 520 29.
411 473 525 510 Haec
552 471 667 521 igitur
695 473 853 511 libertas
877 473 918 512 in
945 475 1033 512 Deo
1061 475 1343 523 perfectissimo
1372 477 1492 515 modo
1521 477 1707 523 existens,
1735 476 2013 526 perfectissima
2041 484 2119 528 est,
2136 481 2171 516 &t

242 525 504 575 πρωτόῑυποςι,
532 524 621 562 Alia
649 528 742 563 vero
769 526 881 564 huius
909 526 952 578 (f.
985 528 1112 576 1654.)
1140 526 1270 577 imago
1297 531 1465 579 tantum,
1496 532 1531 568 δε
1558 529 1676 567 veluti
1703 531 1901 579 exemplar
1930 533 1987 578 (vt
2014 533 2172 579 vocant)

242 577 633 626 repraesentatiuum,
672 578 762 616 ideo
804 579 988 617 creaturis
1027 579 1329 630 intelligentibus
1365 595 1568 632 concessa,
1605 589 1647 620 vt
1676 581 1740 632 ea,
1769 589 1956 632 tanquam
1985 584 2174 632 particula

245 629 414 679 quadam
441 629 650 668 diuinitatis
678 631 826 682 ornati,
854 632 1068 671 conditoris
1096 633 1155 671 sui
1181 633 1388 684 imaginem
1417 635 1713 684 quodammodo
1742 636 1940 673 referrent.

300 695 363 730 30.
417 684 505 720 Hae
533 690 664 721 autern
692 691 889 724 creaturae
916 685 1037 723 dufim
1064 692 1153 724 sunt
1183 699 1387 736 generum:
1430 687 1543 726 Aliae
1571 687 1674 726 enim
1702 695 1791 726 sunt
1819 688 2113 740 immateriatae,
2135 695 2175 727 vt

247 734 407 785 Angeli:
436 735 532 773 aliae
560 736 805 787 materiatae,
833 745 874 776 vt
901 739 1092 777 homines.
1120 740 1215 777 Illae
1244 747 1421 779 naturam
1447 741 1687 790 superiorem
1703 742 1908 791 duntaxat,
1924 742 1996 779 hae
2017 744 2176 792 &supe-

247 788 411 838 riorem,
433 790 467 826 &
490 788 712 828 inferiorem
735 790 989 841 participant,
1006 793 1041 830 δι
1056 804 1128 841 pro
1143 793 1344 831 communi
1357 794 1555 832 actionum
1570 804 1725 832 suarum
1740 793 1930 844 principio
1944 802 2176 844 agnoscunt.

298 853 361 889 31.
417 841 598 891 Vtrisque
641 850 769 881 autem
810 845 918 883 Deus
959 845 1098 883 indidit
1131 844 1348 885 intellectus
1383 848 1534 898 lucem,
1566 848 1601 884 δι
1629 847 1849 885 facultatem
1879 847 2106 898 voluntatis,
2134 854 2176 885 vt

244 893 477 943 principium
519 895 710 946 singulare
743 896 942 936 actionum
979 909 1135 936 suarum
1162 899 1201 937 in
1228 898 1343 950 ipsis,
1371 911 1451 949 quo
1479 912 1549 950 per
1576 912 1616 938 se
1643 899 1750 949 ipsae
1779 901 1830 938 ad
1857 900 2030 939 actiones
2056 900 2176 939 libere

246 953 514 998 mouerentur,
544 950 579 986 &
607 949 728 987 modo
755 957 863 988 actus
890 950 1110 1000 voluntarij.

301 1012 364 1048 32.
419 1001 540 1039 Porro
578 1002 655 1039 hoc
681 1002 913 1052 principium
939 1003 979 1041 in
1008 1003 1204 1043 creatione
1231 1011 1401 1052 rectum,
1430 1014 1624 1057 sanctum,
1653 1006 1838 1054 nullaque
1865 1005 2175 1044 inordinatorum

245 1052 486 1102 appetituum
523 1055 610 1092 labe
647 1055 977 1105 contaminatum,
1004 1057 1224 1096 intellectus
1252 1059 1335 1108 (qui
1362 1065 1521 1109 propter
1550 1058 1723 1097 innatam
1751 1058 1825 1097 sibi
1851 1059 2021 1097 veritatis
2048 1061 2175 1098 lucem

245 1105 325 1142 talli
365 1118 445 1144 non
473 1108 850 1156 poterat)-iudicium
880 1110 1111 1160 αὐθαὶρὲτος
1139 1113 1396 1163 sequebatur,
1423 1112 1524 1151 adeo
1552 1120 1593 1149 vt
1620 1111 1720 1150 illius
1749 1112 1889 1162 ductu,
1918 1118 2000 1149 tum
2029 1113 2175 1162 angeli,

246 1164 329 1195 tum
368 1159 565 1211 homines,
601 1161 696 1199 fines
733 1163 769 1199 &
807 1162 981 1212 obiecta,
1018 1175 1118 1212 quae
1154 1166 1177 1201 a
1211 1164 1362 1203 ratione
1390 1166 1725 1216 monstrabantur,
1754 1165 1967 1202 secundum
1996 1166 2174 1203 ordinem

245 1218 405 1249 naturae
445 1224 536 1251 suae
573 1221 854 1264 congruentem
882 1215 1140 1266 intelligenter
1167 1218 1332 1267 vellent,
1361 1220 1396 1256 &
1425 1231 1543 1268 opere
1571 1219 1820 1268 perficerent:
1851 1217 1941 1256 licet
1969 1216 2023 1255 illi
2052 1219 2178 1256 excel-

244 1264 399 1302 lentiori
425 1266 567 1316 modo,
598 1270 716 1315 quam
742 1267 802 1318 hi,
832 1274 992 1318 propter
1019 1270 1289 1308 excellentiam
1321 1273 1355 1309 ἃ
1384 1271 1671 1321 simplicitatem
1699 1278 1859 1308 naturae
1886 1283 1990 1309 suae.

300 1329 362 1365 33.
415 1319 461 1355 In
490 1319 649 1357 homine
677 1319 798 1369 enim,
828 1321 945 1359 etiam
973 1328 1062 1359 ante
1091 1324 1264 1374 lapsum,
1293 1335 1420 1373 neque
1448 1325 1664 1362 intellectus
1691 1331 1852 1362 naturae
1872 1325 1968 1361 fines
1982 1329 2176 1362 transcen-

245 1369 377 1407 dendo
404 1383 445 1408 se
472 1371 512 1408 in
539 1373 887 1422 supernaturalium
916 1374 1181 1424 cognitionem
1211 1378 1374 1426 erigere,
1403 1389 1530 1427 neque
1557 1379 1736 1415 voluntas
1765 1377 1830 1414 illa
1857 1376 1940 1426 ipsa
1960 1378 2175 1426 apprehen-

245 1423 338 1460 dere
365 1430 537 1474 poterat,
566 1425 639 1464 nisi
667 1427 946 1476 supernaturali
972 1427 1199 1467 adiumento
1227 1431 1322 1468 fulta
1350 1432 1385 1468 Sc
1413 1437 1637 1469 sustentata.

297 1488 360 1524 34.
416 1477 665 1527 Quapropter
691 1479 782 1517 huic
809 1479 1000 1529 principio
1027 1481 1249 1529 particulari
1275 1489 1456 1533 naturae,
1484 1483 1776 1533 superadditum
1798 1483 1867 1520 fuit
1888 1482 2043 1520 Adamo
2069 1481 2173 1520 aliud

243 1527 435 1578 singulare
477 1531 642 1581 gratiae,
686 1544 766 1581 quo
807 1533 986 1570 voluntas
1021 1533 1101 1572 eius
1142 1534 1400 1586 intellectiua,
1439 1543 1545 1574 mota
1579 1535 1837 1586 singulariter,
1870 1547 1985 1585 supra
2013 1542 2174 1573 naturae

245 1581 408 1619 modum
441 1584 593 1632 agebat.
634 1583 741 1622 Hinc
775 1587 895 1623 verba
920 1585 985 1624 illa
1012 1587 1061 1624 ab
1090 1586 1156 1624 illo
1183 1588 1418 1638 Prophetico
1447 1588 1580 1639 spiritu
1608 1589 1883 1638 pronunciata,
1914 1590 2014 1626 Gen.
2045 1601 2079 1627 2.
2113 1600 2175 1636 23.

244 1635 339 1672 Hac
379 1636 523 1672 demum
560 1638 637 1676 vice
670 1639 778 1676 adest
810 1652 851 1676 os
879 1651 926 1676 ex
953 1640 1098 1676 ossibus
1125 1642 1237 1691 meis,
1267 1642 1316 1679 ἐφ’
1344 1655 1437 1680 caro
1467 1655 1514 1679 esc
1541 1655 1659 1679 carne
1687 1653 1795 1687 mea,·
1822 1640 1914 1678 hinc
1942 1641 2056 1679 etiam
2083 1641 2173 1678 ibid.

249 1699 309 1725 20.
351 1686 549 1737 impositio
589 1690 794 1728 nominum
832 1691 989 1741 singulis
1023 1692 1302 1744 animantibus,
1331 1695 1367 1732 ἅ
1396 1696 1515 1733 multa
1543 1695 1635 1741 alia,
1665 1695 1715 1732 ad
1743 1705 1842 1743 quae
1870 1694 2089 1732 intellectus
2117 1693 2176 1731 sui

246 1740 559 1792 perspicacitate,
587 1744 875 1793 voluntatisque
901 1745 1084 1783 naturalis
1112 1745 1255 1784 viribus
1284 1749 1523 1786 contendere
1550 1758 1750 1796 nunquam
1779 1745 1975 1796 potuisset.

297 1803 360 1842 35.
411 1795 558 1833 Verum
587 1795 658 1833 etsi
685 1795 724 1834 in
752 1796 796 1834 ea
823 1797 1101 1847 sanctimonia,
1129 1799 1163 1835 δι
1186 1799 1404 1849 integritate
1420 1800 1594 1838 omnium
1611 1800 1776 1850 partium
1793 1807 1872 1837 tam
1889 1799 2040 1837 animae
2055 1801 2173 1848 quam

244 1844 419 1894 corporis
447 1847 627 1886 conditus
655 1848 805 1900 fuisset,
832 1850 1051 1899 talibusque
1078 1851 1274 1902 principiis
1301 1855 1324 1890 a
1348 1853 1484 1891 natura
1500 1854 1674 1901 dotatus,
1691 1865 1790 1902 quae
1813 1864 1966 1890 summo
1982 1863 2175 1890 consensu

243 1910 334 1935 cum
376 1900 574 1938 voluntate
613 1901 689 1940 Dei
729 1903 1016 1952 conspirarent:
1053 1903 1143 1952 quia
1179 1912 1309 1943 tamen
1343 1919 1424 1944 non
1452 1907 1505 1944 ita
1532 1906 1763 1944 constitutus
1794 1907 1936 1955 fuerat,
1964 1911 2006 1943 vt
2033 1904 2173 1942 mutari

244 1963 324 1989 non
351 1959 502 2003 posset,
532 1954 723 1993 retinebat
751 1968 904 2005 semper
932 1957 1146 2005 potentiam
1173 1959 1223 1996 ad
1253 1959 1477 2008 oppositum
1492 1959 1593 2008 eiuS,
1610 1959 1719 2008 quod
1733 1959 1890 1997 volebat
1906 1965 1971 1996 aut
1986 1957 2175 2006 faciebat,

243 2004 455 2042 volendum
482 2013 548 2044 aut
575 2007 818 2058 faciendum,
845 2008 897 2046 ita
924 2016 965 2046 vt
991 2016 1150 2048 naturae
1180 2022 1271 2049 suae
1299 2011 1593 2060 rectitudinem,
1623 2013 1672 2048 ξφ
1698 2013 1821 2062 ipsum
1845 2013 2003 2060 gratiae
2028 2012 2175 2048 adinto-

244 2058 346 2094 rium
381 2059 552 2097 deserere
578 2066 731 2111 posset,
766 2063 846 2098 cl‘mz
882 2063 1009 2112 vellet,
1047 2064 1110 2101 vel
1133 2065 1173 2100 in
1200 2077 1242 2101 eo
1260 2071 1516 2115 permanere,
1546 2066 1581 2101 si
1606 2066 1733 2114 vellet,
1763 2071 1804 2102 vt
1832 2065 2030 2113 praeclare
2059 2063 2175 2101 docet

244 2110 501 2161 Augustinus,
529 2114 594 2151 lib.
623 2115 666 2150 de
693 2120 857 2163 corrept.
887 2115 936 2152 ἐφ’
957 2122 1065 2162 grat.
1096 2117 1215 2154 Posse
1243 2117 1385 2155 etenim
1410 2118 1444 2156 ei
1469 2118 1630 2156 dederat
1646 2118 1770 2155 Deus:
1788 2118 1887 2155 velle
1903 2123 2051 2167 autem,
2067 2116 2175 2165 quod

243 2168 393 2212 posset,
422 2165 582 2203 arbitrio
611 2177 681 2204 suo
710 2166 918 2216 reliquerat
945 2167 1123 2206 liberum.

297 2216 360 2263 36.
415 2217 645 2257 Mutabilem
681 2225 810 2257 autem
847 2220 960 2258 fuisse
989 2228 1160 2259 creatum
1189 2221 1357 2271 primum
1384 2222 1604 2273 hominem,
1633 2229 1794 2272 apparet
1821 2223 1947 2272 primo
1977 2234 2024 2260 ex
2053 2222 2174 2260 verbo

244 2267 338 2317 Dei,
381 2269 480 2308 Gen.
521 2284 552 2307 2.
588 2283 644 2319 17.
679 2272 756 2321 quc}
783 2273 840 2310 die
871 2275 1092 2324 comederis,
1121 2276 1310 2313 moriendo
1339 2277 1527 2313 morieris.
1565 2276 1759 2325 secundo,
1789 2288 1836 2313 ex
1865 2282 2027 2321 euentu,
2057 2286 2174 2323 quem

245 2320 460 2369 (miserum)
502 2331 631 2362 secuta
672 2331 730 2363 est
762 2325 902 2363 misera
935 2326 1052 2364 totius
1087 2327 1247 2365 humani
1272 2328 1422 2377 generis
1451 2328 1638 2366 conditio.
1681 2328 1834 2378 Tertio,
1863 2329 2025 2366 ratione.
2067 2328 2174 2364 Deus

245 2372 347 2411 enim
374 2375 463 2411 cum
490 2377 594 2414 solus
621 2377 668 2415 sit
694 2378 732 2415 in
762 2390 820 2428 se,
850 2379 885 2415 &
912 2391 980 2428 per
1008 2393 1048 2418 se
1076 2380 1325 2430 immortalis,
1354 2381 1675 2431 &immutabilis,
1691 2380 1971 2431 immortalem,
1987 2380 2174 2418 &immu-

245 2425 403 2463 tabilem
445 2440 532 2467 eum
573 2431 700 2468 facere
736 2430 776 2468 in
811 2431 896 2480 ipso
932 2445 1013 2470 non
1042 2432 1246 2484 potuisset,
1277 2433 1350 2471 nisi
1377 2442 1663 2483 consequenter
1691 2433 1844 2472 fecisset
1874 2436 2015 2472 Deum.
2060 2432 2174 2470 Solus

244 2484 373 2516 autem
402 2479 576 2520 Christus
604 2483 733 2532 imago
761 2483 835 2521 Dei
863 2484 983 2522 Patris
1012 2485 1220 2524 essentialis
1252 2493 1321 2524 est.

297 2542 358 2579 37.
414 2534 458 2570 In
495 2533 566 2572 ista
605 2539 697 2574 vero
737 2536 1012 2584 mutabilitate,
1056 2539 1221 2576 liberum
1259 2540 1308 2576 ab
1346 2540 1453 2577 omni
1481 2539 1710 2578 necessitate
1739 2539 1921 2577 habuisse
1948 2537 2173 2586 arbitrium,

244 2582 499 2637 demonstrat,
522 2587 689 2637 primum
717 2595 853 2626 natura
881 2589 1034 2629 diuinae
1060 2591 1239 2640 imaginis
1265 2592 1316 2629 ad
1343 2603 1460 2641 quam
1490 2594 1695 2641 formatus,
1732 2593 1828 2630 Gen.
1862 2605 1894 2631 1.
1927 2594 1986 2630 16.
2016 2589 2173 2639 dicitur,

245 2635 307 2672 cui
333 2637 428 2675 nihil
456 2640 578 2690 magis
607 2641 814 2691 competit,
843 2644 961 2691 quam
989 2644 1113 2682 solida
1139 2644 1315 2682 libertas:
1345 2645 1440 2682 nihil
1469 2645 1590 2694 magis
1619 2645 1869 2695 aduersatur,
1898 2647 2015 2693 quam
2044 2654 2174 2680 neces-

244 2687 362 2746 sitatis
389 2690 600 2732 vinculum.
628 2695 731 2731 Tum
757 2697 872 2744 vero,
907 2696 1002 2733 Gen.
1034 2710 1068 2735 2.
1100 2698 1157 2735 16.
1194 2708 1253 2745 17.
1279 2698 1495 2747 propositio
1526 2696 2173 2746 Adamofactadua1·um,arboris

244 2741 424 2780 nimirum
453 2747 569 2796 vitae,
599 2747 648 2784 ἐφ’
676 2747 832 2784 arboris
860 2750 1033 2786 scientiae
1056 2751 1163 2799 boni,
1194 2751 1243 2787 ἐφ’
1272 2752 1381 2800 mali,
1411 2762 1572 2799 quarum
1602 2750 1741 2798 prioris
1772 2761 1883 2788 vsum
1911 2751 2059 2838 tantugi
2083 2759 2173 2837 cgn-

1975 2814 2019 2839 ce
2049 2813 2097 2838 en
2128 2812 2173 2836 o:
