2334 3020
725 98 939 126 THESES
984 95 1417 124 THEOLOGICAE.
1968 93 2040 128 220

91 213 218 250 forma
246 211 367 248 libera
393 217 450 248 est
478 209 648 257 (respicit
679 208 784 246 enim
815 206 937 256 magis
967 206 1112 245 orantis
1141 205 1335 253 animum,
1365 206 1484 253 quam
1500 204 1710 241 verborum
1730 203 1952 248 numerum)
1970 200 2039 238 sed

92 263 305 303 substantia
333 275 423 301 cum
451 262 515 300 illa
544 261 730 300 orationis
760 262 927 299 formula
956 258 1207 298 conueniens.

150 331 207 364 14.
263 318 415 354 Interea
448 315 668 353 Adorantes
697 321 854 363 oportet
882 313 1070 352 adhibere
1096 319 1228 361 gestus
1260 311 1461 348 modestos
1489 310 1524 346 ἃ*
1554 308 1820 358 compositos,
1851 314 2036 355 tanquam

92 371 129 408 in
169 377 383 419 conspectu
427 367 609 406 Domini:
635 381 716 406 non
741 375 873 406 autem
903 366 1081 405 insolitos
1111 367 1145 403 St
1176 363 1488 414 superstitiosos„
1517 363 1630 411 quale
1662 360 1780 399 hodie
1810 361 1931 398 ferme
1960 366 2041 405 est,

93 423 200 473 qued
227 423 406 473 expansis
437 421 603 458 brachiis
635 429 768 467 orant„
798 428 864 458 aut
891 419 1020 458 cilicio
1049 417 1236 459 inuoluti,
1266 417 1389 455 cereis
1417 415 1625 458 abhibitis„
1660 415 1699 452 in
1731 422 1874 452 terrain
1905 425 2040 450 coram

94 475 326 526 imaginibus
356 475 640 525 procumbunt„
671 482 791 512 noctu
821 473 938 511 certis
967 472 1096 515 horis,
1137 479 1245 509 certo
1276 471 1392 517 loco„
1421 477 1549 507 certus
1579 479 1739 517 precum
1770 468 1811 504 fit
1840 477 2043 509 numerus„

95 542 196 579 quae
224 528 357 567 omnia
384 528 649 575 superstitiosa
676 534 763 565 sunt
791 530 826 565 δι
859 526 1051 564 cauenda.
1084 524 1189 563 Hinc
1219 524 1434 573 Apostolus
1467 529 1623 567 monet„
1654 527 1695 558 vt
1725 519 1794 558 viri
1822 526 1958 569 aperto
1981 532 2042 556 ca-

93 582 171 631 pite
199 589 332 627 orent,
363 581 543 618 mulieres
576 584 666 619 vero
698 587 818 618 tecto.
854 594 884 617 1.
917 579 1005 618 Cor.
1044 592 1101 616 11.
1134 579 1265 627 Atque
1295 578 1396 614 hanc
1419 574 1744 625 significationem
1761 572 1908 622 optime
1921 571 2044 609 dictat

95 635 258 685 Spiritus
285 634 366 684 ipse
396 635 581 680 Sanctus,
609 634 675 683 qui
703 633 743 671 in
775 632 846 671 Piis
877 634 1019 671 format
1048 634 1083 670 δι
1117 631 1255 679 verba,
1285 632 1319 668 Sc
1352 636 1498 679 motus,
1533 632 1568 667 δι
1596 635 1726 678 gestus
1755 632 2037 675 competentes.

540 910 623 946 XL.
667 909 752 945 DE
796 907 1029 945 CVLTV
1071 904 1623 945 INVOCATIONIS.

927 1042 1145 1078 THES1s
1188 1042 1219 1078 Ι.

156 1161 323 1200 ORATIO
364 1173 432 1199 seu
466 1160 671 1198 Inuocatio
710 1168 768 1198 est
795 1160 897 1198 actio
925 1172 1036 1197 sacra
1064 1170 1131 1196 seu
1161 1157 1315 1195 diuinus
1343 1159 1488 1203 cultus„
1518 1168 1636 1206 quem
1667 1156 1729 1205 pia
1760 1165 1887 1194 mente
1914 1158 1949 1194 &
1980 1158 2051 1193 fer-

102 1221 220 1252 uente
241 1214 373 1252 animo
403 1213 632 1252 exhibemus
662 1216 750 1252 Deo
779 1214 817 1252 in
847 1212 1005 1251 Christo
1037 1214 1121 1250 [esu
1151 1223 1219 1260 per
1249 1209 1454 1260 Spiritum„
1471 1211 1613 1261 gratias
1629 1217 1788 1258 agentes
1811 1210 1859 1246 de
1881 1209 2054 1258 acceptis

108 1269 258 1317 bene(f.
292 1267 538 1316 1700.)ficiis7
567 1269 601 1305 δι
625 1268 674 1306 de
703 1267 944 1318 accipiendis
973 1266 1249 1315 implorantes,
1279 1264 1329 1301 ad
1353 1265 1518 1314 gloriam
1535 1263 1666 1302 eius&
1684 1270 1861 1300 nostrum
1877 1263 2050 1312 ipsorum

106 1322 271 1359 bonum.

159 1387 194 1412 2.
250 1374 463 1412 Actionem
489 1387 640 1412 sacram
669 1373 934 1423 appellamus,
964 1384 1033 1410 seu
1060 1370 1239 1409 diuinum
1269 1372 1436 1418 cultum„
1466 1371 1555 1420 quia
1585 1370 1733 1419 species
1761 1376 1818 1406 est
1840 1368 1960 1407 diuini
1977 1371 2053 1406 cul-

110 1436 172 1465 tus
190 1456 199 1473 ,
243 1428 278 1465 &
321 1426 483 1475 quidem
512 1427 625 1465 facile
653 1426 870 1477 principem
899 1427 1032 1464 locum
1063 1424 1102 1462 in
1131 1424 1205 1463 isto
1227 1437 1372 1474 genere
1399 1424 1605 1462 obtinens:
1635 1423 1735 1461 adeo
1765 1430 1804 1459 vt
1833 1423 2055 1472 frequenter

103 1482 166 1517 διὰ
205 1482 438 1528 συνεκδοχῆς
467 1487 571 1518 totus
600 1480 755 1519 diuinus
784 1481 910 1517 cultus
930 1478 1091 1517 nomine
1120 1477 1382 1517 inuocationis
1411 1478 1631 1516 denotetur.

159 1545 195 1582 3.
255 1532 388 1571 Posito
419 1541 550 1572 autem
579 1546 722 1584 genere
752 1532 875 1571 diuini
904 1533 1049 1581 cultus7
1077 1532 1194 1570 etiam
1224 1532 1452 1580 defferentia
1481 1531 1699 1569 secundum
1729 1541 1864 1567 causas
1892 1529 2050 1567 adhibe-

106 1595 167 1624 tur
198 1585 248 1623 ad
278 1586 418 1624 iustam
448 1587 717 1626 definitionem
747 1586 859 1625 illius.

157 1652 192 1685 4.
254 1638 382 1678 Causa
410 1639 581 1690 efficiens
611 1648 668 1679 est
696 1640 759 1691 pia
787 1652 897 1678 mens
924 1641 959 1677 &
989 1640 1144 1676 feruens
1173 1637 1346 1688 animus⁷
1378 1637 1418 1676 id
1449 1644 1524 1686 est,
1553 1634 1807 1686 intelligentia
1845 1635 1907 1685 pie
1938 1635 2055 1673 infor-

106 1699 228 1743 mata,
270 1693 306 1729 δε
347 1694 528 1731 voluntas
568 1696 653 1732 zelo
695 1696 868 1732 feruente
912 1699 1114 1731 commota
1142 1692 1192 1729 ad
1220 1690 1364 1730 iustum
1405 1692 1510 1728 hunc
1539 1691 1687 1728 cultum
1727 1688 1906 1739 religiose
1935 1696 2058 1737 atque

107 1743 280 1796 legitime
310 1745 344 1784 ei
374 1746 423 1783 ad
453 1758 570 1796 quem
601 1747 766 1797 pertinet
794 1746 1079 1784 adhibendum.

158 1814 192 1850 5.
250 1801 420 1837 Materia
448 1800 636 1839 orationis
665 1814 712 1838 ex
741 1799 946 1849 speciebus
975 1799 1056 1837 eius
1084 1798 1353 1848 cognoscitur:
1384 1811 1475 1835 nam
1503 1805 1568 1835 aut
1597 1803 1654 1835 est
1692 1797 1904 1847 gratiarum
1933 1795 2058 1840 actio„

104 1854 153 1890 ‹le
195 1853 365 1902 acceptis
395 1853 615 1901 beneficiis„
647 1861 712 1891 aut
739 1852 873 1903 petitio
903 1865 1032 1891 rerum
1061 1852 1111 1889 ad
1139 1852 1305 1902 gloriam
1335 1851 1452 1901 ipsius
1482 1853 1517 1889 &
1546 1852 1696 1889 bonum
1725 1857 1903 1888 nostrum
1940 1848 2053 1898 perti-

103 1907 291 1945 nentium.
322 1906 419 1943 Sunt
449 1905 564 1957 igitur
595 1907 786 1945 beneficia
815 1907 888 1944 Dei
918 1905 1079 1943 materia
1108 1905 1297 1943 orationis
1327 1913 1496 1942 nostrae.

155 1963 192 1998 6.
249 1961 395 1997 Forma
424 1968 481 1997 est
511 1961 613 1999 actio
641 1960 821 2010 religiose
858 1962 893 1998 δι
921 1959 1094 2009 legitime
1122 1958 1299 1997 instituta
1329 1958 1459 2008 specie
1489 1957 1631 2007 ipsius7
1660 1959 1694 1995 δι
1724 1955 2052 2005 ᾖι]ε,δῑεὶῑςιιηι-

105 2013 267 2052 stantiis.

159 2080 194 2116 7.
250 2065 476 2104 Secundum
506 2066 679 2117 speciem
715 2066 896 2116 religiose
926 2068 961 2104 &
989 2064 1159 2114 legitime
1188 2065 1362 2103 instituta
1391 2072 1449 2103 est
1478 2064 1624 2108 oratio,
1655 2075 1756 2112 quae
1777 2065 1800 2100 a
1821 2062 1923 2100 iusto
1953 2061 2054 2112 prin-

103 2120 206 2170 cipio
236 2121 356 2157 fertur
383 2119 435 2156 ad
464 2119 609 2158 iustum
637 2120 839 2158 obiectum
869 2119 1000 2169 ipsius.
1030 2119 1100 2156 Est
1129 2126 1262 2157 autem
1290 2117 1530 2169 principium
1560 2116 1641 2154 eius
1671 2118 1779 2155 Iesus
1795 2115 1972 2154 Christus
1990 2128 2057 2165 per

106 2174 293 2224 Spiritum
321 2172 360 2210 in
389 2173 503 2211 nobis
529 2173 728 2211 habitans:
757 2173 957 2212 obiectum
986 2172 1163 2218 vnicum,
1194 2173 1314 2211 Deus.

161 2230 196 2266 8.
254 2227 368 2264 Finis
406 2227 625 2264 secundum
667 2239 784 2276 quem
830 2226 1008 2275 religiose
1053 2224 1305 2275 legitimeque
1336 2223 1547 2262 instituitur
1578 2223 1703 2261 oratio
1734 2230 1809 2272 est7
1839 2223 1868 2260 si
1898 2233 2058 2260 oramus

107 2282 237 2318 Deum
266 2285 433 2330 propter
460 2279 626 2329 gloriam
657 2279 796 2330 ipsius7
827 2281 862 2318 &
892 2281 1042 2318 bonum
1070 2291 1282 2316 commune
1312 2286 1429 2327 atque
1459 2277 1653 2327 singulare
1682 2283 1874 2314 nostrum.
1905 2278 1964 2313 De
1993 2275 2063 2313 cir-

110 2331 372 2379 cumstantiis7
405 2333 496 2381 quia
524 2346 604 2371 non
635 2340 724 2372 sunt
752 2333 802 2372 de
826 2339 965 2370 natura
994 2332 1070 2381 rei7
1109 2331 1204 2369 alibi
1233 2332 1375 2370 dicturi
1401 2342 1546 2369 sumus.

161 2401 197 2436 9.
254 2388 315 2424 Ac
343 2387 484 2435 species
512 2386 673 2436 quidem
702 2387 792 2424 illae
821 2393 910 2424 sunt
939 2385 1058 2432 duae„
1089 2397 1186 2434 quas
1215 2388 1304 2423 ante
1334 2384 1521 2422 diximus:
1554 2383 1622 2421 sed
1651 2395 1785 2421 earum
1815 2382 1899 2432 vni,
1925 2382 1965 2420 id
1982 2389 2057 2430 est,

105 2439 318 2490 gratiarum
347 2437 494 2477 actioni
523 2440 621 2478 ratio
651 2439 817 2490 simplex
847 2447 903 2477 est
933 2442 967 2477 ἃ
995 2437 1127 2476 vnica:
1160 2438 1360 2488 petitionis
1395 2440 1511 2488 vero,
1541 2449 1613 2486 pro
1655 2435 1819 2474 diuersis
1849 2436 1970 2485 ipsius
1998 2448 2054 2472 ar-

111 2492 326 2543 gumentis,
354 2492 453 2530 ratio
482 2492 636 2532 diuersa
664 2501 733 2531 est.

166 2559 223 2584 10.
279 2547 377 2583 Tres
406 2552 535 2584 autem
563 2547 711 2598 species
739 2549 762 2584 a
790 2547 911 2584 Paulo
941 2551 1194 2583 numerantur
1211 2575 1219 2589 ,
1252 2546 1471 2595 προσευχὴ,
1500 2545 1656 2593 δέησις,
1684 2545 1719 2581 &
1750 2544 2066 2591 ἐντευξις,(μιειε

108 2598 266 2649 proprie
291 2597 452 2648 quidem
482 2599 582 2637 inter
611 2613 652 2638 se
681 2599 887 2638 distinctae
914 2606 1021 2647 sunt,
1051 2599 1119 2636 sed
1148 2599 1311 2648 figurate
1342 2610 1459 2647 saepe
1487 2608 1577 2634 cum
1607 2607 1678 2634 suo
1703 2607 1846 2646 genere
1878 2606 2057 2632 commu-

109 2659 260 2703 tantur,
289 2653 326 2690 &
370 2664 442 2701 pro
472 2665 520 2690 eo
549 2660 796 2703 vsurpantur.

169 2719 227 2743 11.
284 2706 353 2743 Est
383 2705 487 2743 enim
509 2706 667 2756 proprie
697 2707 914 2756 προσευχὴ,
931 2716 1053 2754 quum
1066 2716 1292 2742 successum
1308 2714 1437 2741 rerum
1455 2710 1676 2741 nostrarum
1694 2712 1925 2752 prosperum
1944 2713 2061 2749 exop-

116 2766 242 2797 tamus
270 2761 293 2796 ἐι
322 2757 517 2797 Domino:
547 2761 701 2809 δέησις,
730 2770 852 2808 quum
882 2759 984 2796 mala
999 2757 1219 2807 praesentia
1234 2763 1300 2795 aut
1313 2756 1581 2805 impendentia
1595 2756 1873 2805 deprecamur:
1893 2755 2061 2794 εντευξις

1890 2807 2060 2856 demque
