2334 3020
243 70 283 99 14
892 62 1166 89 FRANCISCI
1206 62 1337 95 JUNII
1380 61 1508 89 VITA.

235 172 425 210 afficiebat
448 171 508 209 ‘rei
535 176 825 220 argumentum.
856 171 890 206 ἅ
919 168 1081 206 dicentis
1110 167 1329 206 auctoritas.
1357 170 1484 218 Atque
1510 170 1606 207 haec
1634 168 1791 218 quidem
1822 169 1952 208 omnia
1966 170 2017 208 ad
2030 171 2155 210 studia

236 225 447 262 litterarum
489 222 740 261 stimulabant
779 221 892 259 valde
925 221 1096 258 animum
1120 232 1271 270 meum.)
1310 221 1463 260 honesti
1491 222 1556 271 otij
1587 223 1622 259 &
1650 221 1933 271 tranquillitatis
1961 230 2155 262 amantem

235 289 355 326 quam
381 277 626 325 proponebat
653 280 773 324 pater.
803 274 880 311 Sed
906 286 969 311 me
998 273 1038 310 in
1064 273 1261 311 diuersum
1290 276 1414 323 paene
1429 275 1648 313 retrahebat
1661 274 1897 313 incredibilis
1912 276 2156 324 quorundam

234 335 530 379 praeceptorum
572 326 728 365 durities
769 327 804 363 &
844 325 1014 364 insolens
1056 325 1280 363 carnificina
1321 327 1504 374 (quorum
1546 327 1769 365 nominibus
1805 331 1940 378 parco)
1967 333 2108 378 meque
2133 331 2156 367 a

235 381 450 421 studiorum
495 381 716 418 deterrebat
763 377 950 416 instituto.
1005 379 1052 416 Id
1093 377 1196 416 enim
1237 391 1424 428 persaepe
1464 392 1543 418 vno
1587 381 1621 417 δι
1663 381 1805 419 eodem
1846 380 1909 419 die
1952 382 2157 431 frangebat

234 434 406 472 animum
454 445 605 482 meum‚
646 432 935 480 litterarumque
976 443 1151 469 amorem
1180 430 1398 482 minuebatg
1439 444 1560 481 quum
1586 444 1716 472 meum
1744 433 1984 472 immerentis
2013 446 2156 485 corpus

234 486 434 525 conscindi
474 486 600 535 flagris
634 484 772 534 septies
800 490 866 521 aut
894 483 1015 522 octies
1042 483 1081 521 in
1110 483 1192 522 dies
1219 483 1409 533 singulos„
1450 485 1638 524 contundi
1664 486 1835 537 baculis,
1877 488 1912 524 &
1940 487 2088 525 nudum
2115 487 2155 526 in

233 547 335 577 terra
387 539 546 577 distrahi
587 536 769 586 Scythico
813 549 939 586 more,
992 536 1226 586 indignarer.
1282 537 1444 585 Quoties
1485 545 1665 577 eoactum
1705 538 1944 578 mendaciter
1980 540 2157 579 confiteri

234 594 398 641 factum,
442 591 548 629 cuius
588 590 682 628 mihi
722 602 770 628 ne
811 588 849 626 in
890 595 1059 628 mentem
1095 589 1253 639 quidem
1290 596 1469 640 venerat,
1496 603 1643 640 poenas
1671 592 1863 641 mendacij
1893 606 1957 631 me
1985 593 2158 643 oportuit

234 646 361 691 luere.
390 644 564 693 dicente,
594 645 628 680 ἃ
656 655 745 681 vere
772 648 854 680 tum
883 641 1036 681 dicente
1067 641 1238 692 Orbilio,
1270 645 1292 680 a
1320 655 1361 680 se
1388 655 1470 681 non
1497 646 1544 681 eo
1573 656 1636 682 me
1663 644 1794 694 caedi7
1822 646 1929 694 qued
1958 646 2155 696 fecissem,

235 699 303 736 sed
344 697 448 745 quod
490 696 668 734 mentitus
709 707 853 746 essemg
895 695 1058 743 Quoties
1086 696 1232 745 figurae
1259 702 1576 744 argumentorum
1603 696 1642 734 in
1669 697 1883 736 Dialectica
1910 698 2156 748 Trapezuntij

234 750 400 799 positae7
443 750 596 786 fuerunt
630 747 853 797 tyrannicae
889 747 988 786 illius
1023 747 1276 798 impotentiae
1304 753 1558 797 [argumentat
1602 749 1641 787 Si
1670 751 1700 786 B
1729 758 1826 798 erat,
1867 750 2066 790 indicabat
2092 764 2155 790 me

232 803 270 840 in
298 815 431 840 mensa
457 803 543 851 plus
573 801 662 840 satis
689 800 853 851 bibisse3
882 799 921 838 in
952 802 1088 839 schola
1116 801 1305 851 batuisse,
1335 800 1375 839 id
1402 809 1458 840 est
1486 813 1576 840 cum
1604 804 1728 841 altero
1758 803 1883 842 sodali
1903 804 2158 854 pugnauisse:

234 855 264 893 si
292 855 342 901 C.
372 867 433 893 me
464 856 654 892 clamores
683 853 928 892 excitauisse:
971 853 1002 892 si
1029 855 1087 904 D,
1117 867 1180 892 me
1206 855 1284 892 hoc
1310 861 1374 892 aut
1401 853 1496 893 illud
1525 854 1682 893 dixisse:
1711 855 1765 894 ita
1790 855 1947 895 insanae
1974 857 2156 896 stultitiae

232 907 398 945 hominis
438 919 583 956 poenas
624 908 716 945 dare
758 907 965 956 oportebat
1005 906 1291 956 simplicitatem
1334 920 1473 946 meam.
1511 909 1723 946 Innumera
1761 908 1801 946 in
1841 910 1947 947 hunc
1988 911 2154 949 modum

232 962 383 998 fuerunt
409 967 651 1007 commenta.
685 959 824 1009 quibus
853 959 934 998 dies
962 961 998 997 δε
1026 967 1162 998 noctes
1190 959 1373 998 miserum
1402 973 1545 1010 corpus
1573 972 1704 999 meum
1731 962 1848 1000 fiebat
1874 963 1988 1001 ludus
2015 964 2051 1000 &2
2079 963 2157 1013 pila

229 1012 396 1062 homini,
439 1025 579 1062 corpus
619 1024 731 1051 suum
766 1012 991 1051 exercitanti
1024 1012 1063 1050 in
1091 1026 1179 1051 meo
1208 1026 1391 1062 corpore,
1422 1014 1458 1051 ἃ
1485 1013 1657 1052 animum
1686 1014 1860 1063 pascenti
1888 1014 2154 1065 indignissime

231 1067 348 1103 malo'
376 1078 478 1104 meo.
518 1067 631 1104 Haec
658 1066 783 1104 fratris
812 1065 888 1103 mei
915 1065 1113 1116 ingenium
1141 1067 1240 1105 adee
1270 1067 1487 1116 fregerunt.
1529 1074 1570 1105 vt
1598 1068 1717 1105 semel
1744 1074 1854 1105 extra
1881 1080 1922 1105 se
1948 1075 2080 1118 raptus
2108 1069 2155 1108 sit

230 1118 458 1168 niiserrime3
481 1126 618 1168 postea
643 1118 683 1156 in
710 1118 933 1157 vniuersum
962 1118 1097 1157 studiis
1126 1118 1420 1158 renunciauerit.
1439 1121 1551 1158 Haec
1567 1120 1707 1158 eadem
1723 1127 1984 1159 transversum
1997 1133 2156 1172 quoque

231 1184 292 1209 me
328 1171 603 1220 abripuissent7
642 1171 714 1210 nisi
752 1179 857 1210 certa
885 1172 960 1210 Dei
988 1172 1201 1210 reuerentia
1229 1171 1457 1211 inhibuisset
1483 1186 1564 1222 me.
1594 1174 1629 1210 δι
1659 1172 1798 1224 patris,
1826 1173 1935 1211 cuius
1961 1174 2156 1213 afficiebat

232 1237 294 1262 me
336 1223 500 1262 maxime
541 1225 761 1264 auctoritas.
801 1225 1012 1263 Eluctabar
1052 1225 1182 1274 itaque
1211 1238 1280 1274 per
1307 1225 1382 1264 Dei
1410 1225 1573 1275 gratiam
1602 1225 1805 1265 durissima
1832 1226 1896 1264 illa
1923 1227 2153 1278 certamina„

231 1283 375 1326 quanta
401 1277 465 1315 vix
493 1277 557 1315 vlli
583 1290 705 1327 puero
735 1277 924 1316 memoria
940 1284 1072 1316 nostra
1100 1278 1332 1317 crediderim
1342 1279 1479 1317 <oblata
1495 1292 1595 1326 esse3
1621 1280 1895 1317 &constanter
1909 1279 2154 1319 dissimulans

232 1331 408 1368 dolorem
430 1341 582 1380 meum,
609 1343 658 1369 ne
687 1331 800 1369 matri
826 1331 985 1380 quidem
1013 1331 1371 1381 indulgentissimae
1391 1339 1457 1370 aut
1484 1331 1768 1371 amantissimae
1795 1331 1920 1370 sorori
1933 1333 2154 1382 aperiebam

231 1384 352 1421 verbo
393 1389 457 1421 aut
497 1382 775 1433 significatione
815 1386 902 1422 vlla.
944 1384 1114 1422 Videant
1152 1391 1349 1435 parentes,
1391 1396 1558 1434 quorum
1599 1384 1690 1424 fidei
1717 1385 1963 1424 committant
1986 1385 2152 1425 liberos:

233 1435 388 1473 videant
427 1442 719 1486 praeceptores,
762 1449 840 1486 quo
883 1437 1032 1485 studio,
1075 1449 1150 1487 qua
1190 1444 1290 1488 arte,
1333 1450 1408 1487 qua
1449 1437 1641 1488 aequitate
1675 1439 1711 1476 &
1739 1438 2008 1477 moderatione
2033 1439 2153 1478 animi

232 1487 469 1526 iuuentutem
499 1489 572 1527 sibi
598 1489 785 1528 creditam
812 1489 1041 1529 informent:
1069 1490 1252 1540 equidem
1280 1503 1481 1540 nunquam
1509 1497 1568 1529 tot
1582 1490 1763 1541 periculis
1779 1490 2046 1530 circumsideri
2060 1504 2152 1542 pue-

231 1540 357 1579 ritiam
378 1547 636 1600 ‘teneramque
663 1549 827 1582 aetatem
855 1543 959 1582 illam
988 1544 1244 1594 pvtauissem,
1272 1543 1345 1582 nisi
1374 1557 1436 1583 me
1453 1544 1740 1594 imprudentem
1753 1551 1870 1594 atque
1883 1543 2152 1584 immerentem

234 1601 491 1633 exercuissent
518 1596 748 1634 saeuissime.

284 1648 416 1696 Agens
442 1647 594 1686 tertium
622 1650 657 1687 &
686 1648 882 1687 decimum
910 1649 1043 1688 aetatis
1071 1660 1238 1700 annum⁷
1266 1663 1329 1688 me
1356 1650 1406 1688 ad
1434 1650 1717 1700 degustandam
1739 1649 1830 1689 iuris
1845 1649 2044 1689 seientiam
2059 1664 2152 1690 con-

232 1699 318 1749 tuli,
360 1711 478 1749 quum
515 1700 809 1740 vindemialibus
836 1703 940 1742 feriis
967 1705 1090 1753 Hugo
1119 1704 1309 1742 Donellus
1337 1703 1534 1742 studiosae
1567 1703 1775 1742 iuventutis
1803 1714 1939 1742 caussa
1967 1717 2014 1742 ex
2040 1705 2150 1743 Insti-

230 1751 441 1791 tutionibus
480 1753 721 1793 Iustinianeis
763 1755 915 1794 titulum
956 1756 1006 1794 de
1033 1755 1250 1794 actionibus
1277 1755 1610 1806 interpretandum
1640 1754 1888 1806 suscepisset:
1918 1767 2035 1806 quem
2061 1765 2151 1797 ante

229 1816 373 1853 paucos
411 1819 533 1844 annos
576 1806 614 1844 in
656 1809 781 1846 lucem
823 1809 955 1847 edidit.
992 1811 1085 1847 Non
1113 1808 1344 1858 displicebat
1371 1808 1562 1860 studium3
1589 1816 1630 1848 vt
1657 1808 1723 1859 qui
1751 1822 1797 1848 ex
1824 1808 1983 1858 priuatis
2008 1811 2152 1850 scholis

232 1857 324 1895 nihil
365 1864 429 1896 aut
456 1871 663 1908 perparum
692 1862 836 1899 fructus
861 1862 910 1900 ad
939 1875 1001 1900 me
1029 1861 1213 1900 sentirem
1241 1862 1466 1914 peruenire3
1495 1863 1546 1900 ad
1573 1861 1672 1901 illius
1700 1868 1830 1901 autem
1858 1862 1972 1911 studij
2001 1863 2150 1902 aditum

233 1922 279 1947 co
320 1910 414 1948 mihi
453 1911 664 1950 faciliorem
708 1922 840 1962 patere
881 1915 1004 1965 viam,
1047 1916 1155 1964 quod
1185 1915 1440 1954 domesticam
1468 1915 1786 1954 exercitationem
1814 1917 1850 1954 δε
1878 1918 2152 1966 προγύμνασμα

233 1963 432 2011 quoddam
471 1977 594 2003 annos
633 1967 796 2015 amplius
837 1968 1006 2017 quinque
1046 1970 1070 2006 a
1109 1975 1218 2017 patre
1257 1968 1296 2006 in
1323 1968 1489 2018 politicis
1515 1968 1820 2018 capitalibusque
1849 1967 1992 2007 caussis
2020 1981 2153 2006 conse-

234 2023 374 2063 quutus
414 2029 547 2055 essem.
589 2020 723 2068 Itaque
764 2019 962 2059 biennium
1003 2022 1124 2059 ferme
1151 2021 1191 2059 in
1219 2034 1266 2060 eo
1293 2021 1421 2060 studio
1449 2021 1706 2072 comsumpsi,
1733 2032 1854 2070 quum
1872 2020 1912 2059 in
1938 2020 2152 2059 Academia

233 2068 420 2106 docerent
445 2070 671 2109 Franciscus
697 2073 920 2124 Duarenus7
949 2076 1069 2123 Hugo
1097 2076 1306 2123 Donellus,
1335 2076 1371 2113 δε
1393 2074 1505 2113 huius
1532 2075 1744 2124 ἐφάμιλλος
1758 2073 1952 2113 Antonius
1969 2073 2151 2125 Concius7

234 2121 458 2160 Ludouicus
484 2124 722 2174 Russardus‚
751 2127 786 2163 δε
814 2126 868 2174 iij
901 2127 1032 2176 magni
1062 2127 1102 2165 in
1130 2139 1199 2165 sua
1225 2127 1465 2177 professione
1492 2126 1576 2166 viri.

250 2225 256 2231 .
288 2175 466 2212 Tandem
494 2177 598 2224 apud
624 2190 686 2215 me
716 2178 878 2228 cogitari
906 2180 1041 2230 coepi,
1071 2183 1190 2229 quam
1218 2182 1339 2219 multa
1365 2182 1493 2219 adhuc
1509 2194 1572 2219 me
1585 2179 1625 2218 in
1638 2179 1852 2218 litterarum
1866 2179 2150 2231 humaniorum,

232 2228 469 2277 linguarum,
510 2230 544 2266 &
568 2228 748 2269 historiae
774 2232 940 2270 maxime
969 2233 1190 2283 cognitione
1220 2234 1449 2272 deficerent:
1478 2245 1573 2284 quas
1599 2245 1661 2271 res
1688 2233 1778 2271 curn
1806 2233 1857 2271 ad
1882 2245 2014 2271 veram
2040 2232 2151 2279 iuris.

235 2285 317 2316 tum
358 2280 408 2317 ad
447 2280 612 2318 aliorum
639 2294 794 2332 quoque
822 2285 1039 2324 studiorum
1067 2285 1360 2336 intelligentiam
1387 2287 1570 2326 videbam
1595 2285 1800 2336 pertinere.
1839 2287 2061 2335 Reputante
2088 2298 2151 2324 me

234 2331 325 2381 ista³
349 2344 441 2370 ecce
468 2345 593 2372 nouus
620 2335 782 2374 nuncius
810 2337 859 2374 ad
884 2344 1034 2387 patrem
1060 2339 1274 2390 Lugduno,
1304 2341 1353 2378 de
1380 2352 1486 2378 noua
1508 2339 1721 2389 Legatione
1746 2341 1769 2376 a
1796 2341 1906 2389 Rege
1933 2338 2151 2377 Constanti-

234 2384 397 2433 nopolin
437 2386 486 2423 ad
526 2388 694 2426 Turcam
734 2391 971 2438 profectura:
1014 2403 1112 2441 opus
1140 2405 1244 2441 esse.
1273 2399 1314 2430 vt
1342 2404 1458 2442 quam
1486 2391 1654 2442 primum
1681 2391 1863 2441 Lugduni
1889 2390 2033 2442 adsim,
2061 2403 2152 2430 cum

234 2438 382 2487 Legato
413 2438 488 2475 mei
516 2447 668 2477 amante
694 2443 948 2490 profecturus.
976 2446 1151 2483 Instabat
1179 2444 1345 2483 maxime
1372 2445 1489 2483 literis
1517 2445 1574 2484 vir
1602 2445 1763 2491 doctus.
1791 2443 1908 2493 patris
1944 2443 2151 2482 necessitu-

235 2489 344 2540 dine,
386 2492 533 2540 Legato
574 2492 829 2533 familiaritate
870 2508 1019 2534 summa
1060 2497 1416 2544 coniunctissimus.
1457 2499 1773 2536 Bartholemaeus
1798 2498 1948 2535 Anulus
1975 2496 2152 2546 quitum

234 2542 337 2580 vrbis
362 2544 593 2601 ‘Gymnasio
633 2553 819 2594 praeerat.
863 2551 965 2587 Tum
1007 2549 1056 2587 de
1099 2545 1432 2600 sententizffpatris
1459 2551 1694 2600 Lugdunum
1722 2556 1832 2602 petog
1874 2549 1994 2588 serius
2021 2557 2151 2588 tamen

236 2596 371 2644 Legati
398 2595 517 2647 iuius,
546 2598 582 2634 δε
608 2598 745 2648 Anuli3
773 2601 808 2637 δε
835 2601 952 2650 patris
968 2602 1255 2651 expectatione:
1285 2602 1361 2641 iam
1382 2616 1523 2652 nempe
1536 2604 1607 2641 iter
1622 2603 1660 2642 in
1675 2602 1824 2642 Italiam
1840 2604 1996 2641 fecerat.
2016 2605 2151 2650 Itaque

236 2648 415 2697 Lugduni
440 2648 576 2688 iubeor
606 2651 829 2703 subsistere,
859 2654 952 2691 dum
980 2668 1020 2692 se
1043 2655 1171 2703 aliqua
1191 2657 1289 2694 iusta
1304 2655 1561 2694 commoditas
1576 2657 1625 2694 ad
1639 2655 1922 2706 profectionem
1937 2656 2085 2694 offerat.
2111 2656 2149 2693 Is

238 2708 367 2738 autem
396 2701 490 2739 mihi
516 2702 613 2741 liber
641 2716 812 2743 secessus
840 2706 911 2744 fuit
934 2707 986 2745 ad
1013 2708 1204 2758 quaedam
1220 2708 1346 2747 studia
1360 2708 1963 2760 opportunissimus,&iucunda
1977 2719 2150 2746 commo-

2034 2760 2152 2812 rati03
