2334 3020
769 104 839 133 DE
878 106 1026 134 VERA
1066 105 1423 134 THEOLooiA.
1689 139 1696 146 ‚
2010 101 2058 143 79

129 216 365 267 Theologia:
402 215 492 265 quia
527 220 593 252 aut
619 214 727 252 Deus
756 213 838 263 ipse
865 220 921 252 est
949 214 998 252 de
1026 225 1104 263 quo
1133 211 1278 262 agitur,
1306 218 1370 250 aut
1400 224 1458 250 res
1486 217 1574 250 sunt
1601 210 1651 249 ad
1680 211 1808 249 Deum
1836 209 2060 261 ordinatae,

127 278 170 309 vt
196 271 248 309 ad
277 267 508 320 principium
537 266 774 316 vniuersale,
802 268 837 305 &
866 268 985 305 finem
1012 266 1195 316 ipsarum.
1241 266 1372 314 Atque
1400 266 1501 303 hanc
1530 264 1653 314 ipsam
1682 275 1839 313 quoque
1867 263 2058 302 rationem

127 322 250 363 sancti
279 321 482 373 Apostoli,
510 326 576 358 aut
602 319 768 369 proximi
796 326 973 370 tempora
999 319 1155 358 illorum
1180 318 1252 355 viri
1278 317 1499 368 Apostolici
1526 317 1564 355 in
1581 323 1716 356 sancto
1730 317 1912 366 symbolo
1927 317 2058 355 obser-

127 382 288 426 uarunt,
329 386 450 424 quum
491 372 709 411 subiectum
749 373 1052 423 principiorum,
1093 371 1132 409 in
1174 370 1314 421 quibus
1355 377 1437 409 tota
1465 370 1624 409 scientia
1652 370 1790 408 virtute
1817 369 2060 418 continetur,

131 434 343 479 posuerunt
383 428 513 464 Deum
554 438 657 477 esse,
695 427 731 464 &
772 425 940 464 articulis
978 426 1028 464 de
1060 426 1170 474 Deo,
1208 431 1314 462 certa
1340 423 1467 474 capita
1495 425 1544 462 de
1572 422 1769 473 Ecclesia,
1798 422 1939 461 diuinis
1966 435 2060 473 erga

130 495 215 520 eam
256 479 455 520 beneficiis
496 478 765 530 subiecerunt3
809 486 850 517 vt
882 478 1071 529 principia
1102 476 1232 527 priore
1260 478 1349 515 loco
1378 476 1523 526 posita,
1551 475 1591 514 id
1620 476 1730 525 quod
1757 475 1974 513 subiectum
2002 481 2060 514 est

128 547 198 584 per
225 546 288 584 se,
316 532 557 582 Theologiae
584 539 738 571 nostrae
766 533 1035 583 ostenderent,
1062 530 1279 581 posteriore
1307 533 1422 581 vero,
1451 541 1550 579 quae
1573 529 1622 567 ad
1643 528 1861 567 subiectum
1876 528 2060 579 singulari

129 588 252 626 modo
280 599 321 624 se
349 585 515 635 habent,
545 586 580 622 δε
608 587 746 624 affecta
774 592 884 637 sunt,
912 591 1145 623 tenerentur.

180 641 334 678 Harum
376 646 505 676 autem
544 649 693 689 rerum,
735 649 834 687 quae
876 638 1031 677 diuinae
1068 637 1329 687 appellantur,
1358 635 1555 686 duplicem
1583 633 1784 684 ordinem,
1813 646 1860 672 ex
1886 633 1931 672 iis
1960 646 2058 683 quae

129 693 250 731 mode
292 691 479 740 diximus7
522 691 706 730 constitui
745 691 917 740 sequitur
959 697 1158 740 oportere:
1193 690 1326 726 Vnum
1361 689 1409 726 de
1438 690 1543 739 Deo,
1571 700 1650 738 quo
1678 700 1751 726 nos
1780 693 1937 736 oportet
1963 687 2061 737 frui,

132 747 306 784 Alterum
335 745 385 782 de
413 745 529 782 rebus
557 744 652 796 Dei,
683 744 823 794 quibus
851 757 924 783 nos
951 750 1108 794 oportet
1135 741 1189 781 vti
1217 741 1431 779 secundum
1459 742 1606 779 Deum:
1635 747 1676 779 vt
1698 739 1937 790 Augustinus
1951 739 2017 778 lib.
2033 751 2059 777 1.

128 798 177 836 de
207 797 384 836 doctrina
415 797 634 835 Christiana
661 797 822 848 copiose
849 797 1070 848 explicauit.
1110 796 1175 833 Ad
1201 796 1333 833 locum
1360 801 1490 832 autem
1519 794 1568 832 de
1594 795 1681 832 Deo
1709 792 1936 842 simpliciter
1962 793 2060 831 haec

128 851 207 889 duo
237 850 448 901 pertinent,
476 850 574 888 ratio
602 857 779 900 naturae,
809 851 844 888 &
871 849 970 888 ratio
998 847 1205 888 voluntatis
1234 847 1328 885 eius.
1356 849 1546 896 Naturae3
1575 847 1656 885 siue
1684 846 1899 884 secundum
1931 858 2060 884 essen-

127 903 221 942 tiam
249 903 289 941 in
316 903 438 942 tribus
470 903 646 953 personis
675 903 973 954 subsistentem,
1001 903 1085 942 siue
1108 901 1322 940 secundum
1337 899 1626 938 distinctionem
1639 910 1895 949 personarum
1910 905 2061 948 spectes

127 956 167 994 in
194 956 340 995 unitate
368 956 564 995 essentiae.
595 956 817 996 Voluntatis
845 963 996 1007 autem3
1025 962 1108 994 tum
1136 954 1217 992 eius
1245 963 1345 1001 quae
1373 951 1552 990 vniuerse
1579 953 1631 991 ad
1657 965 1718 990 res
1746 964 1883 990 omnes
1911 958 2059 990 creatas

126 1011 248 1048 fertur
276 1009 588 1060 quodammodo:
620 1017 703 1048 tum
730 1009 831 1048 illius
859 1021 959 1059 quae
987 1006 1206 1047 communis
1235 1005 1663 1054 est,communiterque
1676 1004 1851 1054 exposita
1864 1004 1904 1042 in
1919 1017 2061 1055 genere

130 1063 331 1101 humano:
369 1069 453 1101 tum
480 1062 649 1112 denique
676 1063 810 1113 huius,
840 1074 940 1111 quae
970 1059 1153 1111 singulari
1179 1058 1329 1097 ratione
1356 1057 1500 1108 gratiae
1527 1058 1566 1096 in
1593 1057 1771 1096 Ecclesia
1795 1056 1914 1106 ipsius
1943 1070 2060 1108 expo-

132 1115 250 1154 nitur.
290 1116 356 1153 Ad
390 1117 553 1154 alterum
580 1119 673 1155 vero
701 1117 834 1154 locum
862 1116 911 1153 de
940 1116 1055 1154 rebus
1083 1114 1134 1152 ad
1160 1113 1290 1150 Deum
1319 1109 1525 1161 ordinatis,
1553 1110 1625 1149 tria
1650 1112 1772 1149 ferme
1799 1109 1993 1160 pertinent
2021 1109 2061 1148 in

135 1168 333 1218 scripturis
372 1168 489 1207 sacris
525 1168 720 1218 exposita:
763 1169 916 1217 Nempe
951 1179 1080 1206 rerum
1108 1172 1263 1215 natura,
1292 1165 1369 1213 qua
1396 1164 1448 1201 ad
1474 1164 1604 1202 Deum
1631 1162 1811 1202 ordinata
1838 1169 1915 1201 est:
1945 1175 2064 1213 opera

131 1222 208 1259 Dei
235 1221 274 1259 in
301 1221 395 1273 illis3
423 1222 460 1258 δι
487 1220 546 1259 ius
574 1221 647 1259 illis
675 1223 698 1259 a
721 1222 809 1260 Deo
824 1220 1074 1271 assignatum.
1096 1220 1284 1257 Naturam
1312 1223 1441 1255 autem
1464 1228 1593 1255 rerum
1607 1215 1811 1266 disciplina
1822 1217 1858 1254 T
1860 1215 2065 1266 heologiae

133 1275 275 1313 Sacrae
303 1273 468 1312 dicimus
497 1273 700 1324 explicari,
728 1286 809 1312 non
838 1274 995 1322 quidem
1024 1270 1251 1322 simpliciter
1278 1272 1355 1320 qua
1382 1275 1471 1308 sunt
1501 1271 1594 1319 (hoc
1623 1269 1727 1308 enim
1743 1269 1968 1319 scrupulose
1981 1282 2062 1307 ves-

131 1327 270 1378 tigare,
310 1328 346 1365 &
383 1339 687 1377 recognoscere,
716 1327 752 1364 &
779 1327 950 1377 tradere,
978 1325 1250 1376 physicorum,
1278 1322 1542 1374 medicorum,
1571 1325 1606 1362 &
1633 1322 1958 1373 philosophorum
1985 1328 2063 1372 est,

129 1393 213 1419 sese
256 1379 296 1418 in
335 1380 620 1430 perscrutandis
653 1382 689 1418 δε
725 1379 1056 1429 recognoscendis
1083 1385 1244 1416 naturae
1271 1375 1456 1426 operibus
1484 1375 1566 1415 sine
1593 1376 1715 1415 modo
1743 1377 1779 1414 &
1805 1375 1882 1412 fine
1910 1374 2063 1413 immer-

130 1432 341 1484 gentium);
379 1433 449 1471 sed
489 1434 640 1471 tantum
682 1433 898 1471 secundum
938 1432 1000 1483 id,
1040 1431 1149 1482 quod
1190 1432 1231 1479 (f.
1274 1433 1403 1478 1404.)
1439 1440 1550 1468 suam
1599 1429 1828 1468 relationem
1874 1431 2063 1477 suumque

130 1492 350 1536 respectum
376 1486 428 1524 ad
456 1487 585 1524 Deum
612 1485 761 1524 habent
787 1485 1017 1525 necessitate
1043 1491 1226 1534 naturae,
1254 1485 1290 1521 &
1317 1484 1424 1521 Deus
1451 1483 1502 1520 ad
1536 1481 1619 1522 illas
1647 1482 1825 1521 libertate
1851 1480 2063 1520 voluntatis

126 1551 229 1577 suae.
266 1538 422 1577 Etenim
449 1551 524 1577 nee
549 1540 793 1589 Angelorum
821 1545 999 1577 naturam
1028 1539 1145 1577 docet
1171 1539 1207 1575 T
1209 1535 1413 1586 heologia,
1436 1542 1479 1574 vt
1506 1536 1653 1574 faciunt
1679 1534 1961 1585 Metaphysici3
1989 1546 2062 1573 nec

128 1591 383 1630 animantium
419 1598 485 1630 aut
520 1603 650 1630 rerum
686 1591 1000 1643 elementarium,
1027 1598 1067 1630 vt
1093 1589 1267 1641 Physici3
1290 1602 1364 1627 nec
1391 1591 1458 1637 τήν
1487 1591 1529 1631 ἒξ
1557 1589 1821 1640 ἀφαιρέσεως,
1847 1594 1889 1625 vt
1917 1588 2068 1626 mathe-

128 1644 278 1683 matici:
316 1645 385 1684 sed
419 1651 599 1683 naturam
626 1645 976 1695 conditionemque
1002 1645 1160 1683 tradunt
1187 1643 1430 1693 singulorum
1459 1653 1560 1691 quae
1597 1643 1648 1679 ad
1683 1643 1786 1680 hanc
1820 1640 2064 1690 disciplinam

124 1697 339 1748 pertinent,
369 1711 441 1748 pro
469 1704 511 1736 vt
537 1699 589 1737 ad
615 1699 746 1737 Deum
774 1700 1009 1750 referuntur,
1037 1702 1185 1746 suaque
1212 1695 1418 1735 affectione
1446 1695 1497 1734 ad
1523 1694 1651 1745 ipsum
1678 1694 1909 1733 ordinantur
1923 1695 2064 1732 solum.

127 1752 188 1789 De
231 1752 414 1801 operibus
456 1762 634 1803 quoque,
676 1751 862 1791 iudicium
898 1752 1022 1791 idem:
1059 1749 1214 1789 Etenim
1239 1762 1359 1799 opera
1382 1747 1457 1787 Dei
1484 1747 1524 1786 in
1549 1749 1666 1787 rebus
1693 1747 1832 1786 creatis
1859 1746 2064 1796 omnibus,

127 1805 375 1854 praelucente
411 1804 652 1855 Theologiae
680 1804 836 1844 diuinae
864 1806 970 1857 face,
999 1804 1052 1843 ita
1077 1805 1352 1852 obseruantur3
1381 1808 1423 1840 vt
1449 1814 1530 1840 non
1558 1815 1605 1840 ea
1632 1800 1856 1851 simpliciter
1882 1799 1921 1838 in
1949 1799 2063 1837 ratio-

127 1869 219 1896 nem
259 1857 417 1897 veniant
452 1864 568 1908 atque
604 1857 801 1910 vniuerse,
841 1870 940 1909 quae
980 1864 1151 1909 praestat
1184 1856 1224 1895 in
1252 1855 1305 1895 eis
1332 1857 1461 1906 Deus,
1490 1855 1560 1893 sed
1587 1854 1861 1894 tantummodo
1890 1865 1937 1891 ea
1963 1864 2064 1902 quae

129 1910 345 1949 secundum
381 1912 484 1949 hanc
521 1910 808 1951 ordinationem
847 1924 965 1962 quam
1009 1911 1130 1950 modo
1167 1908 1443 1960 expressimus,
1472 1915 1539 1946 aut
1565 1909 1674 1947 Deus
1703 1907 1782 1957 agit
1810 1907 1849 1945 in
1877 1905 1970 1956 illis,
1998 1911 2066 1943 aut

131 1962 219 2002 illae
247 1970 367 2014 agunt
394 1964 609 2003 secundum
637 1965 781 2003 Deum.
808 1964 902 2016 Agit
928 1971 1058 2004 autem
1085 1966 1193 2003 Deus
1220 1961 1418 2001 liberrime
1445 1961 1642 2000 liberrima
1668 1963 1870 2000 voluntate
1893 1970 1984 2008 sua,
2000 1964 2066 1996 aut

130 2016 328 2068 vniuerse,
358 2018 448 2055 cum
475 2017 669 2056 ordinarie
698 2019 912 2057 seeundum
940 2025 1139 2068 naturam,
1168 2023 1252 2055 tum
1279 2022 1386 2054 extra
1412 2014 1591 2053 ordinem
1619 2014 1834 2053 secundum
1857 2011 2067 2062 prouiden-

130 2068 224 2108 tiam
251 2069 389 2120 ipsius:
418 2077 484 2109 aut
513 2070 792 2123 communiter,
816 2072 1031 2111 secundum
1054 2069 1304 2110 vocationem
1333 2079 1586 2106 communem
1615 2066 1788 2106 salutaris
1815 2064 1962 2116 gratiae
1985 2077 2067 2103 om-

132 2122 246 2161 nibus
277 2122 492 2174 expositae3
527 2130 592 2162 aut
626 2124 793 2174 denique
821 2123 1081 2176 singulariter,
1110 2123 1326 2163 secundum
1356 2120 1604 2159 vocationem
1632 2120 1866 2171 singularem
1893 2116 2068 2157 salutaris

128 2175 275 2226 gratiae
316 2176 447 2215 electis
487 2176 606 2227 ipsius
646 2177 791 2216 inditae
832 2192 902 2229 per
946 2177 1123 2229 spiritum
1165 2173 1480 2215 sanctificationis
1521 2174 1572 2212 acl
1617 2173 1736 2212 vitam
1771 2179 1981 2211 aeternam.
2032 2171 2067 2208 E

132 2228 287 2268 diuerso
315 2236 445 2268 autem
472 2229 560 2268 illae
588 2238 709 2280 agunt
735 2231 996 2271 ministrantes
1025 2228 1263 2269 ordinationi
1289 2227 1382 2277 Dei,
1410 2234 1475 2265 aut
1501 2226 1698 2278 vniuerse,
1726 2232 1887 2264 naturae
1914 2224 2067 2263 vniuer-

129 2281 218 2321 salis
246 2282 448 2333 instinctu,
477 2284 513 2321 ἃ
541 2284 742 2322 communi
769 2286 856 2336 lege
885 2286 1145 2334 obsequentes
1172 2289 1331 2321 naturae
1359 2281 1395 2318 δε
1421 2279 1692 2330 prouidentiae
1719 2279 1841 2331 illius,
1869 2284 1934 2317 aut
1961 2290 2068 2316 com-

131 2335 298 2375 muniter
338 2336 586 2386 respicientes
627 2337 678 2375 ad
712 2350 964 2377 communem
998 2339 1104 2376 illam
1138 2335 1388 2375 vocationem
1416 2334 1600 2372 omnibus
1627 2332 1842 2383 expositam
1865 2329 2068 2370 communi

130 2389 270 2427 modo:
299 2397 365 2427 aut
391 2389 557 2441 denique
585 2389 848 2442 singulariter,
878 2391 1133 2441 multiplicem
1161 2391 1198 2427 &
1225 2386 1496 2427 admirabilem
1523 2387 1753 2437 sapientiam
1781 2385 1863 2424 eius
1890 2385 1942 2423 ad
1970 2384 2066 2421 salu-

130 2447 209 2479 tem
237 2441 409 2492 ipsarum
436 2442 745 2482 efficacissimam
773 2444 882 2483 omni
909 2446 1061 2484 honore
1090 2445 1126 2482 δε
1154 2441 1364 2491 obsequio,
1392 2447 1434 2479 vt
1460 2453 1532 2490 par
1558 2448 1635 2490 est,
1666 2444 1960 2491 prosequentes

183 2495 261 2533 Sed
303 2495 394 2544 quia
432 2496 559 2534 omnis
593 2497 675 2535 laus
708 2496 858 2536 virtutis
893 2498 933 2536 in
969 2497 1123 2536 actione
1158 2494 1355 2543 consistit,
1396 2500 1438 2532 vt
1472 2493 1602 2532 aiebat
1641 2492 1812 2542 Tullius;
1855 2504 1901 2529 ea
1936 2495 2066 2528 autem

129 2547 290 2586 demum
324 2562 416 2587 vera
450 2550 532 2587 laus
570 2557 646 2601 est,
674 2561 776 2599 quae
802 2563 884 2589 non
911 2551 961 2590 ab
989 2549 1214 2589 hominibus
1242 2547 1386 2586 iudicio
1415 2546 1539 2598 falsis,
1568 2546 1776 2596 studioque
1803 2542 2064 2588 instabilibus3

128 2601 199 2638 sed
238 2602 262 2638 a
298 2602 386 2640 Deo
413 2601 499 2652 ipso
527 2602 802 2652 proficiscitur:
832 2606 1043 2654 Propterea
1071 2600 1380 2642 euidentissimus
1409 2600 1594 2640 materiae
1620 2602 1754 2646 locus,
1782 2597 1821 2636 in
1849 2608 1929 2647 quo
1959 2595 2066 2633 The-

127 2653 259 2704 ologia
297 2655 414 2692 Sacra
442 2656 541 2694 solet
567 2655 760 2707 insistere,
789 2656 820 2696 is
849 2666 927 2709 est,
956 2669 1073 2708 quem
1101 2657 1241 2694 Paulus
1269 2652 1475 2702 aliquoties
1504 2654 1548 2691 τό
1572 2655 1765 2702 δικαίωμα
1788 2654 1857 2689 τοῦ
1881 2652 1977 2688 θεοῦ
1999 2660 2065 2698 ap-

126 2706 286 2756 pellauit
317 2709 432 2749 Rom.
471 2721 505 2747 1.
540 2721 604 2758 32.
641 2710 744 2747 Nam
781 2709 840 2748 ius
869 2718 1019 2749 certum
1048 2717 1106 2748 est
1132 2714 1293 2747 naturae
1321 2709 1345 2745 a
1372 2708 1460 2745 Deo
1489 2707 1736 2756 impositum,
1765 2706 1801 2742 &
1828 2704 1887 2743 ius
1915 2707 2065 2740 certum

126 2759 290 2811 gratiae3
328 2761 436 2810 quod
470 2761 528 2800 ius
566 2763 656 2800 cum
684 2762 885 2813 principiis
913 2771 1074 2802 naturae
1103 2762 1186 2813 hic,
1216 2762 1299 2800 tum
1327 2763 1421 2799 vero
1451 2762 1617 2809 superne
1645 2757 1845 2808 principiis
1872 2754 2018 2844 gratizss
2045 2756 2068 2791 a

2019 2818 2066 2844 eo
