2334 3020
240 80 312 105 110
867 74 1088 101 THESES
1127 73 1557 101 THEOLOGICAE.

233 191 354 233 retur,
383 196 432 220 ne
458 181 592 220 diuino
607 181 863 219 instrumento
878 180 1058 219 homines
1072 180 1391 231 destituerentur
1407 181 1477 219 sed
1492 193 1651 230 omnes,
1667 181 1775 229 quod
1792 180 1951 220 iubebat
1966 183 2161 235 Christus,

232 236 447 295 Scripturas
474 233 636 273 scrutari
661 240 843 284 possent,
870 234 987 272 [σακε.
1019 243 1054 283 5.
1085 246 1147 283 39.
1175 236 1212 272 δι
1240 245 1312 283 pro
1335 234 1526 273 demenso
1542 232 1763 272 donationis
1778 233 1859 273 eius
1874 247 1922 273 ex
1936 248 1982 274 ea
1996 238 2163 275 fructum

234 289 448 341 percipere.

289 355 348 379 20.
403 341 494 378 Hac
532 339 760 377 necessitate
787 339 906 376 Sacra
933 337 1132 388 Scriptura
1159 338 1198 376 in
1227 349 1456 378 communes
1484 339 1636 390 linguas
1663 338 1814 399 prime,
1841 346 1936 391 puta
1964 342 2162 381 Graecam

234 398 269 433 &
304 392 502 431 Latinam:
541 391 684 430 deinde
713 390 829 429 etiam
857 390 896 428 in
925 392 1101 441 vulgares
1129 393 1312 429 translata
1339 397 1397 429 est
1424 392 1475 430 ad
1502 404 1613 431 vsum
1638 391 1951 443 vniuscuiusque.
1994 395 2071 433 Sed
2098 394 2162 432 hic

236 449 314 485 duo
343 458 493 484 errores
521 444 726 494 diligenter
753 443 928 482 notandi.
959 443 1129 490 Primus
1159 445 1268 493 quod
1293 443 1485 493 Pontificij
1514 446 1565 484 ad
1588 444 1766 484 Latinam
1788 447 2163 506 versionem,quam

237 501 433 549 vulgatam
466 505 630 546 vocant,
667 503 831 535 cunctos
862 496 1049 547 adstringi
1075 498 1233 547 volunt,
1264 509 1354 535 curn
1382 497 1459 535 iam
1484 497 1549 536 vix
1577 497 1808 538 centesimus
1836 512 1922 538 eam
1950 499 2161 551 intelligat,

236 556 271 592 &
299 552 537 601 Scripturam
563 549 785 600 vulgaribus
811 549 952 600 linguis
980 552 1003 588 a
1031 549 1231 600 quibusuis
1258 549 1335 599 legi
1358 549 1581 615 prohibent.
1607 552 1707 589 Bell.
1730 553 1793 589 lib.
1813 566 1847 592 2.
1862 560 1947 604 cap.
1961 564 2002 592 11.
2030 555 2161 604 Alter,

235 606 343 655 quod
370 602 663 643 translationem
689 614 797 641 suam
825 614 915 641 cum
943 602 1028 652 ipso
1056 604 1164 641 fonte
1192 605 1418 653 conferunt,
1442 602 1521 642 ime
1545 603 1739 642 interdum
1754 607 1998 663 praeferunt,
2012 607 2162 645 fontem

233 661 465 697 lutulentum
490 658 608 695 fluere
635 663 858 716 arguentes:
887 657 988 694 Bell.
1016 657 1079 695 lzssb
1110 670 1144 694 2.
1173 663 1256 707 cap.
1288 667 1346 706 15.
1375 657 1483 705 quod
1512 658 1630 706 quam
1656 656 1704 694 sit
1730 656 1929 710 iniquum,
1956 672 2006 698 ne
2033 659 2162 698 dicam

234 711 464 759 absurdum,
497 709 686 748 videbunt
712 708 736 758 ij
769 708 836 758 qui
864 708 946 747 sine
974 708 1213 758 praeiudicio
1245 722 1326 747 rem
1355 708 1677 749 animaduertent.

290 764 480 802 Concludo
513 764 635 811 igitur
668 763 922 813 Prophetccos
951 762 1001 799 ἐφ’
1027 763 1263 812 Apostolicos
1291 763 1433 812 libros,
1466 764 1668 801 secuudum
1695 769 1848 802 mentem
1876 765 1959 803 Dei
1973 772 2051 816 per
2079 765 2164 814 Spi-

237 819 353 855 ritum
382 830 421 853 zu
448 817 636 854 ministris
663 817 742 853 eius
769 821 940 864 agentem
967 817 1199 865 conscriptos
1228 817 1277 853 ἐφ’
1303 816 1498 853 Ecclesiae
1525 817 1801 867 sanctificatos,
1825 819 1991 869 vm'cam,
2021 824 2164 856 certam

238 871 286 907 ἐφ’
313 871 416 907 omni
441 870 653 918 exceptione
678 870 861 906 maiorem
888 870 1063 916 regulam
1076 870 1179 918 fidei
1199 875 1355 907 nostrae
1370 870 1581 918 continere,
1596 871 1706 918 idque
1708 870 2011 920 perfectissime:
2040 872 2166 920 Atque

235 924 328 960 adeo
364 923 477 959 solem
512 923 620 959 illum
660 923 897 971 spiritualem
925 934 1005 958 esse
1032 923 1202 959 ommibus
1227 922 1442 960 hominibus
1460 924 1702 971 propositum
1727 925 1776 963 ἐφ’
1805 925 1830 960 ὰ
1858 923 2008 974 Spiritu
2034 929 2166 962 sancto

231 977 270 1013 iu
312 975 491 1012 cordibus
516 976 692 1024 fidelium
729 976 958 1024 cmpos-itum,
1000 975 1229 1023 benignitate
1265 976 1430 1012 coelestis
1467 976 1572 1013 illius
1599 977 1754 1027 Patris,
1783 978 1845 1014 cui
1869 990 1952 1014 cum
1979 978 2087 1015 Filio
2115 977 2165 1014 ἐφ’

234 1028 384 1078 Spiritu
412 1034 543 1067 sancto
570 1029 623 1066 sit
647 1029 734 1066 laus
763 1029 812 1066 ἐφ’
836 1029 973 1077 gloria
1001 1028 1040 1065 in
1069 1033 1277 1067 aeteruum.
1304 1028 1439 1065 Amen.

316 1353 386 1389 III.
441 1352 715 1390 THESES
755 1352 1213 1391 ELENCTICAE
1252 1353 1338 1389 DE
1380 1352 1785 1390 SCRIPTVRA
1827 1352 2072 1390 SACRA.

295 1486 653 1541 Quandoquidem
683 1487 945 1543 Pontificij,
979 1487 1177 1529 videntes
1209 1501 1290 1528 sua
1322 1487 1529 1541 dogmata
1562 1488 1610 1528 iu
1643 1487 1901 1540 Scripturis
1918 1488 2064 1529 sacris
2080 1502 2166 1529 nou

229 1548 351 1589 modo
394 1562 478 1589 uon
510 1548 857 1602 fundamentum
900 1548 1078 1597 habere,
1112 1548 1192 1588 sed
1217 1548 1351 1589 etiam
1377 1548 1442 1589 eis
1474 1551 1626 1601 aperte
1651 1548 1888 1601 salsitatis
1923 1549 2081 1602 argui,
2116 1549 2164 1589 iu

229 1609 306 1649 lioc
336 1609 531 1649 maxime
565 1609 791 1658 laborant,
825 1615 876 1650 vt
906 1621 1058 1649 earum
1090 1609 1378 1650 autoritatem
1402 1610 1446 1650 &
1461 1609 1774 1662 perfectionem
1792 1608 2030 1657 alemanus,
2050 1623 2163 1649 com-

228 1675 372 1709 menta
420 1683 502 1709 sua
549 1670 757 1711 stabilire
789 1670 989 1722 possiut‚·
1034 1683 1219 1722 aequum
1263 1676 1330 1710 est
1372 1669 1506 1710 etiam
1548 1675 1598 1710 vt
1639 1683 1717 1709 nos
1754 1669 1833 1721 qui
1872 1670 1950 1710 sub
1989 1668 2166 1710 Cleristi

229 1728 397 1770 vexillo
436 1729 543 1777 miff.
577 1729 916 1780 1598.)lita77zus‚
954 1730 1017 1770 ad
1044 1729 1328 1771 Anticlcrz'sti
1359 1743 1543 1783 reguum
1576 1729 1878 1778 euerteudum,
1912 1731 1956 1771 ὅ
1991 1728 2165 1771 Clirz'sti

219 1789 498 1845 firmandum
516 1822 525 1839 ‚
565 1790 644 1831 lcoc
678 1790 769 1832 Dei
807 1791 986 1832 verbum
1027 1790 1081 1831 ab
1124 1789 1310 1831 illorum
1351 1790 1579 1832 erroribus
1620 1803 1819 1831 asserere
1846 1791 1890 1831 ὃ
1928 1789 2160 1832 vindicare

229 1850 494 1892 studeamus.

961 1974 1174 2012 THESIs
1216 1985 1413 2012 PRIMA.

280 2103 312 2128 1.
366 2091 431 2127 VT
472 2089 585 2140 igitur
627 2091 678 2129 ad
718 2104 801 2129 rem
841 2091 1096 2140 accedamus,
1140 2090 1179 2129 in
1215 2091 1338 2129 tribus
1373 2090 1578 2141 praecipue
1606 2090 1798 2140 capitibus
1830 2103 1958 2129 errare
1986 2090 2159 2141 grauiter

226 2142 451 2181 Pontificios
479 2143 705 2194 asserimus,
734 2146 765 2182 I.
800 2146 890 2182 cum
918 2145 967 2183 de
999 2145 1037 2183 S.
1068 2144 1288 2194 Scripturae
1315 2143 1570 2195 authoritate,
1602 2145 1742 2182 acum
1758 2144 1807 2182 de
1822 2143 2161 2194 interpretatione,

227 2209 264 2244 3.
292 2197 382 2233 curn
411 2196 459 2234 de
487 2196 659 2235 eiusdem
687 2197 927 2247 perfectione
955 2197 1092 2247 agitur.

282 2261 316 2287 2.
370 2249 435 2287 Ad
475 2249 750 2288 authoritatem
794 2250 875 2288 eius
915 2251 1025 2300 quod
1065 2250 1219 2300 attinet
1261 2263 1347 2288 eam
1383 2251 1513 2300 palam
1546 2251 1800 2301 profitentur,
1829 2250 1961 2299 quoad
1989 2262 2081 2296 nos,
2110 2250 2160 2288 ab

226 2301 427 2340 Ecclesiae
455 2301 725 2340 testificatione
753 2303 923 2352 pendere
950 2303 1155 2353 primario,
1183 2316 1230 2341 ac
1258 2303 1289 2341 si
1318 2304 1371 2341 ob
1399 2302 1520 2341 solius
1543 2303 1742 2341 Ecclesiae
1763 2302 2030 2342 testimonium
2044 2302 2162 2341 nobis

227 2366 298 2404 pro
327 2354 458 2392 diuina
486 2357 521 2392 δε
550 2355 739 2393 canonica
766 2363 865 2394 esset
892 2357 1085 2395 habenda.
1125 2358 1200 2395 Per
1226 2355 1444 2395 Ecclesiam
1471 2362 1601 2394 autem
1628 2355 1789 2407 intelligi
1815 2357 1952 2394 volunt
1979 2368 2059 2394 non
2074 2368 2161 2394 eam

227 2418 326 2456 quae
353 2406 531 2466 proxime
559 2414 691 2446 secuta
719 2415 775 2446 est
802 2415 980 2458 tempora
1008 2411 1314 2475 Apostolorum,
1342 2409 1413 2447 sed
1441 2420 1550 2447 suam
1576 2409 1682 2447 illam
1710 2411 1830 2448 Rom.
1867 2408 2161 2459 Hierarchiam,

227 2471 344 2509 quarn
372 2459 552 2498 Pontifex
580 2472 670 2498 cum
699 2472 770 2499 suo
799 2463 903 2500 clero
935 2462 1157 2501 constituit:
1185 2462 1265 2501 ime
1294 2462 1446 2512 saepius
1474 2463 1600 2500 solum
1630 2462 1881 2510 Pontificem,
1909 2461 1977 2511 qui
2004 2468 2062 2500 est
2088 2462 2162 2499 Ec-

227 2512 369 2551 clesiae
395 2515 512 2551 Rom.
542 2515 648 2551 velut
676 2515 876 2563 quaedam
906 2515 1093 2565 epitome.

278 2579 314 2614 3.
369 2566 524 2604 Omissa
552 2569 646 2604 vere
674 2566 902 2615 quaestione
930 2568 1013 2618 illa,
1042 2581 1091 2606 an
1120 2567 1298 2606 Ecclesia
1325 2570 1444 2606 Rom.
1473 2567 1521 2606 sit
1546 2580 1638 2606 vera
1666 2567 1864 2618 Ecclesia,
1893 2566 2094 2605 statuimus
2122 2567 2162 2605 S.

227 2618 445 2677 Scripturae
459 2619 734 2657 authoritatem
749 2632 830 2657 non
845 2620 1016 2670 pendere
1030 2621 1206 2671 proprie,
1222 2621 1338 2659 etiam
1362 2621 1495 2670 quoad
1511 2634 1604 2671 nos,
1619 2622 1669 2660 ab
1685 2620 1907 2670 Ecclesiae,
1922 2620 2012 2658 licet
2026 2632 2160 2667 verae,

226 2671 468 2710 testimonio:
498 2672 568 2710 sed
595 2674 724 2710 Deum
753 2672 879 2722 ipsum
908 2673 1080 2712 diuinam
1108 2674 1386 2712 authoritatem
1410 2673 1518 2712 omni
1547 2674 1778 2733 exceptione
1807 2673 1996 2711 maiorem
2017 2671 2163 2711 e11nd1

229 2723 351 2770 disse,
381 2736 499 2773 quam
526 2726 655 2774 palam
683 2731 842 2764 testatus
872 2734 927 2764 est
956 2726 1155 2765 Ecclesiae
1184 2738 1297 2777 suae,
1326 2739 1527 2777 sermone,
1557 2727 1694 2777 signis,
1722 2727 1758 2764 &
1785 2725 2026 2764 miraculosis
2041 2724 2165 2774 operi-

2062 2779 2164 2828 bus,
