2334 3020
284 141 359 175 204
896 131 1111 159 THESES
1150 128 1587 158 THEOLOGICAE.

278 259 395 283 vnum
437 256 526 281 cum
569 242 652 292 ipso
695 241 788 289 sint
819 241 853 277 δε
882 239 1014 277 omnia
1041 239 1079 276 in
1108 237 1173 276 illo
1203 237 1445 301 possideant
1474 241 1496 275 a
1524 250 1602 287 quo
1637 252 1668 276 1.
1698 238 1856 287 quidem
1886 238 2124 276 redimimur.
2175 253 2210 278 2.

281 297 542 335 iustificamur.
575 309 610 343 3.
640 270 936 332 sanctificamur
967 306 1002 339 4.
1031 291 1190 329 tandem
1221 293 1312 328 vero
1341 290 1478 328 animis
1506 290 1606 328 intus
1630 292 1911 341 fidepurgatis
1935 304 2103 340 corpore
2121 296 2211 331 vero

279 349 430 400 peccati
462 349 699 397 putrefacto,
728 345 902 396 potentia
930 343 1073 383 Christi
1100 343 1138 381 in
1168 357 1204 381 vi
1208 350 1287 381 tam
1315 342 1419 380 illam
1447 343 1604 381 beatam
1633 344 1891 394 resurgimus,
1916 343 1993 393 qm
2009 344 2129 383 donet
2143 358 2214 384 nos

284 402 474 452 benignus
502 401 565 438 ille
595 402 719 438 Pater.
761 400 902 437 Amen.

409 694 553 730 XXXI.
611 692 698 728 DE
740 690 1159 728 VOCATIONE
1201 689 1552 728 HOMINUM
1595 689 1683 726 AD
1725 690 2076 728 SALUTEM.

1099 826 1315 864 THESIS
1369 826 1402 863 Ι.

329 930 421 967 CvM
464 930 588 975 Deus,
633 935 792 966 naturae
826 927 945 978 ipsius
980 930 1088 978 luce,
1123 929 1304 966 credatur
1338 929 1478 966 author
1506 941 1589 966 esse
1618 929 1653 965 &
1683 927 1916 977 principium
1946 930 2072 966 omnis
2099 929 2213 975 boni„

277 982 501 1031 praesertim
544 983 635 1019 vero
665 980 795 1019 salutis
824 981 923 1019 illius
952 981 1000 1019 sit
1028 989 1208 1019 aeternae
1236 982 1394 1030 author7
1423 993 1523 1030 quae
1552 981 1665 1018 nobis
1695 994 1763 1030 per
1793 980 1991 1019 Christum
2021 989 2130 1030 parta
2158 989 2215 1019 est

277 1040 311 1074 δι
348 1035 385 1072 in
415 1034 535 1072 coelis
564 1041 811 1072 conseruata:
842 1035 1022 1084 profecto
1052 1047 1132 1084 quo
1161 1034 1242 1072 iure
1272 1035 1312 1084 (f.
1348 1036 1476 1083 1679.)
1505 1033 1806 1084 praedestinatio
1835 1041 2062 1072 sanctorum
2092 1034 2127 1071 ei
2156 1034 2215 1072 tri-

279 1088 427 1138 buitur7
457 1088 597 1125 eodem
626 1098 784 1136 quoque
814 1087 895 1125 iure
924 1087 1079 1126 vocatio
1108 1088 1268 1125 ferenda
1295 1095 1352 1126 est
1380 1088 1506 1126 eidem
1536 1093 1717 1138 accepta3
1740 1095 1855 1137 provt
1870 1086 1963 1125 dicit
1979 1089 2215 1136 Apostolus7

280 1142 388 1190 quod
414 1139 715 1190 praedestinauit
743 1154 810 1179 eos
839 1142 874 1178 ἃ
904 1141 1072 1178 vocauit.
1114 1143 1279 1179 Roman.
1311 1143 1348 1179 8.

335 1208 366 1232 2.
424 1195 492 1232 Est
521 1200 650 1231 autem
680 1195 826 1232 vocatio
855 1195 953 1232 haec
981 1193 1084 1232 actio
1113 1193 1283 1243 gratiosa
1311 1194 1385 1232 Dei
1414 1193 1453 1231 in
1483 1193 1640 1232 Christo
1669 1195 1778 1240 Iesu,
1802 1205 1879 1242 qua
1895 1201 2022 1231 certos
2039 1194 2218 1232 homines

278 1261 348 1296 pro
379 1248 483 1284 bona
511 1248 710 1284 voluntate
740 1259 807 1285 sua
835 1254 950 1285 vocat
978 1247 1071 1285 foris
1101 1247 1383 1297 communiter7
1412 1254 1478 1285 aut
1499 1247 1601 1285 intus
1617 1245 1860 1295 singulariter
1874 1247 1924 1284 ad
1939 1246 2218 1284 conscientiam

277 1304 311 1337 ἃ
341 1299 664 1338 communionem
693 1299 915 1350 adoptionis
944 1300 1123 1349 vitaeque
1152 1307 1331 1338 aeternae
1353 1299 1391 1337 in
1412 1300 1530 1338 coelis
1554 1300 1604 1337 ad
1623 1299 1771 1349 gloriae
1793 1312 1884 1338 suae
1901 1299 2216 1338 declarationem.

331 1366 367 1401 3.
429 1355 558 1390 (senus
600 1359 657 1390 est
699 1353 823 1403 actio⁷
865 1366 946 1391 non
974 1353 1133 1403 quidem
1161 1353 1365 1402 naturalis,
1394 1353 1463 1391 sed
1490 1352 1707 1392 voluntaria
1735 1359 1853 1401 atque
1881 1352 2051 1402 gratiosa
2080 1352 2154 1390 Dei
2181 1353 2219 1390 in

280 1406 436 1443 Christo
465 1408 573 1451 Iesu,
604 1413 643 1443 vt
671 1405 708 1443 in
738 1419 817 1455 quo
846 1419 984 1445 omnes
1010 1413 1097 1445 sunt
1124 1405 1294 1444 thesauri
1321 1406 1468 1456 gratiae
1492 1405 1697 1444 reconditi.
1726 1407 1856 1454 Atque
1871 1406 1948 1443 hoc
1964 1413 2079 1455 pacto
2095 1407 2220 1443 exclu-

280 1458 381 1496 ditur
424 1458 578 1496 vocatio
621 1458 869 1509 vniuersalis7
910 1471 987 1508 qua
1029 1459 1245 1497 secundum
1290 1466 1467 1497 naturam
1495 1459 1611 1498 etiam
1640 1459 1678 1496 in
1708 1460 1783 1497 hac
1811 1458 2062 1508 corruptione
2091 1466 2222 1496 nostra

278 1513 400 1549 hoino
445 1519 606 1549 vocatur
648 1512 698 1548 ad
740 1512 1020 1550 conscientiam
1062 1515 1097 1551 δι
1139 1512 1308 1550 studium
1339 1512 1470 1551 salutis
1498 1525 1610 1561 suae⁷
1639 1519 1721 1550 tum
1753 1511 2031 1550 vniuersalibus
2060 1520 2220 1549 naturae

279 1565 525 1602 documentis
554 1567 660 1612 (nam
690 1565 791 1603 coeli
819 1573 999 1603 enarrant
1027 1565 1192 1614 gloriam
1222 1564 1309 1603 Dei.
1338 1567 1447 1603 Psal.
1480 1568 1553 1614 19.)
1583 1572 1664 1602 tum
1695 1564 1953 1614 singularibus
1968 1564 2216 1614 principiis&

281 1617 506 1655 notionibus
535 1617 809 1656 communibus
839 1618 1048 1656 intellectui
1077 1626 1211 1656 nostro
1241 1620 1265 1656 a
1293 1625 1428 1656 natura
1458 1617 1598 1656 inditis.

334 1684 369 1716 4.
428 1671 670 1720 Differentiae
712 1684 780 1720 per
821 1683 977 1710 caussas
1007 1672 1224 1721 exponitur.
1255 1671 1382 1709 Prima
1411 1678 1467 1709 est
1494 1671 1688 1721 afficiens,
1719 1670 1899 1708 nimirum
1928 1670 2048 1719 gratia
2077 1671 2149 1708 Dei
2178 1671 2213 1708 in

279 1723 435 1761 Christo
464 1725 553 1761 Iesu
581 1723 754 1761 vocantis
785 1737 856 1762 nos
885 1726 935 1762 ad
964 1738 1004 1763 se
1034 1738 1105 1774 pro
1130 1726 1235 1762 bona
1251 1726 1451 1762 voluntate
1468 1737 1553 1772 sua,
1577 1735 1866 1772 quoscumque,
1893 1733 1956 1760 aut
1973 1723 2217 1772 prouidentia

279 1777 403 1814 visum
433 1783 489 1814 est
516 1777 566 1814 ad
596 1776 897 1827 conscientiam7
926 1785 991 1815 aut
1019 1777 1372 1827 praedestinatione
1400 1790 1542 1815 vocare
1570 1777 1620 1814 ad
1649 1776 1970 1815 communionem
2000 1778 2216 1814 &fructum

280 1830 379 1867 vitae
409 1836 590 1867 aeternae
619 1829 657 1867 in
686 1830 817 1868 coelis.

332 1893 366 1932 5.
423 1883 623 1932 Secunda
652 1884 864 1921 matermlzs
893 1890 970 1933 est·
1000 1884 1106 1932 quod
1136 1884 1313 1921 homines
1342 1896 1422 1920 non
1453 1882 1653 1920 vniuersos
1682 1884 1716 1920 &
1733 1881 1904 1932 singulos
1921 1884 1993 1920 hac
2009 1883 2217 1920 vocatione

277 1948 359 1972 voc
354 1942 413 1985 it7
455 1942 570 1984 provt
597 1942 756 1973 naturae
785 1936 1030 1974 documentis
1060 1935 1237 1986 quamuis
1266 1943 1494 1986 corruptae
1523 1938 1559 1974 δι
1587 1934 1790 1973 nationum
1818 1935 2218 1985 praeceptionumque

278 1988 564 2037 communium
593 1988 633 2026 id
661 1996 719 2026 est
747 1988 1027 2039 principiorum
1057 1989 1348 2039 ingeneratione
1377 1989 1487 2036 facit„
1517 1989 1586 2027 sed
1614 1995 1765 2026 tantum
1793 1995 1921 2027 certos
1950 2002 2022 2038 ψει
2037 1988 2216 2027 hommes

276 2043 327 2079 ab
368 2047 550 2091 aeterno,
593 2041 769 2091 quamvis
810 2042 924 2081 nobis
952 2055 1033 2080 non
1064 2044 1257 2092 peraeque
1285 2049 1435 2091 certos
1463 2049 1579 2080 vocat
1608 2054 1679 2091 pro
1708 2041 1882 2080 instituto
1913 2041 2215 2092 sapientissimae

276 2093 568 2143 prouidentiae.p
596 2101 661 2132 aut
689 2095 882 2145 gratiosae
910 2095 1275 2145 praedestinationis
1304 2106 1408 2134 suae.

332 2149 366 2184 6.
424 2147 578 2197 Tertia7
610 2147 820 2197 formalis,
866 2148 905 2186 in
934 2148 1122 2186 relatione
1152 2148 1232 2187 siue
1261 2147 1522 2198 applicatione
1551 2147 1742 2197 gratiosae
1771 2147 1936 2186 actionis
1964 2147 2064 2185 illius
2093 2147 2218 2197 posita

280 2207 356 2238 est:
397 2211 473 2248 qua
514 2208 629 2238 vocat
657 2201 835 2240 homines
864 2214 911 2239 ex
939 2201 1086 2239 mundo
1111 2201 1150 2239 in
1180 2202 1334 2239 coelum
1363 2214 1410 2239 ex
1438 2208 1575 2238 natura
1603 2199 1642 2238 in
1670 2202 2002 2249 supernaturalem
2031 2199 2217 2251 gratiam,

277 2252 357 2290 siue
382 2252 474 2291 foris
503 2253 780 2303 communiter³
810 2253 891 2292 siue
919 2253 1020 2292 intus
1048 2253 1291 2304 singulariter
1318 2255 1369 2292 ad
1398 2253 1679 2292 conscientiam
1704 2252 2076 2292 &communionem
2091 2253 2211 2303 adop-

278 2305 393 2343 tionis
421 2305 596 2344 salutaris
624 2306 804 2355 vitaeque
832 2313 1011 2346 aeternae
1038 2307 1077 2345 in
1107 2306 1239 2346 coelis.
1282 2308 1350 2345 Est
1378 2306 1508 2356 itaque
1535 2308 1631 2344 haec
1660 2307 1786 2345 forma
1814 2306 1978 2356 duplex:
2008 2320 2084 2344 vna
2112 2319 2216 2345 com-

279 2358 425 2406 munis,
454 2361 489 2397 δε
517 2358 756 2409 particularis
785 2373 831 2398 ac
860 2360 1060 2411 singularis
1088 2362 1219 2399 altera.

331 2423 365 2459 7.
423 2412 654 2450 Communis
682 2413 838 2451 vocatio
868 2420 946 2463 est,
976 2425 1052 2463 qua
1079 2415 1187 2452 Deus
1216 2423 1426 2451 commune
1454 2412 1612 2450 humani
1640 2412 1791 2462 generis
1819 2419 1935 2451 vocat
1963 2412 2056 2450 foris
2071 2413 2217 2461 verbo7

275 2464 547 2514 sacramentis,
579 2466 614 2503 &
644 2465 845 2503 communi
874 2466 1074 2505 Ecclesiae
1103 2466 1336 2516 piorumque
1367 2466 1635 2503 membrorum
1658 2465 1757 2503 illius
1773 2465 1986 2503 ministerio
2001 2465 2217 2503 secundum

275 2529 526 2556 communem
556 2519 591 2557 &
619 2518 821 2567 publicum
850 2519 1018 2557 vocandi
1048 2520 1230 2569 modum,
1261 2519 1446 2567 iubetque
1475 2518 1651 2556 conuerti
1678 2520 1701 2555 a
1729 2518 1899 2557 tenebris
1927 2518 1977 2556 ad
2005 2519 2153 2567 lucem7
2183 2519 2218 2555 &

276 2572 299 2607 a
338 2570 512 2620 potentia
547 2572 710 2609 Satanae
737 2572 789 2610 ad
824 2584 864 2610 se
893 2574 948 2620 (vt
978 2574 1119 2610 Paulus
1148 2571 1319 2622 loquitur
1347 2575 1430 2609 Act.
1464 2573 1541 2620 26.)
1572 2584 1618 2609 ex
1647 2571 1790 2621 placito
1820 2570 2090 2621 prouidentiae
2115 2582 2218 2609 suae.

329 2625 364 2661 8.
422 2623 631 2673 Singularis
665 2624 822 2662 vocatio
858 2631 933 2675 est7
972 2639 1049 2675 qua
1076 2627 1185 2664 Deus
1212 2635 1423 2663 commune
1452 2625 1665 2663 electorum
1693 2635 1875 2674 suorum,
1905 2627 2118 2673 eorumque
2146 2624 2218 2661 sin-

277 2677 390 2725 gulos
432 2685 546 2714 vocat
588 2677 711 2728 intus,
751 2690 831 2715 non
860 2679 987 2716 solum
1016 2680 1159 2727 verbo,
1188 2677 1458 2727 sacramentis,
1487 2678 1522 2715 δι
1550 2676 1733 2727 singulari
1760 2677 1959 2716 Ecclesiae
1987 2676 2217 2726 pioriimque

280 2730 548 2767 membrorum
585 2729 685 2768 illius
713 2729 945 2780 ministerio,
975 2744 1110 2769 verum
1140 2734 1173 2770 δι
1203 2730 1472 2770 testificatione
1501 2730 1668 2779 interna7
1698 2731 1733 2768 &
1761 2730 2027 2779 alloquutione
2055 2728 2216 2779 Spiritus

281 2781 606 2820 Sanctificationis
649 2782 686 2820 in
731 2783 926 2822 mentibus
968 2783 1163 2833 ipsorum7
1206 2784 1400 2833 docetque
1442 2785 1477 2822 δι
1515 2784 1581 2821 dat
1617 2783 1671 2821 eis
1708 2783 1884 2821 conuerti
1918 2785 1940 2820 a
1968 2782 2137 2820 tenebris
2165 2783 2214 2819 ad

2068 2835 2214 2884 lucem,
