2334 3020
761 122 830 149 DE
871 122 1020 149 VERA
1061 121 1415 150 TnE0L0G1A.
2001 113 2050 160 89

121 239 250 266 sermo
289 239 371 266 non
411 226 483 266 nisi
524 226 769 276 spiritualiter
804 228 931 266 editur
963 228 1014 266 ab
1049 241 1096 267 eo
1126 228 1191 277 qui
1219 240 1439 266 sermonem
1467 228 1606 275 habet,
1634 228 1669 265 &
1698 230 1747 268 ab
1775 241 1823 268 eo
1851 229 1918 278 qui
1946 227 2053 266 audit

120 279 330 330 percipitur
358 279 622 339 spiritualiter:
666 280 890 331 Corporalis
917 283 1031 333 vero,
1059 281 1237 331 quamuis
1264 294 1287 318 a
1315 280 1467 331 spirim,
1497 288 1536 320 vt
1563 292 1634 320 suo
1663 282 1867 332 principali
1894 288 2053 332 agente,

122 334 336 383 profluens,
378 345 458 371 non
498 332 571 370 nisi
611 334 866 382 corporaliter
901 335 1064 373 habetur
1105 335 1140 372 &
1182 334 1542 384 comprehenditur3
1580 340 1621 372 vt
1656 347 1728 383 per
1754 335 2051 374 instrumentum

120 385 315 435 corporis,
342 398 389 423 ac
415 386 520 424 velut
547 385 855 436 infundibulum
887 386 925 424 in
959 399 1132 426 secessus
1148 389 1183 426 δι
1204 387 1417 437 penetralia
1431 387 1585 436 spiritus
1599 387 1808 426 deriuetur.
1836 390 2053 437 Vtrumque

120 439 226 476 hunc
267 439 429 477 modum
465 438 705 477 sanctissime
741 440 949 489 occupauit
983 441 1112 490 Deus,
1141 442 1231 478 cum
1259 442 1471 478 coelestem
1500 442 1603 478 hanc
1630 440 1858 490 sapientiam
1887 443 2052 490 superne

120 490 246 528 visum
273 498 331 529 est
357 490 397 528 in
426 501 547 540 genus
575 492 788 530 humanum
818 493 1042 532 defundere.
1071 494 1173 531 Nam
1201 493 1448 531 multifariam
1477 500 1592 543 atque
1613 495 1809 532 multoties
1831 495 2054 543 alloquutus

121 549 179 581 est
220 545 353 582 Patres
394 556 463 593 per
504 543 709 595 Spiritum,
750 558 818 595 per
855 551 1026 596 spectra,
1055 559 1125 596 per
1164 545 1418 584 instrumenta
1459 546 1533 584 alia
1560 548 1678 595 quam
1705 546 1891 597 plurima,
1920 547 1956 583 δε
1984 558 2054 596 per

120 597 333 645 prophetas
360 608 468 634 suos:
507 596 661 635 Deinde
690 600 783 636 vero
811 597 870 636 his
898 600 1140 649 temporibus
1168 611 1238 649 per
1266 599 1404 637 Filium
1434 610 1546 637 suum
1575 599 1750 637 exhibuit
1777 600 1812 637 δε
1840 598 2055 637 communi-

122 649 227 686 cauit
267 648 546 698 plenitudinem
588 649 688 689 illius
728 650 957 703 sapientiae,
1000 663 1100 701 quae
1142 652 1396 701 postmodum
1438 652 1515 691 fide
1552 652 1765 691 certissima
1792 651 2054 691 monumentis

120 700 316 739 literarum
354 715 422 751 per
463 703 680 751 Apostolos
723 704 758 741 &
800 704 1068 755 Euangelistas
1109 704 1180 743 fuit
1219 704 1460 756 consignata
1502 706 1579 744 Sed
1616 705 1665 744 de
1693 704 1752 744 his
1779 716 1850 744 suo
1878 711 2055 754 tempore

125 753 268 792 dicturi
296 765 449 806 sumus,
478 754 634 794 iuuante
663 756 850 796 Domino.

896 1047 1126 1086 CAPVT
1162 1049 1283 1086 XVI.

762 1167 827 1203 De
854 1167 951 1204 Fine
984 1166 1216 1215 Theologiae
1243 1172 1411 1205 nostrae.

731 1230 943 1256 way

179 1283 408 1321 HACTENVS
445 1283 494 1322 de
522 1282 765 1333 Theologiae
793 1289 949 1321 nostrae
976 1283 1157 1334 materia,
1185 1285 1330 1334 forma,
1359 1284 1395 1321 δι
1422 1284 1613 1323 efficiente
1641 1296 1777 1324 caussa
1805 1286 2058 1338 protulimus,

124 1345 223 1383 quae
266 1335 316 1373 ad
352 1335 568 1374 institutum
601 1343 777 1374 nostrum
809 1335 990 1374 videntur
1026 1335 1234 1386 pertinere.
1275 1338 1337 1375 De
1372 1338 1450 1376 fine
1487 1344 1617 1376 autem
1645 1342 1852 1388 propterea
1879 1341 2056 1378 consulto

83 1391 85 1393 ’
124 1387 163 1425 in
197 1388 302 1426 hunc
333 1390 467 1427 locum
503 1387 772 1438 quaestionem
805 1388 1028 1439 reiecimus,
1056 1390 1166 1439 quod
1194 1390 1558 1429 commodissimum
1588 1392 1662 1429 hac
1689 1392 1752 1430 via
1779 1392 1981 1430 transitum
2009 1393 2060 1431 ad

125 1442 287 1479 alterum
317 1442 558 1492 Theologiae
595 1442 778 1492 modum,
806 1453 905 1492 quae
932 1444 1147 1481 secundum
1175 1442 1271 1493 quid
1299 1445 1518 1493 appellatur
1544 1445 1683 1495 vulgo,
1713 1446 1796 1483 fore
1823 1445 2058 1496 putauimus.

124 1495 225 1532 Nam
253 1506 342 1532 cum
369 1505 503 1533 earum
529 1506 679 1546 rerum,
707 1506 806 1544 quae
833 1496 884 1534 ad
915 1502 1065 1534 certum
1092 1496 1210 1534 finem
1238 1496 1440 1535 ordinatae
1467 1504 1576 1548 sunt,
1601 1504 1737 1536 natura
1763 1511 1808 1537 ea
1829 1498 1897 1548 sit,
1921 1505 1962 1537 vt
1977 1510 2057 1549 quo

125 1546 313 1585 maiorem
341 1559 432 1586 cum
458 1549 535 1586 fine
562 1548 860 1599 proportionem
887 1549 1033 1587 habent
1062 1550 1098 1587 &
1125 1548 1369 1600 analogiam
1397 1563 1446 1589 eo
1473 1550 1621 1589 maiore
1649 1551 1790 1590 virtute
1814 1553 1849 1590 δε
1872 1528 2059 1601 dignitate

125 1599 221 1658 sint,
248 1601 425 1650 profecte
454 1602 714 1652 Theologiam
742 1602 844 1640 hanc
871 1608 1044 1640 nostram
1071 1603 1250 1641 absolute
1277 1602 1424 1641 dictam
1451 1603 1558 1642 omni
1579 1604 1791 1654 sapientiae
1806 1611 1924 1654 atque
1938 1604 2059 1643 scien-

125 1652 200 1691 tiae
243 1660 527 1704 anteponamus
567 1667 727 1693 necesse
768 1661 844 1706 est,
879 1655 969 1704 quia
1006 1655 1198 1693 beneficio
1236 1655 1391 1694 diuinae
1418 1656 1564 1706 gratiae
1591 1656 1915 1707 perfectissimam
1943 1659 2062 1696 habet

127 1717 217 1744 cum
254 1707 330 1745 fine
367 1718 438 1745 suo
472 1707 808 1759 conuenientiam,
837 1713 1040 1758 totamque
1067 1707 1311 1758 disciplinam
1340 1721 1450 1748 suam
1478 1710 1531 1748 ad
1556 1711 1675 1748 finem
1703 1710 1880 1748 diuinum
1908 1710 2062 1748 ordinat

126 1759 416 1809 perfectissime.
457 1762 549 1799 Non
590 1761 643 1799 ita
683 1760 863 1810 quidem
904 1768 945 1800 vt
986 1767 1110 1799 totam
1147 1761 1428 1811 perfectionem
1465 1762 1638 1801 diuinam
1666 1763 1821 1802 diuinae
1849 1763 2061 1814 sapientiae

126 1812 342 1851 secundum
371 1814 535 1852 modum
563 1813 910 1864 conditionemque
936 1813 1056 1864 ipsius
1083 1814 1268 1864 explicet,
1297 1817 1366 1854 sed
1382 1815 1512 1866 potius
1527 1823 1859 1875 contemperatam
1875 1817 2063 1866 quodam-

126 1866 247 1904 modo
285 1866 477 1905 rationem
505 1878 596 1905 cum
622 1867 730 1905 tenui
757 1867 984 1906 conditione
1014 1874 1148 1906 nostra
1177 1875 1349 1918 exponat
1376 1869 1592 1907 secundum
1620 1869 1844 1920 veritatem,
1873 1876 2062 1919 quantum

126 1918 208 1956 eius
251 1918 421 1958 veritatis
465 1919 754 1971 sapientiaeque
788 1919 902 1959 nobis
938 1920 1002 1959 hic
1038 1920 1194 1971 expedit
1221 1921 1384 1960 reuelari
1412 1922 1463 1960 ad
1490 1921 1654 1972 gloriam
1682 1922 1758 1961 Dei
1785 1924 1821 1961 &
1848 1923 2062 1960 electorum

125 1972 297 2022 bonurn,
327 1979 443 2022 prout
469 1973 597 2023 capite
633 1987 691 2013 12.
720 1975 809 2012 ante
837 1973 1053 2012 statuimus.
1095 1975 1156 2012 De
1184 1974 1280 2012 Fine
1307 1974 1423 2026 igitur
1450 1986 1551 2024 quae
1579 1982 1668 2014 sunt
1695 1986 1794 2025 opus
1816 1975 1948 2025 paucis
1970 1988 2063 2013 con-

125 2025 350 2076 cludemus,
380 2027 422 2074 (f.
456 2029 584 2075 1413.)
613 2026 806 2076 certisque
833 2026 1060 2078 axiomatis,
1089 2034 1130 2065 vt
1157 2028 1316 2066 tandem
1343 2027 1531 2067 faciamus
1560 2029 1676 2066 finem
1704 2028 1795 2066 huic
1819 2035 2062 2079 argumento.

124 2078 296 2116 Primum
335 2079 490 2117 axioma
517 2086 573 2118 est
600 2079 841 2131 huiusmodi,
877 2081 1284 2120 ThesXXX1.Fi‘ms
1311 2082 1452 2130 duplex
1482 2087 1539 2119 est
1570 2082 1610 2118 Τ
1603 2083 1817 2131 lceologcae
1848 2095 1937 2119 nam
1965 2095 2062 2120 vnus

89 2174 98 2185 ·
124 2137 292 2169 remotus
319 2137 376 2169 est
400 2134 462 2171 vel
483 2145 677 2180 summus;
704 2135 817 2171 Alter
844 2146 912 2172 ver
913 2135 934 2170 ἰ)
953 2135 1200 2185 propinquus
1229 2135 1279 2171 ξφ
1305 2135 1557 2172 secundarius
1585 2135 1633 2172 ab
1650 2147 1712 2185 eo,
1733 2147 1778 2173 ac
1792 2135 2065 2172 subordmatus

125 2185 182 2233 (vt
205 2186 433 2236 loquuntur)
463 2199 508 2224 ει.
545 2188 665 2225 Hunc
693 2186 873 2224 ordinem
900 2186 1036 2225 finium
1064 2186 1427 2236 distinguendorum
1456 2194 1594 2225 natura
1623 2187 1741 2226 docet
1764 2186 2066 2226 euidentissime.

127 2238 229 2275 Nam
255 2238 295 2275 in
321 2239 437 2277 rebus
465 2239 646 2278 omnibus
673 2238 969 2289 actionibusque
997 2246 1076 2278 tam
1103 2246 1284 2290 naturae,
1312 2252 1430 2289 quam
1443 2240 1665 2290 voluntatis,
1680 2240 1722 2279 id
1735 2253 1889 2291 semper
1903 2240 2066 2292 obtinet,

126 2297 166 2328 vt
191 2291 242 2329 ad
269 2291 394 2330 finem
413 2291 582 2342 aliquem
611 2293 895 2331 contendatur:
924 2305 1042 2343 quem
1069 2299 1206 2331 natura
1233 2303 1353 2331 vnum
1377 2299 1602 2331 constanter
1615 2294 1802 2353 proponit
1815 2293 1902 2344 slb1,
1915 2294 2066 2331 Volun

125 2349 184 2381 tas
213 2343 317 2394 eligit
345 2344 593 2385 mutabiliter.
625 2347 686 2384 Ac
714 2357 847 2384 earum
875 2346 1034 2396 quidem
1063 2357 1193 2384 rerum
1221 2357 1321 2395 quae
1348 2354 1516 2396 aguntur
1541 2353 1702 2385 naturae
1729 2346 1913 2385 instinctu
1939 2347 2066 2384 solum

127 2395 209 2435 sine
242 2398 452 2437 voluntatis
485 2405 617 2448 motu,
651 2399 748 2438 ratio
777 2405 835 2438 est
862 2399 1054 2438 eiusmodi
1079 2406 1121 2437 vt
1147 2399 1252 2449 ipsae
1280 2401 1303 2437 a
1329 2400 1423 2449 fine,
1453 2411 1570 2449 quem
1598 2407 1736 2439 natura
1762 2399 1944 2451 instituit,
1971 2411 2066 2437 nun-

126 2461 245 2499 quam
278 2451 458 2490 aberrent
485 2458 550 2490 aut
577 2452 846 2490 abalienentur
872 2465 943 2502 per
969 2466 1032 2492 se.
1072 2464 1173 2501 quae
1200 2459 1329 2490 autern
1356 2457 1508 2502 praeter
1535 2452 1762 2492 instinctum
1788 2460 1948 2491 naturae
1976 2464 2066 2490 suae

127 2509 294 2552 aguntur
319 2504 513 2554 appetitus
541 2507 576 2543 δε
604 2504 813 2544 voluntatis
842 2512 972 2555 motu,
1003 2518 1071 2543 eae
1098 2505 1148 2543 ad
1171 2507 1267 2543 fines
1282 2506 1504 2555 complures
1518 2518 1590 2556 pro
1606 2506 1756 2545 ratione
1770 2505 2066 2557 principiorum,

126 2555 268 2604 quibus
295 2564 482 2608 aguntur,
510 2559 637 2596 solent
666 2558 917 2597 contendere
946 2560 1005 2597 Ita
1032 2559 1096 2607 fit,
1125 2565 1166 2596 vt
1194 2572 1241 2597 ex
1269 2565 1409 2596 natura
1434 2559 1554 2597 finem
1582 2561 1824 2598 naturalem·
1854 2572 1902 2597 ex
1930 2559 2066 2596 volun-

124 2614 202 2647 tate
229 2612 323 2648 vere
351 2609 525 2661 singulae
548 2611 833 2662 voluntarium,
848 2611 930 2651 siue
952 2613 1188 2662 consultum,
1203 2623 1285 2650 srue
1299 2612 1564 2650 inconsultum
1579 2619 1888 2664 persequantur,
1904 2611 2068 2649 Consul-

125 2667 208 2699 tum
235 2661 335 2701 iusta
362 2663 610 2702 ordinatione
638 2665 911 2704 consentientis
938 2671 1097 2703 naturae
1121 2671 1237 2714 atque
1259 2664 1492 2704 voluntatis·
1524 2667 1794 2704 Inconsultum
1809 2667 1915 2716 vero,
1930 2663 2070 2702 iniusta

127 2716 422 2764 perturbatione
446 2715 663 2756 accidente.

179 2768 259 2806 Hic
300 2776 453 2821 autem,
496 2769 587 2818 quia
628 2771 679 2809 de
720 2771 796 2809 fine
840 2770 1083 2821 Theologiae
1120 2777 1277 2810 nostrae
1304 2770 1401 2810 citra
1428 2771 1620 2811 rationem
1647 2771 1811 2811 subiecti
1838 2769 2070 2862 instiguimus

1060 2836 1105 2860 12
1949 2835 2070 2874 rcere,
