2334 3020
2071 66 2091 104 7
2114 98 2118 102 ,

173 186 414 226 Doctrinam
455 189 693 236 acceperunt.
754 185 1046 235 Conspicz'untur
1085 185 1195 221 etiam
1232 181 1291 220 lu’c
1337 181 1547 230 Coniugum
1586 181 1720 232 officia
1733 210 1743 228 ‚
1775 181 1898 218 Amor
1912 210 1922 230 ,
1961 181 2097 225 Fides,

174 248 344 286 Societas
357 276 368 298 ,
403 248 453 284 &⁶
486 247 640 285 similia.
683 245 908 294 Haurient‚
940 249 984 282 ut
1000 245 1141 295 paucis
1171 243 1315 288 dicam,
1351 242 1437 280 lcinc
1467 254 1591 280 omnes
1621 242 1792 291 exempla
1821 241 1894 278 sibi
1918 242 2102 278 virtutum

173 310 454 355 maximarum,
503 306 666 343 Pietatis
681 334 692 354 ,
739 305 932 352 Iustitiae,
974 304 1218 352 sedulitatis,
1255 302 1480 340 Grauitatis
1493 332 1504 352 ⁷
1536 302 1775 351 Modestiae,
1814 301 2102 349 Gratitudinis,

171 368 408 412 Patientiae,
461 365 721 403 Fortitudinis
738 393 749 413 ‚
807 365 998 402 Candoris
1015 394 1026 414 ,
1088 364 1358 401 Hzmzanitatis
1376 393 1386 412 ,
1451 363 1675 410 Castitatis,
1733 361 1903 399 Pudoris
1920 391 1931 411 ‚
2000 361 2101 398 Tem-

160 429 393 478 perantiae‚
441 425 644 464 Moderati
686 425 863 473 Linguae
907 438 1015 476 vsus,
1071 425 1268 462 Comitatis
1309 424 1359 461 ὅγ’
1399 427 1626 461 ceterarum.
1668 422 1738 459 Ex
1769 423 1898 471 quibus
1928 421 2096 458 omnibus

167 487 297 525 videre
323 488 429 536 licet,
459 489 639 535 quantum
668 487 841 534 intersit,
872 490 1000 523 vtrum
1030 487 1108 523 eius
1139 484 1278 521 edatur
1308 486 1388 521 vita
1402 513 1411 530 ,
1444 485 1508 532 qui
1527 484 1721 533 priuatim
1748 488 1894 532 semper
1913 483 2013 529 egit:
2042 494 2093 518 an

168 548 259 585 vero
272 577 283 597 ,
314 549 376 585 cui
398 547 461 584 vel
487 548 527 584 in
563 546 756 590 Ecclesia,
800 547 861 583 vel
897 548 937 583 in
968 546 1112 583 Politia
1134 545 1326 594 publicum
1357 556 1491 581 munus
1526 543 1705 594 imposuit
1732 542 1855 580 Deus.
1908 542 2094 579 Priorum

172 607 347 645 nonnulli
364 608 420 644 ita
442 619 481 644 se
499 610 705 654 gesserunt
739 606 789 643 ἐφ’
814 611 978 655 gerunt,
1011 610 1054 643 vt
1079 606 1234 643 illorum
1266 605 1441 642 Actiones
1472 605 1551 641 sint
1577 604 1736 650 dignae,
1769 615 1863 651 quae
1893 602 1941 639 ab
1971 602 2099 639 multis

175 671 406 704 noscantur:
429 668 667 716 posteriores
695 666 785 703 vero
817 667 932 714 tales,
964 671 1006 703 vt
1033 665 1215 715 quidquid
1230 665 1324 712 sere
1355 665 1402 702 ab
1432 666 1480 702 iis
1510 667 1654 711 actum,
1686 663 1782 700 sciri
1796 664 1848 700 sit
1863 674 2026 700 necesse:
2045 663 2107 699 vel

178 727 234 764 ad
261 726 507 778 imitandum,
539 729 575 765 si
602 727 735 764 bonum
750 755 760 775 a
791 728 827 763 si
856 730 1052 771 retectum,
1086 727 1122 763 si
1150 726 1333 774 aequitati
1361 725 1592 773 honestisque
1618 723 1784 760 moribus
1799 726 2105 760 consentaneum.-

178 787 240 824 vel
266 787 323 824 ad
341 785 574 836 fugiendum
589 817 599 837 .,
641 788 676 824 si
705 798 820 824 secus.
874 785 1074 837 Operatur
1104 786 1215 822 Deus
1245 786 1360 822 aliter
1392 786 1432 822 in
1463 785 1661 830 Priuatis,
1705 784 1824 821 aliter
1851 784 1892 820 in
1923 782 2108 831 Publicis,

184 859 345 896 quorum
372 847 471 884 Acta
487 849 687 897 pertinere
710 847 793 884 vult
812 846 868 883 ad
889 858 1026 884 omnes.
1061 846 1119 883 Et
1136 847 1279 882 vtinam
1297 846 1423 894 plura
1454 845 1635 882 eiusmodi
1662 845 1807 893 scripta
1828 845 1867 880 in
1883 844 1998 880 lucem
2013 848 2110 892 pro-

180 907 334 956 dirent,
366 909 518 944 maiora
540 908 639 945 certe
667 906 878 944 videremus
910 907 1063 945 diuinae
1093 907 1133 943 in
1163 905 1373 942 Ecclesiam
1405 905 1667 952 Benignitatis
1697 904 1838 941 indicia
1851 933 1861 953 7
1877 915 1971 952 quae
1987 907 2110 939 tamen

180 979 366 1016 nusquam
414 979 488 1004 non
520 968 764 1017 conspicimus
794 968 978 1004 maxima.
1027 965 1096 1002 Ad
1121 977 1186 1002 vos
1228 969 1351 1001 autem
1393 965 1498 1001 mitto
1513 994 1523 1013 7
1555 965 1636 1001 viri
1670 964 1990 1001 Clzristianissimi
2005 991 2015 1009 ‚
2048 964 2112 1011 qui

307 1031 451 1076 vester,
490 1030 555 1077 qui
591 1026 699 1077 apud
724 1038 790 1064 vos
819 1030 952 1076 natus,
984 1028 1048 1075 qui
1074 1025 1194 1072 vobis,
1227 1037 1337 1073 quum
1367 1025 1505 1061 summe
1524 1024 1854 1073 periclitabamim'
1880 1023 1982 1060 Dux

367 1086 452 1135 fuit
480 1088 530 1126 ἐφ’
562 1088 726 1136 Pastor,
759 1087 864 1124 cuius
895 1092 1049 1136 operam
1071 1084 1175 1133 fecit
1202 1086 1350 1122 claram
1381 1085 1431 1122 ἐφ’
1453 1085 1640 1121 illustrem
1667 1095 1830 1131 magnus
1854 1084 1918 1120 ille

467 1148 612 1185 Pastor
651 1148 692 1183 in
731 1146 904 1184 Ecclesia
933 1145 1213 1195 reformanda,
1252 1145 1302 1182 ὃν
1333 1144 1381 1181 ab
1411 1145 1513 1181 omni
1540 1144 1708 1180 humana
1734 1144 1842 1189 faece

512 1206 737 1256 purganda.
803 1206 872 1242 Vos
903 1206 990 1243 boni
1019 1205 1220 1256 consulite,
1252 1204 1408 1252 Deoque
1428 1204 1610 1253 precibus
1639 1204 1777 1241 vestris

585 1266 730 1316 obserte
760 1278 841 1302 eum
855 1294 864 1312 ,
897 1268 962 1314 qui
990 1267 1154 1303 mittitur
1169 1293 1180 1314 ,
1215 1265 1265 1302 ἐφ’
1296 1265 1361 1312 qui
1389 1265 1516 1302 mittit.
1575 1263 1711 1301 Valete.

720 1325 906 1372 Lugduni
933 1326 1180 1362 Batauorum
1225 1324 1319 1361 Eid.
1354 1323 1555 1361 Decembr.

896 1386 977 1425 clo.
1010 1385 1066 1424 Ιε).
1099 1393 1219 1421 XCIV.
1256 1384 1298 1431 (f.
1333 1385 1390 1431 4.)
