2334 3020
215 67 289 109 472
924 64 1437 99 s11<EN1c1PAast

210 174 427 224 Ecclesiae,
470 188 547 213 non
591 175 816 225 simpliciter
857 179 934 226 qua
976 178 1116 216 domus
1157 185 1214 216 est
1251 191 1298 216 ex
1333 178 1519 217 membris
1547 176 1726 218 humanis
1754 188 2047 230 coagmentata,
2076 180 2144 222 sed

207 228 451 278 singulariter
494 231 571 278 qua
609 229 750 266 domus
792 237 849 267 est
889 231 1061 269 Iehouae
1097 232 1169 269 Dei
1211 231 1354 282 nostri,
1383 233 1433 269 ab
1462 231 1529 270 illo
1557 232 1798 271 inhabitante
1827 234 2066 274 sanctificata
2095 237 2145 273 ad

204 281 369 330 gloriam
398 292 518 318 suam.
549 281 716 319 Proinde
746 283 836 319 cum
868 283 1044 321 Ecclesia
1075 296 1155 321 non
1184 284 1305 334 possit
1333 287 1439 323 recte
1463 285 1616 323 anobis
1633 286 1891 336 considerari,
1920 287 1993 325 nisi
2010 301 2144 326 secun-

205 334 299 371 dum
327 334 555 371 relationem
585 334 689 372 illam
718 334 795 384 qua
823 336 873 373 ad
904 337 1032 374 Deum
1063 344 1119 375 est
1148 337 1345 387 ordinata3
1377 351 1425 375 ex
1440 350 1488 375 eo
1505 338 1680 387 sequitur
1694 340 1831 388 plane3
1863 340 1929 389 qui
1945 341 2145 380 Ecclesiae

206 388 306 424 bene
347 387 473 436 cupit,
502 388 671 425 eundem
701 388 818 425 etiam
847 390 1144 437 quodammodo
1173 402 1315 439 cupere
1345 392 1431 429 Deo
1461 391 1527 439 qui
1555 391 1770 430 Ecclesiam
1796 393 1998 432 inhabitat.
2028 395 2146 445 Cupit

207 447 335 476 autern
378 439 577 478 Ecclesiae
618 440 723 490 pius,
766 448 951 491 tanquam
994 443 1044 480 ad
1081 444 1198 480 finem
1226 443 1549 493 propinquiorem
1579 445 1614 482 St
1642 445 1940 494 quodammodo
1970 451 2144 496 συμφυῆ,

207 492 287 530 siue
324 495 380 540 (vt
417 494 645 542 loquuntur)
686 496 979 532 connaturalem
1018 495 1254 545 respiciens:
1293 497 1381 535 Deo
1420 505 1551 534 autem
1579 498 1704 547 cupit,
1733 505 1918 547 tanquam
1947 500 1998 536 ad
2027 501 2144 537 finem

207 557 422 592 summum,
465 546 503 583 in
548 558 626 595 quo
669 547 847 585 Ecclesia
875 548 958 597 ipsa
986 549 1021 586 &
1050 549 1191 598 singuli
1218 557 1396 587 nostrum
1425 549 1463 587 in
1496 550 1673 588 Ecclesia
1702 551 1999 600 conquiescunt.
2042 554 2144 590 Nam

205 599 540 647 quemadmodum
569 612 642 637 nos
671 599 709 636 in
738 600 914 638 Ecclesia
943 602 1284 650 conquiescimus,
1314 615 1392 640 non
1423 603 1513 651 quia
1543 604 1685 641 domus
1707 612 1785 653 est,
1814 605 1881 642 sed
1897 604 1988 654 quia
2003 605 2144 643 (lomus

206 651 298 700 Dei3
335 664 413 688 non
453 651 543 700 quia
572 664 736 702 corpus,
776 654 843 690 sed
874 654 964 703 quia
993 667 1135 704 corpus
1164 655 1326 693 Christi:
1360 655 1411 693 ita
1440 658 1461 694 e
1492 656 1669 706 diuerso,
1699 658 1786 694 cum
1817 659 1917 695 bene
1947 658 2146 696 Ecclesiae

204 704 403 753 cupimus,
446 717 525 742 non
568 708 614 743 eo
656 705 881 755 simpliciter
916 707 1116 756 cupimus,
1144 709 1251 757 quod
1279 708 1421 747 domus
1451 711 1485 747 &
1516 721 1659 758 corpus
1688 710 1753 759 sit,
1782 710 1851 748 sed
1881 713 1928 749 eo
1957 710 2144 761 maxime,

204 758 313 805 quod
342 758 483 795 domus
513 758 588 795 Dei
617 758 782 796 viuentis
812 767 869 797 est
897 762 932 798 St
961 772 1104 810 corpus
1135 761 1291 799 Christi.

259 812 390 859 Atque
433 811 527 848 haec
569 823 686 849 causa
728 819 810 859 est,
852 825 921 850 cur
962 815 1158 863 Propheta
1199 827 1279 851 non
1307 816 1456 852 tantum
1479 815 1519 852 in
1548 815 1811 865 descriptione
1840 816 2039 854 Ecclesiae
2067 820 2145 866 qua

203 871 287 912 est,
317 863 383 901 sed
423 863 460 901 in
490 864 753 914 descriptione
782 865 868 916 Dei,
897 868 920 903 a
948 878 1028 915 quo
1059 869 1093 905 δι
1123 866 1161 904 in
1191 879 1270 916 quo
1300 868 1476 906 Ecclesia
1505 876 1580 918 est,
1610 869 1775 917 amplius
1802 869 1955 918 haeret,
1985 869 2144 907 dicens:

204 917 353 954 domum
397 918 565 954 leltmlae
593 919 675 955 Dei
712 920 848 956 noslri.
892 920 992 957 Nam
1035 921 1220 958 Ielzomzm
1262 921 1528 969 nominando,
1571 922 1621 958 ad
1664 934 1778 959 vnam
1806 922 1911 959 illam
1939 922 2146 960 essentiam

205 970 396 1019 respicere
425 982 496 1007 nos
524 970 651 1019 iubet,
680 983 779 1020 quae
808 973 889 1009 sola
918 979 974 1010 est
1003 985 1071 1022 per
1100 986 1161 1021 se,
1191 974 1226 1010 δε
1255 973 1339 1012 aliis
1368 974 1434 1012 dat
1463 987 1568 1023 esse,
1598 976 1633 1012 &
1664 974 1897 1024 principium
1925 982 1982 1013 est
2012 975 2144 1013 omnis

204 1023 299 1060 boni
341 1022 379 1059 in
421 1034 548 1060 rerum
591 1031 746 1061 natura:
785 1025 898 1073 boni,
927 1024 1105 1075 inquam,
1134 1034 1216 1064 tum
1246 1040 1292 1064 ex
1320 1034 1478 1075 natura,
1509 1035 1591 1065 tum
1621 1040 1668 1065 ex
1697 1028 1819 1077 gratia
1842 1028 1879 1065 in
1910 1041 1981 1065 nos
2011 1041 2146 1066 omnes

204 1075 347 1114 collati.
387 1077 514 1113 Deum
557 1080 650 1115 vero
680 1083 853 1115 nostram
882 1080 1141 1128 appellando,
1179 1079 1334 1129 respicit
1363 1081 1413 1117 ad
1445 1081 1582 1118 foedus
1612 1080 1705 1118 illud
1734 1080 2038 1130 sanctissimum,
2067 1094 2146 1130 quo

206 1130 314 1166 Deus
358 1137 489 1166 noster
530 1137 603 1174 est,
648 1131 683 1168 δε
727 1142 798 1168 nos
840 1131 1008 1169 vicissim
1051 1134 1219 1182 populus
1262 1133 1383 1181 illius,
1418 1134 1453 1171 &
1496 1135 1546 1171 ad
1576 1133 1949 1171 demonstrationem
1978 1134 2147 1173 foederis

203 1182 376 1219 eiusdem
420 1195 487 1230 per
529 1195 751 1221 sermonem
794 1185 829 1221 δι
872 1184 1120 1233 operationes
1148 1185 1306 1235 gratiae.
1337 1187 1400 1224 Sic
1428 1185 1533 1223 enim
1563 1186 1706 1236 passim
1734 1187 1772 1224 in
1803 1187 2010 1236 Scripturis
2038 1188 2146 1225 Deus

203 1234 482 1284 promissiones
511 1247 598 1273 suas
627 1244 692 1273 aut
720 1236 969 1286 operationes
998 1251 1191 1288 asserens,
1227 1240 1481 1276 fundamenta
1509 1246 1669 1277 naturae
1699 1240 1735 1276 ἃ
1764 1239 1918 1289 gratiae'
1929 1241 1979 1277 ad
2009 1241 2147 1277 confir-

204 1288 413 1325 mationem
451 1300 542 1326 suae
577 1289 747 1327 veritatis
776 1289 813 1326 in
843 1291 920 1328 suis
949 1292 1048 1329 solet
1077 1291 1328 1342 coniungere.
1360 1293 1450 1340 Quo
1480 1291 1594 1330 etiam
1625 1292 1721 1330 illud
1749 1293 1939 1342 pertinet,
1970 1293 2078 1342 quod
2107 1293 2147 1331 in

203 1341 464 1379 declaratione
493 1353 649 1380 suarum
678 1343 1006 1394 promissionum,
1034 1344 1234 1383 Vnitatem
1263 1345 1470 1394 essentiae,
1500 1346 1535 1382 δε
1564 1358 1818 1394 personarum
1849 1345 2078 1384 Trinitatem
2108 1346 2147 1384 in

204 1394 347 1432 vnitate
376 1394 586 1443 plurimum
616 1396 801 1434 denotat!
833 1398 1054 1444 Vnitatem,
1085 1409 1204 1447 quam
1233 1411 1280 1436 ex
1308 1406 1446 1436 natura
1474 1398 1656 1437 nouimus
1687 1398 1852 1436 naturali
1881 1398 2147 1448 appellatione

202 1449 395 1485 leltouae:
437 1447 687 1494 Trinitatem,
731 1461 851 1497 quam
894 1462 940 1487 ex
983 1451 1164 1488 doctrina
1200 1451 1235 1488 &
1278 1451 1516 1489 reuelatione
1544 1451 1691 1501 gratiae
1716 1451 1943 1500 didicimus,
1973 1452 2145 1502 gratioso

202 1499 371 1538 foederis
401 1500 545 1550 ellogio
574 1501 817 1550 significans,
847 1503 937 1540 cum
966 1516 1006 1541 se
1034 1503 1210 1542 inscribit
1238 1505 1421 1553 Elolzim,
1453 1506 1512 1542 vel
1544 1506 1673 1542 Deam
1702 1510 1888 1543 nostrum.

257 1554 367 1591 Haec
391 1560 520 1591 autem
549 1566 664 1592 causa
692 1567 810 1604 quarn
840 1556 1036 1605 Propheta
1064 1557 1212 1606 adfert,
1240 1559 1420 1606 profecto
1464 1559 1503 1604 (f.
1539 1560 1629 1606 743)
1672 1556 1864 1595 eiusmodi
1893 1564 1967 1605 est,
2004 1564 2045 1594 vt
2072 1557 2146 1595 sin-

204 1608 316 1656 gulos
344 1604 520 1644 nostrum
551 1607 632 1645 dies
661 1611 875 1657 noctesque
904 1609 1025 1658 possit
1053 1610 1210 1647 afficere
1239 1610 1603 1661 vehementissime,
1632 1610 1705 1648 nisi
1732 1610 1960 1660 grauissimo
1986 1618 2147 1648 veterno

203 1660 241 1697 in
271 1659 480 1697 sentiendis
509 1661 543 1698 &
572 1661 850 1710 persequendis
879 1661 1014 1712 bonis,
1045 1662 1352 1712 grauissimaque
1383 1663 1660 1701 obfirmatione
1685 1663 1721 1700 in
1739 1662 2007 1713 amplexandis
2023 1664 2147 1712 malis,

202 1713 253 1750 ad
295 1712 506 1761 perniciem
548 1721 722 1751 nostram
760 1721 993 1752 teneremur.
1038 1715 1139 1753 Cum
1182 1723 1311 1754 autem
1354 1715 1431 1754 iam
1468 1716 1530 1754 ille
1554 1717 1703 1754 Iehoua
1731 1717 1838 1754 Deus
1866 1723 1998 1754 noster
2026 1728 2098 1754 nos
2124 1719 2147 1754 a

205 1765 314 1803 malis
346 1765 620 1813 vindicauerit,
650 1768 684 1805 δι
713 1766 828 1804 nobis
858 1769 962 1805 bona
991 1768 1274 1806 adiudicauerit
1305 1781 1578 1819 quaecumque
1605 1770 1653 1806 ab
1681 1769 1767 1818 ipso
1799 1770 1847 1807 ad
1878 1782 1959 1807 rem
1975 1776 2146 1807 creatam

204 1818 406 1867 peruenire
447 1827 626 1871 possent,
668 1819 761 1868 quid
798 1820 1058 1858 excusationis
1090 1823 1149 1858 vel
1179 1821 1217 1859 in
1251 1822 1421 1871 speciem
1449 1829 1720 1872 praetexemus
1749 1835 1883 1860 coram
1912 1823 2000 1860 Deo
2030 1829 2147 1871 atque

204 1871 446 1916 hominibus,
490 1871 521 1909 si
563 1874 613 1910 ab
657 1872 796 1910 eadem
839 1885 954 1911 causa
997 1875 1270 1923 persequenda
1306 1875 1588 1923 abstineamus,
1617 1888 1664 1913 ex
1692 1887 1771 1924 quo
1795 1876 1984 1913 Iehouam
2015 1876 2146 1912 Deum

203 1932 379 1962 nostrum
422 1925 457 1962 &
498 1925 716 1964 Ecclesiam
746 1927 920 1963 Domum
950 1927 1120 1965 Iehouae
1146 1927 1221 1965 Dei
1246 1927 1369 1965 nostri
1406 1941 1474 1977 per
1504 1928 1720 1978 Scripturas
1753 1941 1882 1966 sacras
1913 1924 2147 1966 didicimus?

204 1978 456 2028 Quapropter
483 1979 540 2026 (vt
569 1978 620 2016 ait
650 1980 870 2028 Apostolus
900 1980 1041 2029 Ephes.
1073 1990 1108 2029 5.
1143 1982 1218 2029 14.)
1247 1981 1563 2030 expergiscamur
1591 1980 1659 2030 qui
1688 1981 1926 2031 dormimus,
1955 1982 1990 2018 &
2019 1993 2148 2030 surga-

204 2042 289 2068 mus
329 2033 352 2069 ὲ
395 2031 579 2082 mortuis,
621 2033 656 2069 δι
697 2031 896 2070 illucescet
937 2032 1051 2070 nobis
1080 2033 1269 2072 Christus.
1300 2035 1523 2071 Intueamur
1554 2046 1708 2083 semper
1737 2033 1773 2071 in
1804 2034 1910 2072 illam
1942 2033 2149 2072 essentiam

205 2083 401 2131 diuinam,
443 2095 543 2133 quae
585 2084 818 2134 principium
861 2093 919 2123 est
954 2085 1081 2123 omnis
1120 2085 1234 2132 boni,
1263 2093 1346 2123 tum
1375 2094 1512 2124 natura
1541 2087 1762 2136 communi,
1793 2094 1876 2125 turn
1905 2087 2028 2136 gratia
2055 2099 2148 2136 erga

204 2149 276 2174 nos
312 2136 515 2186 singulari:
551 2139 776 2175 Intueamur
809 2137 848 2175 in
878 2139 1030 2176 Patrem
1061 2138 1170 2176 illum
1199 2138 1533 2188 omnipotentem,
1561 2139 1628 2188 qui
1656 2152 1728 2177 nos
1757 2139 1866 2177 dedit
1897 2139 1976 2177 filio
2006 2140 2043 2177 in
2073 2140 2146 2176 Ec·

204 2189 361 2228 clesiam
392 2189 661 2239 colligendos:
691 2192 916 2228 Intueamur
944 2192 982 2229 in
1012 2192 1103 2230 fidei
1130 2192 1273 2230 ducem
1300 2205 1346 2230 ac
1378 2194 1636 2242 perfectorem
1651 2194 1803 2241 Iesum,
1831 2193 1898 2242 qui
1913 2205 1984 2242 pro
2000 2192 2145 2242 gaudio

204 2242 276 2280 sibi
305 2242 509 2293 proposito
539 2243 695 2292 pertulit
723 2256 901 2293 crucem,
933 2246 967 2282 &
996 2245 1046 2283 ad
1075 2245 1250 2283 dextram
1279 2245 1410 2283 throni
1440 2245 1514 2283 Dei
1529 2245 1728 2294 consedit,
1759 2249 1838 2295 quo
1854 2259 1928 2283 nos
1943 2246 2146 2283 eueheret:

205 2297 330 2334 Hebr.
377 2309 435 2334 12.
481 2309 513 2333 2.
557 2298 782 2334 Intueamur
823 2296 859 2334 in
904 2296 1087 2346 Spiritum
1130 2298 1238 2336 illum
1277 2298 1396 2348 patris
1438 2299 1473 2335 &
1516 2297 1582 2346 filij
1614 2297 1853 2336 habitantem
1880 2298 1916 2335 in
1947 2297 2080 2347 nobis,
2111 2298 2146 2335 &

205 2355 412 2387 testantem
453 2348 604 2398 spiritui
640 2356 776 2387 nostro
806 2362 879 2387 nos
908 2363 990 2388 csse
1021 2350 1121 2388 filios
1151 2350 1251 2398 Dei,
1281 2353 1315 2389 &
1344 2352 1490 2400 templa
1518 2359 1653 2389 sancta
1680 2351 1881 2389 Domino:
1923 2353 2149 2389 Intueamur

206 2401 243 2439 in
284 2400 522 2451 Ecclesiam,
556 2402 593 2439 in
625 2414 742 2451 quam
772 2403 877 2440 velut
905 2404 1094 2453 templum
1123 2403 1378 2442 lectissimum
1411 2405 1517 2442 Deus
1544 2416 1617 2442 nos
1646 2411 1863 2455 conuocat,
1891 2411 1933 2442 vt
1962 2416 2031 2453 per
2061 2416 2145 2441 earn

204 2455 255 2492 ad
298 2467 338 2492 se
380 2455 664 2493 contendamus
704 2454 840 2492 virtute
877 2456 1023 2493 aeterni
1065 2455 1220 2505 spiritus
1262 2456 1426 2494 viuentis
1468 2456 1505 2494 in
1548 2456 1676 2495 nobis.
1716 2457 1790 2495 hae
1826 2469 1966 2495 causae
1995 2468 2066 2494 nos
2094 2456 2147 2494 ita

208 2515 411 2557 moueant,
444 2515 484 2544 vt
522 2515 694 2545 caeteras
726 2520 862 2545 causas
892 2508 1119 2547 dimoueant
1147 2523 1194 2547 ex
1220 2509 1415 2548 mentibus
1443 2510 1607 2560 nostris,
1636 2510 1671 2547 δι
1699 2509 1852 2559 rapiant
1880 2511 1929 2548 ad
1958 2508 2148 2547 sanctissi-

207 2572 315 2598 mum
344 2560 438 2597 illud
468 2560 659 2608 studium,
690 2560 799 2598 cuius
827 2560 890 2599 h‘ic
919 2562 1115 2611 Propheta
1144 2562 1338 2608 meminit,
1369 2564 1404 2601 &
1433 2563 1601 2613 seipsum
1629 2563 1785 2600 exhibet
1800 2569 1935 2612 typum
1951 2562 1988 2599 in
2005 2561 2148 2611 pietate

208 2613 242 2650 &
272 2612 530 2651 sanctimonia
559 2614 608 2650 ad
637 2614 733 2651 haec
763 2613 891 2651 officia
920 2613 1169 2664 praeiturum.

261 2665 366 2713 Quid
408 2678 503 2716 ergo
546 2674 601 2704 est
632 2667 772 2715 officij,
800 2668 908 2715 quod
938 2668 1132 2717 Propheta
1161 2669 1238 2705 hoc
1267 2669 1358 2706 loco
1390 2665 1615 2718 praedicat?
1650 2668 1862 2717 Quaeram,
1891 2667 2038 2717 inquit,
2066 2665 2147 2704 siue

201 2720 426 2768 procurabo
467 2721 573 2767 quod
606 2720 742 2756 bonum
780 2726 837 2757 est
864 2721 950 2769 tibi,
981 2721 1005 2758 ὃ
1034 2722 1266 2771 Ierusalem,
1294 2723 1353 2759 vel
1382 2722 1522 2759 domus
1551 2723 1728 2759 Iehouae.
1758 2723 2026 2795 Procurantur¹
2048 2730 2148 2768 quae

1979 2779 2143 2820 a‹.sunt,
