2334 3020
744 98 959 125 russas
1002 94 1434 124 THEOLOGICAE.
2014 95 2085 133 207

555 257 744 295 XXXIII.
802 257 888 293 DE
933 256 1096 293 FIDE
1138 254 1672 292 IVS'I'IFICANTE.

213 377 572 430 Quandoquidem
607 377 817 417 hacteuus
849 376 900 416 de
932 374 1246 416 lzmm'liatz'one
1271 376 1316 414 ᾤ’
1342 373 1638 420 exaltatione,
1666 372 1892 412 demerito
1916 370 2085 420 Christ,

148 441 191 480 ὃ
223 438 445 493 beneficiis
476 451 581 490 erga
616 452 692 478 uos
725 437 890 478 (lictum
926 443 1014 480 est:
1049 435 1222 475 ordinis
1254 435 1298 475 ξφ
1330 433 1496 475 salutis
1528 440 1706 473 nostrae
1737 433 1857 473 ratio
1871 433 2091 486 postulati

146 506 195 540 vl
236 499 287 538 de
322 498 414 553 fide·
455 512 540 550 qna
595 497 824 540 Christum
869 512 963 538 cnm
1005 495 1202 536 omuibus
1245 495 1391 547 ipsius
1429 494 1655 550 beneficiis
1690 494 2087 547 apprehendimus,

146 572 347 612 agamus.

967 682 1186 718 THESIS
1228 680 1258 717 I.

203 812 234 837 1.
291 799 413 848 viM
445 811 521 837 vox
551 799 640 837 fidei
673 801 877 848 ὁμωνύμως
907 797 1117 848 accipiatur
1146 798 1183 835 in
1214 796 1341 835 Sacris
1369 796 1508 844 literis,
1537 803 1744 845 antequam
1770 797 1818 835 de
1835 808 1881 834 ea
1897 796 2092 844 dicamus,

146 859 304 901 oportet
332 856 354 890 a
385 853 499 890 nobis
526 852 611 890 tolli
640 853 948 900 homonymam.
990 851 1196 900 Duplicem
1222 850 1326 888 enim
1352 850 1469 888 fidem
1486 849 1600 887 nobis
1621 850 1820 900 Scriptura
1835 850 1872 888 S.
1888 849 2093 900 proponit:

148 918 264 942 vnam
304 907 454 943 firmam
500 906 534 943 ἃ
573 912 826 955 perpetuam,
855 916 972 953 quam
1003 904 1296 952 iustificantemg
1325 905 1484 941 alteram
1513 903 1705 940 infirmam
1735 905 1769 941 &
1797 903 2094 953 temporariam,

148 971 266 1007 quam
295 972 373 996 non
404 958 676 996 iustificantem
709 964 865 996 vocant.
895 959 956 995 De
985 958 1114 1007 priore
1142 970 1215 994 nos
1243 956 1306 994 1116
1335 956 1505 1007 agimus,
1534 968 1634 1006 quae
1665 958 1749 993 sola
1772 957 1930 1006 proprie
1954 957 1989 993 82
2006 957 2095 994 vere

145 1012 241 1049 fides
270 1013 458 1062 appellari
487 1019 613 1062 potest
643 1016 750 1061 (nam
781 1012 1016 1060 temporaria
1047 1011 1081 1047 ἃ
1107 1016 1261 1047 mortua
1289 1009 1352 1047 illa
1380 1010 1476 1048 fides
1506 1021 1640 1048 reuera
1662 1022 1741 1047 non
1767 1017 1823 1047 est
1842 1010 1954 1062 fides)
1970 1015 2094 1059 eaque

149 1066 211 1102 vel
241 1072 298 1103 est
321 1066 566 1115 adultorum,
597 1067 656 1103 vel
685 1071 742 1104 est
770 1065 973 1102 infantum.

207 1131 240 1155 2.
297 1120 412 1156 Fides
455 1119 680 1156 adultorum
715 1130 796 1155 non
830 1118 981 1155 tantum
1009 1116 1149 1155 notitia
1176 1123 1232 1154 est
1261 1116 1296 1152 ἃ*
1326 1127 1505 1154 assensus
1534 1116 1738 1154 doctrinae
1765 1116 1879 1154 nobis
1907 1129 1975 1166 per
2004 1118 2094 1154 Pro-

151 1171 286 1220 phetas
321 1174 355 1210 &
384 1173 602 1221 Apostolos
631 1171 811 1209 traditae:
843 1171 910 1208 sed
948 1169 1064 1208 etiam
1094 1176 1200 1207 certa
1228 1170 1419 1218 firmaque
1449 1169 1591 1206 fiducia
1620 1170 1654 1206 δι
1684 1170 1967 1219 apprehensio,
1996 1181 2097 1219 quae

148 1225 336 1273 gratuitae
364 1226 401 1263 in
431 1225 588 1263 Christo
618 1222 888 1274 promissionis
918 1223 1079 1261 veritate
1106 1223 1288 1267 fundata,
1318 1234 1388 1271 per
1418 1221 1604 1273 Spiritum
1626 1223 1811 1261 Sanctum
1836 1224 2030 1261 reuelatur
2058 1223 2095 1260 in

150 1278 346 1316 mentibus
375 1278 538 1328 nostris,
568 1279 603 1316 &
632 1277 670 1315 in
701 1277 887 1315 cordibus
915 1275 1156 1326 obsignatur.

203 1343 240 1379 3.
296 1331 431 1369 Fidem
461 1344 541 1370 non
571 1331 717 1368 nudam
746 1330 897 1368 tantum
925 1329 1122 1380 notitiam,
1152 1329 1221 1366 sed
1249 1329 1285 1366 ἅ
1313 1327 1496 1366 fiduciam
1525 1341 1609 1367 esse
1638 1335 1806 1378 certam,
1834 1329 1960 1380 ipsum
1982 1341 2095 1366 voca—

147 1383 229 1421 buli
259 1385 396 1433 ἒῑυμον
426 1384 605 1423 ostendit.
634 1385 842 1422 Deriuatur
870 1382 972 1420 enim
997 1382 1088 1420 hinc
1118 1385 1230 1432 (teste
1259 1381 1472 1432 Cicerone,
1502 1381 1570 1421 lib.
1606 1397 1634 1420 r.
1665 1383 1782 1421 Offic.
1812 1385 1846 1422 &
1877 1383 1944 1422 lib.
1979 1396 2015 1429 4.
2045 1383 2094 1420 de

149 1438 315 1486 Republ.
345 1439 449 1487 apud
478 1439 600 1486 Non.)
630 1436 741 1486 quasi
759 1437 843 1487 fiat
866 1437 972 1485 quod
995 1437 1133 1474 dictum
1163 1441 1227 1473 est.
1258 1434 1451 1473 Hebraeis
1480 1448 1560 1473 non
1591 1435 1765 1474 dissimili
1788 1436 1938 1475 ratione
1953 1435 2095 1474 dieitur

149 1491 363 1540 AEmzmczlz,
391 1492 441 1528 ab
471 1493 623 1541 Aman,
652 1490 760 1540 quod
795 1489 986 1540 signifieat
1012 1490 1209 1528 firmatum
1238 1501 1334 1527 esse.
1363 1489 1525 1527 Graecis
1554 1493 1666 1533 πίςις
1695 1491 1729 1527 &
1761 1493 2014 1539 nanomvyaeng:
2045 1501 2093 1526 eo

147 1544 256 1592 quod
285 1556 514 1593 persuasum
544 1545 759 1583 habeamus
787 1542 827 1581 id
856 1543 966 1592 quod
994 1543 1202 1581 credimus.

203 1610 239 1643 4.
295 1597 533 1648 Suln'ectmn,
563 1609 630 1636 seu
659 1595 821 1635 materia
849 1596 887 1634 in
917 1607 1015 1646 qua,
1043 1596 1156 1635 huius
1185 1597 1276 1635 fidei
1304 1603 1360 1635 est
1389 1609 1519 1645 mens,
1548 1597 1747 1646 voluntas,
1774 1596 2095 1646 &corhominis,

148 1649 186 1688 in
217 1649 359 1699 quibus
387 1651 458 1689 sita
487 1659 565 1702 est,
594 1663 675 1689 non
703 1651 829 1689 solum
861 1649 1167 1700 acquiescentia:
1198 1651 1267 1688 sed
1295 1652 1331 1689 &
1359 1661 1511 1688 summa
1537 1648 1603 1687 illa
1628 1649 1792 1700 laetitia,
1817 1661 1864 1687 ex
1891 1656 1996 1688 certa
2012 1663 2095 1700 per-

150 1702 329 1741 suasione
358 1706 393 1742 &
423 1707 662 1755 πληροφορίᾳ
690 1716 938 1754 promanans.
968 1705 1071 1741 Nam
1100 1703 1263 1754 Spiritus
1292 1704 1457 1742 Sanctus
1479 1703 1514 1740 &
1537 1709 1709 1741 mentem
1732 1703 2094 1754 illustrat7vtintel-

150 1755 244 1806 ligat
271 1757 454 1808 verbum,
483 1760 519 1795 δι
548 1761 788 1795 voluntatem
817 1763 969 1806 mouet,
998 1764 1041 1795 vt
1066 1758 1189 1796 verbo
1218 1757 1417 1796 intellecto
1445 1756 1692 1806 assentiatur,
1721 1758 1756 1794 &
1784 1763 1977 1806 vtrunque
2005 1770 2095 1795 con-

151 1810 297 1860 firmat,
326 1817 367 1848 vt
395 1823 465 1848 cor
493 1810 532 1848 in
563 1823 610 1848 eo
639 1810 799 1849 firmiter
830 1810 1068 1860 acquiescat.

206 1873 239 1913 5.
296 1865 443 1901 Forma
479 1872 536 1902 est
573 1877 792 1914 agnoscens
830 1863 973 1902 Christi
1007 1863 1268 1914 apprehensio
1298 1875 1388 1901 cum
1418 1863 1600 1902 omnibus
1626 1862 1825 1901 benefieiis
1852 1864 1902 1901 ad
1931 1864 2095 1901 salutem

151 1916 394 1967 necessariis,
424 1919 459 1955 δι
487 1917 689 1967 singularis
718 1916 929 1967 applicatio
957 1917 1146 1967 gratuitae
1174 1915 1415 1956 remissionis
1441 1923 1694 1967 peccatorum
1723 1916 1762 1954 in
1789 1916 1889 1966 ipso.

204 1971 240 2007 6.
301 1970 450 2008 Caussa
491 1971 663 2020 efficiens
706 1971 832 2021 prima
873 1971 908 2008 ἃ
945 1970 1169 2021 principalis
1198 1977 1255 2009 est
1285 1970 1449 2021 Spiritus
1481 1971 1664 2020 Sanctus,
1698 1983 1730 2008 1.
1766 1970 1941 2010 Corinth.
1973 1983 2032 2008 12.
2060 1983 2098 2020 9.

154 2036 189 2063 2.
223 2024 393 2063 Corinth.
431 2037 468 2070 4.
498 2026 532 2061 6.
569 2026 702 2062 Galat.
732 2035 766 2074 5.
800 2038 861 2062 22.
889 2025 1032 2074 Ephes.
1065 2037 1098 2063 2.
1129 2027 1165 2063 8.
1203 2023 1269 2074 qui
1299 2037 1384 2062 eam
1413 2023 1570 2062 actione
1599 2022 1758 2073 speciali
1786 2022 1825 2060 in
1854 2023 2038 2062 omnibus
2061 2025 2097 2062 &

149 2075 240 2114 solis
269 2076 421 2128 electis,
451 2088 567 2128 supra
595 2084 756 2116 naturae
785 2077 966 2116 ordinem
994 2077 1134 2128 gignit,
1164 2080 1354 2128 perpetuo
1384 2077 1450 2115 alit
1478 2079 1514 2115 &
1541 2077 1662 2115 fouet.
1690 2077 1828 2116 Matth.
1862 2089 1920 2126 13.
1951 2091 2008 2115 11.
2039 2090 2096 2115 12.

150 2130 291 2168 loann.
325 2143 383 2169 10.
415 2132 475 2168 26.
505 2134 590 2169 Act.
625 2144 685 2180 13.
715 2134 779 2178 48.
807 2132 920 2169 Rom.
951 2133 988 2170 8.
1017 2143 1080 2180 30.
1112 2145 1146 2170 2.
1181 2132 1356 2169 leessal.
1385 2144 1420 2179 3.
1453 2144 1487 2169 2.
1525 2129 1729 2180 Proprium
1757 2132 1852 2168 vero
1880 2132 1916 2168 &
1944 2130 2095 2168 ordina-

151 2183 248 2221 rium
278 2196 491 2233 organum,
521 2195 601 2234 quo
631 2185 680 2222 ad
709 2185 826 2223 fidem
856 2184 959 2222 hanc
987 2183 1026 2222 in
1055 2184 1170 2223 nobis
1199 2183 1457 2235 gignendam,
1489 2183 1749 2233 alendamque
1765 2182 1976 2234 vtitur,est
1990 2196 2098 2234 prae·

152 2236 323 2274 dicatum
366 2237 645 2288 Euangelium,
687 2239 801 2276 Rom.
842 2251 872 2276 1.
909 2239 967 2277 16.
1007 2239 1056 2276 ὃν
1090 2251 1147 2276 10.
1182 2251 1242 2277 12.
1285 2251 1316 2275 1.
1348 2238 1521 2278 Corinth.
1551 2250 1587 2284 4.
1622 2248 1679 2287 15.
1711 2237 1761 2275 ὢν
1793 2247 1852 2287 15.
1883 2251 1918 2276 2.
1947 2239 1982 2276 &
2010 2248 2100 2275 vsus

154 2290 517 2329 Sacramentorum:
561 2304 652 2329 narn
691 2304 761 2340 per
795 2292 893 2329 haee
932 2299 1117 2341 operatur
1154 2291 1317 2341 Spiritus
1351 2292 1536 2341 Sanctus,
1575 2291 1610 2329 &
1646 2291 1686 2339 (f.
1721 2292 1836 2339 1682)
1863 2291 2011 2341 absque
2040 2291 2099 2329 his

152 2342 346 2382 ordinarie
375 2355 575 2394 nunquam
603 2351 764 2394 generat
793 2344 830 2382 in
860 2344 1003 2383 adultis
1032 2345 1150 2383 fidem
1176 2343 1459 2382 iustificantem.

209 2408 240 2443 7.
305 2397 515 2447 Obiectum,
551 2408 618 2436 seu
656 2397 816 2436 materia
845 2397 949 2436 eirea
977 2409 1118 2448 quam,
1147 2400 1186 2435 in
1209 2410 1352 2446 genere
1379 2405 1436 2436 est
1462 2403 1588 2435 toturn
1617 2398 1779 2435 verbum
1807 2396 1881 2435 Dei
1909 2410 1978 2447 per
2005 2398 2097 2435 Pro-

151 2450 288 2499 phetas
330 2451 365 2488 &
408 2452 624 2500 Apostolos
667 2452 927 2489 declaratum:
967 2464 1041 2489 nee
1080 2451 1202 2501 magis
1231 2452 1281 2489 ab
1311 2464 1357 2489 eo
1386 2451 1483 2489 fides
1512 2450 1646 2489 diuelli
1673 2457 1824 2500 potest,
1854 2462 1972 2499 quam
2001 2451 2096 2500 radij

151 2504 173 2539 a
217 2503 308 2540 Sole
351 2504 454 2542 vnde
496 2503 693 2555 oriuntur3
736 2512 777 2542 vt
818 2517 900 2542 non
944 2504 1139 2543 immerito
1182 2506 1269 2542 fons
1308 2504 1343 2542 &
1379 2504 1482 2543 basis
1510 2503 1602 2542 fidei
1632 2516 1715 2542 esse
1744 2504 1913 2541 dicatur:
1945 2504 2045 2542 vnde
2068 2504 2098 2542 si

155 2555 324 2594 declinat
367 2557 524 2595 corruit.
566 2559 717 2596 Rursus
761 2557 960 2596 obiectum
1001 2557 1092 2596 fidei
1127 2559 1167 2595 in
1195 2559 1314 2607 specie
1347 2564 1405 2596 est
1431 2556 1608 2607 bonitas,
1637 2556 1922 2607 misericordia,
1949 2558 1985 2595 &
2013 2570 2099 2608 pro-

150 2608 282 2647 missio
327 2610 422 2660 Dei,
461 2610 499 2648 in
534 2610 690 2649 Christo
719 2611 938 2650 Mediatore
966 2611 1001 2648 &
1028 2611 1204 2649 Domino
1235 2618 1370 2649 nostro
1400 2611 1579 2661 fundata,
1609 2611 1643 2648 &
1672 2610 1710 2648 in
1740 2610 1958 2661 Euangelio
1985 2610 2100 2649 nobis

150 2662 371 2711 proposita.
414 2664 531 2702 Rom.
561 2677 598 2711 4.
634 2665 691 2703 16.
735 2664 946 2703 Obieetum
986 2667 1081 2703 vero
1119 2665 1220 2715 hoc,
1257 2671 1340 2702 tum
1370 2663 1408 2702 in
1433 2676 1598 2715 genere,
1626 2670 1708 2701 tum
1738 2663 1776 2701 in
1806 2664 1957 2714 specie,
1986 2663 2101 2702 nobis

147 2715 337 2764 proponit
366 2715 406 2754 id
439 2717 546 2765 quod
578 2730 657 2755 non
689 2717 858 2756 videtur:
889 2724 946 2755 est
973 2717 1077 2757 enim
1106 2718 1204 2756 fides
1231 2729 1368 2756 eorum
1397 2729 1497 2767 quae
1520 2729 1600 2755 non
1624 2717 1966 2764 videntur‚Hebr.
1988 2730 2045 2755 11.
2068 2730 2101 2756 1.

201 2770 236 2805 8.
303 2771 418 2807 Finis
450 2771 600 2820 duplex
629 2773 879 2822 e512jr2'71ms
903 2778 960 2809 est
983 2771 1106 2821 gloria
1126 2771 1223 2821 Dei,
1253 2770 1410 2820 quaein
1442 2783 1489 2809 eo
1518 2769 1716 2820 consistit,
1740 2777 1780 2808 vt
1795 2770 2103 2809 aestimationem

2008 2824 2097 2869 Deo
