2334 3020
283 124 353 169 146
894 130 1109 157 ΤΙ-1115115
1150 129 1585 158 THEoLoGICAE.

334 250 392 284 14.
447 236 507 273 Ex
543 233 588 271 iis
616 246 715 282 quae
745 235 795 273 de
821 237 933 273 Patre
962 235 1067 273 dicta
1095 237 1303 286 hactenus,
1331 235 1480 285 liquent
1507 236 1624 274 etiam
1653 248 1697 274 ea
1721 246 1820 285 quae
1851 235 1901 274 de
1931 236 2011 274 filio
2040 237 2205 276 dicenda

277 297 417 328 restare
453 287 651 325 videntur:
691 300 736 325 ea
772 290 865 325 vero
898 289 1030 337 (prout
1066 290 1088 325 a
1118 287 1232 326 nobis
1260 287 1336 326 iam
1364 289 1511 326 factum
1538 295 1613 338 est,
1641 301 1731 326 cum
1760 289 1810 327 de
1837 289 1949 327 Patre
1976 290 2204 339 agebamus)

277 354 376 392 quae
409 341 459 378 de
493 339 590 376 Filio
624 340 738 377 nobis
767 340 805 378 in
838 342 875 378 S.
906 341 1102 389 Scriptura
1130 341 1303 379 reuelare
1331 341 1420 379 Deo
1448 343 1609 392 placuit,
1637 342 1912 406 qualicumque
1942 341 2202 392 descriptione

275 391 654 443 comprehendimus.
682 392 800 430 Filius
828 400 885 430 est
913 393 1085 430 secunda
1116 394 1152 430 S.
1198 393 1397 431 Trinitatis
1425 406 1609 443 persona,
1641 407 1793 444 semper
1819 396 1842 430 a
1870 395 1981 432 Patre
1997 402 2204 447 generata,

273 459 362 485 cum
391 448 502 483 Patre
531 444 714 493 Spiritum
743 447 780 483 S
804 446 973 495 spirans,
1003 445 1106 483 Patri
1133 446 1361 496 ὁμοούσιος,
1390 448 1426 484 &
1454 459 1543 485 cum
1571 449 1682 486 Patre
1708 447 1901 497 &Spiritu
1918 447 2062 485 Sancto
2077 449 2203 499 solus,

275 511 387 538 verus
415 499 450 535 81
478 504 655 535 aeternus
689 499 804 536 Deus.

330 562 388 601 15.
443 550 582 588 Filium
601 557 813 601 personam
843 564 925 589 esse
962 550 1147 601 dicimus,
1179 550 1270 600 quia
1297 563 1378 589 non
1407 551 1636 602 essentiam,
1664 552 1734 590 sed
1760 565 1970 603 personam
1996 552 2036 591 in
2055 552 2201 592 vnitate

275 604 462 643 essentiae
490 605 642 640 Patrem
669 603 846 653 genuisse
874 603 1054 641 vidimus.
1083 603 1315 651 Secundam,
1345 604 1434 653 quia
1462 605 1744 655 Patrem,‚.,qua
1770 612 1879 655 pater
1903 612 1983 652 est,
2006 605 2087 644 filio
2098 606 2204 655 prio-

270 671 350 696 rem
379 668 462 695 esse
491 655 711 703 docuimus
741 656 989 706 respicientes
1019 669 1100 694 non
1127 657 1178 694 ad
1207 657 1413 706 temporis,
1446 657 1515 695 sed
1543 658 1594 695 ad
1623 656 1781 707 originis
1808 658 2065 717 prioritatem:
2094 659 2129 696 &
2156 658 2195 697 in

271 724 316 749 ea
356 722 436 747 non
479 708 529 746 ad
569 686 794 759 essentiam,
835 711 904 748 sed
941 710 990 747 ad
1026 708 1361 774 personalitatem.
1403 721 1531 759 neque
1559 710 1663 748 enim
1691 711 1875 761 essentia
1905 713 1983 760 qua
2011 711 2199 771 essentia,

270 763 501 813 principium
536 762 671 811 habet,
709 763 779 800 sed
810 775 978 812 persona
1009 762 1099 812 filij,
1129 764 1205 811 qua
1233 762 1362 812 genita
1389 763 1425 800 &
1453 762 1571 800 filiata
1602 763 1670 807 (sic
1698 763 1889 812 dicamus)
1917 765 2036 803 habet
2062 763 2203 814 princi-

269 816 374 866 pium
403 828 424 852 a
452 821 577 864 patre,
607 815 832 865 essentiam
866 815 1006 865 vitam,
1035 817 1108 853 &a
1137 815 1362 853 Secundum
1392 815 1599 854 essentiam
1628 815 1759 865 itaque
1785 816 1904 855 Filius
1924 824 1981 855 est
1998 834 2046 855 αι
2034 819 2204 868 πόθει-ος,

269 868 485 907 secundum
512 867 826 916 personalitatem
853 871 875 905 a
904 870 1029 906 Patre.

328 922 383 958 16.
440 920 595 969 Semper
629 927 856 969 generatam
893 923 981 958 cum
1019 920 1204 970 dicimus,
1243 921 1455 959 secundum
1486 921 1695 971 Augustini
1723 922 1759 959 δι
1788 921 1967 972 Gregorij
1996 923 2203 972 placitum,

270 974 352 1022 ((1111
395 980 433 1010 vt
473 973 572 1011 filius
608 986 761 1023 semper
795 981 999 1023 generatus
1027 986 1111 1011 esse
1139 975 1258 1023 quam
1286 986 1440 1023 semper
1466 974 1643 1024 generari
1671 973 1866 1013 diceretur
1893 977 2126 1025 maluerunt)
2154 975 2205 1012 ad

271 1028 490 1075 aeternum,
519 1026 825 1073 indesinentem,
855 1028 890 1064 ἃ
925 1026 1006 1065 sine
1034 1026 1304 1077 successione,
1333 1027 1368 1064 δε
1396 1027 1653 1065 innouatione
1685 1027 1917 1066 continuum
1945 1027 2205 1078 generationis

272 1087 400 1117 actum
429 1079 496 1128 (de
525 1091 604 1128 quo
632 1079 796 1129 egimus)
813 1080 1072 1145 respicimus,
1102 1079 1318 1118 secundum
1348 1091 1465 1129 quem
1494 1080 1633 1118 Filium
1663 1092 1818 1139 semper
1846 1088 2074 1130 generatum
2104 1093 2205 1130 esse,

272 1132 466 1182 generari,
495 1132 530 1168 &
559 1140 782 1181 generatum
810 1132 855 1170 iri
877 1135 966 1171 ve1e
995 1133 1072 1171 dici
1101 1139 1244 1182 potest:
1274 1132 1594 1182 quandoquidem
1623 1133 1829 1172 aeternitas
1847 1135 2081 1193 (absolutam
2099 1133 2204 1182 dico)

273 1183 566 1223 interminabilis
595 1192 671 1235 est,
701 1186 736 1222 &
764 1187 814 1223 ab
842 1193 931 1223 ante
957 1186 992 1222 Sc
1020 1199 1042 1223 a
1071 1192 1159 1236 post
1187 1187 1242 1234 (vt
1271 1187 1484 1235 loquuntur
1511 1185 1748 1234 scholastici)
1777 1187 1813 1224 &
1841 1187 1923 1225 sine
1954 1186 2206 1225 innouatione

277 1245 361 1275 tota
387 1237 512 1275 simul.

330 1303 388 1339 17.
443 1290 675 1328 Distinctam
718 1304 800 1330 esse
834 1294 857 1329 a
890 1304 1059 1341 persona
1086 1290 1204 1341 patris
1232 1304 1440 1341 personam
1469 1291 1553 1340 Filij
1584 1291 1775 1343 vidimus,
1805 1293 1895 1330 cum
1922 1278 2036 1330 illam
2054 1293 2104 1330 ab
2131 1292 2206 1330 hac

274 1343 520 1381 distinximus
546 1344 717 1381 realiter:
746 1347 769 1382 a
800 1344 943 1394 Spiritu
970 1344 1086 1382 etiam
1115 1345 1259 1382 Sancto
1289 1344 1513 1384 distinctam
1537 1358 1622 1383 esse
1636 1353 1719 1383 tum
1735 1344 1913 1395 superior
1929 1344 2064 1383 docuit
2079 1344 2206 1394 dispu-

274 1397 390 1447 tatio,
418 1403 500 1434 tum
528 1396 644 1434 etiam
672 1397 831 1435 docebit
859 1397 910 1447 is,
939 1398 1005 1447 qni
1032 1398 1082 1435 de
1110 1397 1253 1447 Spiritu
1283 1398 1426 1436 Sancto
1455 1405 1610 1436 acturus
1639 1405 1697 1436 est
1727 1398 1983 1448 singulariter.

333 1453 390 1487 18.
446 1449 550 1486 Patri
592 1451 802 1498 ὁμοούσιον
845 1463 922 1487 csse
962 1450 1267 1501 ostenderimus,
1303 1451 1333 1488 si
1362 1463 1451 1489 eum
1490 1462 1580 1489 cum
1608 1452 1720 1489 Patre
1749 1452 1784 1488 &
1812 1452 1878 1501 Sp.
1907 1451 2052 1488 Sancto
2081 1451 2207 1487 solum

276 1504 403 1539 Deum
432 1515 516 1540 esse
543 1503 872 1540 demonstremus:
904 1504 981 1541 hoc
1010 1503 1424 1553 demonstrauerimus,
1451 1515 1542 1542 cum
1563 1515 1700 1542 verum
1714 1505 1844 1542 Deum
1859 1516 1941 1542 esse
1957 1503 2206 1541 euicerimus:

275 1557 381 1593 Deus
422 1555 524 1593 enim
566 1562 698 1593 noster
739 1556 845 1593 Deus
890 1568 986 1594 vnus
1028 1563 1104 1594 est:
1151 1557 1266 1594 Deut.
1296 1558 1330 1595 6.
1359 1570 1394 1604 4.
1449 1558 1588 1594 Verum
1616 1563 1740 1595 autem
1769 1558 1896 1594 Deum
1925 1569 2023 1606 esse,
2052 1568 2133 1593 non
2162 1569 2208 1593 ex

276 1608 476 1658 omnibus,
517 1609 586 1646 sed
623 1620 671 1645 ex
699 1608 917 1658 praecipuis
946 1621 1045 1658 quae
1074 1623 1121 1647 ex
1149 1608 1346 1658 Scriptura
1375 1611 1413 1648 S.
1443 1617 1626 1658 petuntur
1654 1609 1911 1660 argumentis,
1941 1608 2208 1658 probauimus.

332 1674 390 1711 19.
445 1661 616 1699 Primum
655 1661 787 1710 itaque
827 1663 903 1699 hoc
940 1662 1180 1700 ostendimus
1216 1675 1263 1699 ex
1292 1662 1514 1700 nominibus
1542 1662 1727 1712 propriis,
1757 1662 1897 1711 quibus
1926 1674 2093 1711 persona
2121 1660 2204 1709 Filij

274 1713 313 1751 in
338 1716 374 1752 S.
405 1715 522 1752 Sacra
547 1712 771 1763 insignitur,
801 1727 882 1752 non
910 1715 981 1752 nisi
1009 1715 1063 1763 ei,
1096 1715 1162 1764 qui
1189 1717 1279 1752 vere
1310 1716 1417 1753 Deus
1447 1722 1503 1754 est
1531 1715 1865 1766 competentibus,
1882 1722 1922 1753 vt
1937 1717 2081 1764 puta.1.
2098 1714 2207 1763 quod

276 1766 392 1805 Filius
420 1767 459 1804 in
488 1766 684 1816 Scriptura
710 1768 942 1816 appellatur:
971 1780 1098 1817 neque
1127 1768 1229 1806 enim
1258 1767 1520 1817 institutione,
1548 1775 1663 1818 prout
1678 1768 1810 1817 electi,
1827 1769 1899 1806 &c.
1913 1767 2032 1806 Filius
2047 1767 2206 1816 dicitur,

276 1820 345 1857 sed
382 1821 547 1858 Natura:
586 1820 733 1856 Natura
762 1823 854 1858 vero
884 1832 972 1859 eum
1000 1820 1077 1859 dici
1106 1819 1227 1858 filium
1255 1832 1302 1858 ex
1331 1832 1377 1858 eo
1402 1820 1609 1871 euincitur,
1639 1821 1746 1870 quod
1775 1833 1856 1858 non
1884 1821 2060 1859 absolute
2086 1819 2206 1857 Filius

277 1872 435 1922 dicitur,
465 1873 532 1911 sed
560 1874 590 1909 Ι.
621 1872 820 1923 proprius,
849 1874 962 1912 Rom.
991 1876 1029 1911 8.
1066 1886 1128 1921 32.
1157 1873 1337 1922 proprius
1364 1881 1495 1911 autem
1522 1874 1620 1911 filius
1648 1874 1678 1911 is
1707 1880 1764 1911 est
1791 1873 1858 1922 qui
1886 1881 2023 1911 natura
2045 1879 2123 1911 est:
2141 1872 2207 1921 qui

277 1929 369 1964 vero
410 1925 667 1973 institutione,
708 1926 869 1973 figurate
909 1928 1035 1964 solum
1073 1926 1190 1964 Filius
1227 1925 1381 1964 dicitur.
1424 1928 1473 1964 ΙΙ.
1504 1926 1656 1964 Dicitur
1693 1925 1930 1975 vnigenitus,
1968 1927 2056 1963 lolz.
2083 1939 2114 1963 1.
2148 1927 2205 1962 18.

276 1978 515 2016 institutione
542 1980 636 2016 vero
666 1977 697 2015 si
724 1978 840 2016 Filius
869 1987 987 2025 esset,
1018 1992 1091 2017 nec
1119 1978 1291 2029 genitus,
1320 1977 1393 2017 nisi
1413 1979 1650 2028 aequiuoce,
1666 1992 1738 2017 nec
1758 1978 1976 2028 vnigenitus
1992 1979 2070 2016 vllo
2085 1978 2206 2016 modo

277 2038 386 2068 esset.
429 2033 499 2069 III.
527 2030 679 2068 Dicitur
708 2032 834 2069 omnis
864 2039 1061 2070 creaturae
1089 2031 1394 2081 primogenitus,
1428 2033 1509 2070 Col.
1543 2046 1575 2070 1.
1609 2042 1666 2081 15.
1696 2031 1810 2090 igitur
1830 2035 2039 2080 antequam
2053 2037 2206 2080 tempus

278 2083 317 2120 in
358 2084 580 2122 aeternitate
621 2083 751 2133 coepit
790 2084 907 2123 fluere
942 2085 1111 2134 genitus:
1149 2085 1199 2122 ab
1228 2092 1388 2122 aeterno
1418 2092 1547 2123 autem
1575 2084 1815 2123 institutione
1844 2084 1943 2122 filius
1970 2085 2097 2122 nullus
2123 2083 2205 2120 fuit.

279 2137 361 2174 Nec
390 2138 517 2174 obstat
543 2136 573 2174 si
597 2136 897 2186 primogenitum
928 2139 1086 2187 figurate
1115 2136 1239 2186 dicas,
1253 2149 1334 2196 pro
1364 2149 1411 2175 eo
1439 2137 1505 2187 qui
1533 2137 1676 2196 primas
1702 2145 1829 2187 partes
1851 2144 1956 2176 tenet
1969 2150 2009 2175 ln
2024 2135 2206 2174 creaturis

280 2189 476 2227 omnibus:
506 2191 610 2227 hunc
638 2189 741 2227 enim
769 2191 961 2229 honorem
986 2198 1094 2239 pater
1117 2189 1262 2228 nemini
1286 2203 1359 2228 nisi
1373 2189 1472 2228 F1ho
1489 2189 1688 2240 vnigenito
1705 2190 1863 2240 largitus
1878 2197 1956 2240 est,
1973 2190 2099 2227 Hebr.
2121 2202 2152 2227 1.
2170 2199 2206 2238 5.

335 2255 395 2280 20.
449 2242 618 2291 Deinde,
659 2242 767 2291 quod
806 2242 949 2292 passini
994 2244 1102 2294 λόγος
1142 2244 1374 2292 appellatur:
1413 2255 1494 2281 non
1533 2243 1637 2280 enim
1665 2245 1793 2281 solum
1821 2250 1999 2293 respectu
2025 2241 2140 2289 officij
2170 2242 2205 2278 &

279 2294 548 2344 operationum
581 2307 708 2332 sermo
737 2294 878 2333 dicitur
904 2299 1044 2345 relate,
1072 2296 1255 2334 videlicet
1283 2308 1360 2345 qua
1387 2307 1572 2334 arcanum
1601 2296 1674 2334 Dei
1702 2295 1820 2345 patris
1849 2297 1899 2334 de
1926 2302 2058 2334 nostra
2085 2296 2205 2332 salute

279 2347 482 2385 consilium
523 2347 637 2385 nobis
671 2348 873 2396 reuelauit,
909 2349 1086 2398 adeoque
1127 2349 1259 2387 omnia
1297 2349 1479 2387 mandata
1506 2356 1672 2399 paterna
1701 2348 1896 2398 exposuit:
1925 2359 2060 2387 verum
2089 2346 2205 2385 etiam

279 2406 456 2449 respectu
495 2407 655 2437 naturae
695 2401 890 2447 absolute,
933 2409 973 2440 vt
1006 2401 1123 2450 patris
1159 2401 1306 2440 aeterni
1333 2408 1511 2439 aeternus
1549 2409 1605 2439 est
1634 2402 1770 2440 Filius:
1801 2401 1988 2450 sapientia
2015 2407 2107 2450 puta
2137 2399 2204 2447 (sic

279 2455 435 2503 eadem,
464 2465 540 2501 qua
567 2465 693 2490 sermo
721 2453 868 2491 ratione
897 2454 1053 2502 dicitur)
1081 2456 1272 2492 Prouerb.
1302 2456 1336 2491 8.
1369 2467 1428 2492 22.
1456 2456 1506 2492 ab
1534 2461 1693 2492 aeterno
1721 2468 1761 2492 se
1789 2454 1960 2504 genitam
1988 2466 2072 2492 esse
2092 2452 2203 2490 dicit:

278 2505 309 2543 si
336 2509 428 2544 vero
456 2505 607 2556 genita,
634 2508 769 2543 natura
798 2506 904 2557 talis,
933 2508 968 2544 &
995 2508 1185 2545 absolute.
1227 2509 1430 2545 Praeterea
1451 2507 1481 2544 si
1504 2507 1624 2545 filium
1640 2509 1758 2545 relate
1775 2508 1900 2545 solum
1919 2508 2028 2558 λόγον
2041 2504 2204 2556 dixeris,

278 2566 343 2596 aut
369 2558 564 2597 internum
592 2559 628 2595 &
656 2559 877 2597 absolutum
905 2572 1126 2598 sermonem
1153 2572 1234 2598 non
1262 2561 1381 2598 habet
1395 2561 1722 2611 Deus,tantoque
1736 2559 1992 2609 intelligentes
2007 2565 2204 2597 creaturae

277 2619 365 2649 sunt
394 2611 690 2661 praestantiores
721 2612 845 2661 (quod
873 2612 986 2661 absit)
1014 2620 1189 2651 creatore
1215 2625 1308 2661 suo,
1336 2612 1402 2661 (1111
1430 2624 1519 2651 eum
1547 2614 1708 2651 habent:
1739 2620 1803 2651 aut
1832 2613 1862 2651 si
1877 2612 2072 2650 internum
2087 2612 2205 2649 habet

278 2664 343 2713 (1111
370 2677 450 2702 non
478 2664 525 2703 sit
552 2663 688 2714 Filius,
717 2666 804 2702 Deo
828 2677 1027 2704 sermones
1052 2665 1176 2715 reipsa
1199 2666 1277 2704 duo
1293 2672 1398 2713 sunt3
1413 2665 1581 2715 ideoque
1596 2667 1703 2704 Deus
1719 2678 1799 2704 non
1816 2672 1872 2703 est
1886 2664 2203 2714 simplicissimus.

331 2731 389 2754 21.
445 2717 624 2766 Denique
653 2716 791 2754 dicitur
817 2718 946 2768 imago
974 2718 1046 2755 Dei
1074 2717 1338 2768 inconspicui,
1372 2719 1450 2755 Col.
1484 2732 1516 2757 1.
1550 2729 1609 2768 15.
1641 2718 1788 2768 duplici
1816 2717 1975 2767 quidem
2002 2722 2198 2766 respectu:

277 2771 345 2807 sed
386 2784 432 2807 ex
471 2777 636 2819 Vtroque
675 2776 811 2808 natura
851 2772 924 2809 Dei
958 2770 1096 2821 filium,
1131 2783 1342 2821 verumque
1370 2772 1406 2809 32
1433 2777 1632 2809 aeternum
1661 2773 1789 2809 Deum
1817 2783 1901 2809 esse
1926 2769 2200 2809 concludimus

1965 2821 2199 2862 necessario.
