2334 3020
258 76 307 115 80
882 81 948 109 DE
988 82 1134 109 VERA
1176 80 1531 110 TH-EOLOGIA.

259 193 347 230 Deo
384 187 676 228 communicatis
703 187 896 225 asseritur.
924 188 995 225 Est
1021 186 1124 225 enim
1159 186 1353 225 rectitudo
1381 187 1545 238 duplex,
1572 186 1654 225 siue
1684 188 1910 237 κατόρθωμα
1938 189 1974 225 &
2002 187 2175 227 officium

261 257 284 282 a
323 245 409 281 Deo
449 241 580 291 generi
619 241 789 277 humano
826 239 1096 277 constitutum:
1130 251 1272 289 vnum,
1307 251 1533 289 commune,
1571 241 1676 278 bona
1711 252 1759 277 ex
1795 246 1905 288 parte
1941 252 2032 278 cum
2060 242 2174 279 rebus

261 294 420 334 caeteris
454 304 552 342 quae
588 292 626 330 in
664 293 737 329 hac
774 291 1019 330 vniuersitate
1052 298 1160 343 sunt·
1187 304 1329 350 nempe
1357 291 1415 329 ius
1441 299 1618 342 naturae,
1645 293 1754 341 quod
1782 293 1970 331 docemur
1996 292 2177 331 instinctu

260 347 376 386 illius:
414 347 611 395 Alterum,
652 344 844 394 singulare
880 343 1040 381 humani
1074 343 1248 394 generis,
1281 346 1416 394 vtpote
1453 345 1562 393 (111οᾶ
1598 345 1724 383 solum
1761 344 1811 382 ad
1847 344 2056 395 imaginem
2100 346 2176 384 Dei

260 406 430 438 creatum
469 405 547 449 est,
575 397 632 435 ius
661 408 837 446 morum,
866 407 934 434 5011
967 398 1114 434 morale
1142 396 1302 434 (11011110.
1341 398 1402 434 Ex
1428 396 1495 434 illo
1522 397 1603 435 iure
1629 398 1736 435 bona
1763 398 1799 434 &
1827 399 1930 436 mala
1956 398 2175 436 secundum

260 459 455 501 naturam,
484 464 531 488 ex
558 451 634 488 1100
662 451 767 487 bona
795 449 830 485 &
857 449 960 486 mala
985 449 1200 487 secundum
1227 461 1377 499 mores,
1404 448 1446 487 id
1473 456 1550 499 est,
1579 449 1737 488 virtutes
1761 449 1931 500 vitiaque
1950 457 2175 489 censentur.

259 506 330 543 Illa
356 507 379 542 a
405 502 595 561 principio
624 500 842 547 communi,
872 501 981 550 quod
1007 507 1166 541 naturae
1192 501 1419 540 instinctum
1445 508 1510 539 aut
1525 503 1764 540 voluntatem
1779 505 1994 541 naturalem
2009 510 2175 554 vocant,

259 559 356 595 haec
394 570 418 594 a
457 554 649 605 principio
686 552 868 604 singulari
892 553 1143 605 internoque,
1172 555 1282 613 quod
1311 560 1502 604 mentem,
1529 553 1571 594 id
1598 561 1673 604 est,
1704 555 1862 594 rationis
1891 555 2175 606 voluntatisque

259 612 407 648 fontem
434 609 588 657 dicunt,
615 605 911 656 proficiscentia.
940 607 1034 644 Hoc
1061 610 1153 646 vero
1181 607 1239 645 ius
1269 618 1445 657 morum,
1474 619 1553 656 quo
1580 607 1760 646 homines
1789 609 1839 647 ad
1865 610 1994 647 Deum
2022 616 2178 659 oportet

260 662 467 708 accedere,
508 662 544 698 &
584 672 713 697 sacrae
752 658 942 697 voluntati
982 659 1082 710 eius,
1124 662 1241 710 quam
1275 659 1441 698 maxime
1475 659 1558 698 fieri
1586 666 1739 710 potest,
1772 661 2030 712 conformari,
2061 662 2178 700 Sacra

258 713 476 773 Theologia
503 712 662 762 exponit
689 711 986 762 perfectissime·
1012 713 1200 751 naturalia
1226 712 1414 762 principia
1441 711 1648 751 vitiositate
1674 720 1806 752 nostra
1827 714 1866 752 in
1880 714 1996 753 nobis
2011 715 2178 765 obtura,

260 767 369 816 quasi
398 765 592 805 refodiens
621 766 656 802 &
685 764 926 814 perfectione
952 764 1123 816 donans3
1151 765 1392 815 gloriamque
1420 766 1749 814 supernaturalem
1776 773 1883 805 tanta
1908 768 2016 817 luce,
2043 767 2121 805 fide
2142 767 2177 804 &

258 819 397 857 virtute
437 830 637 877 exponens
677 825 766 856 31110
806 818 944 856 0011105
975 824 1149 868 nostros,
1187 825 1228 856 vt
1262 817 1359 856 nihil
1387 819 1438 856 ad
1463 819 1566 856 hanc
1595 818 1824 868 sapientiam
1851 827 2037 859 caeterae.
2067 821 2181 858 Haec

261 871 376 921 igitur
412 870 625 909 certissima
652 877 709 909 est
740 870 920 920 materia,
947 870 986 907 in
1014 881 1092 919 qua
1118 870 1337 921 Theologia
1361 877 1494 908 nostra
1519 872 1608 909 Deo
1637 877 1796 910 auctore
1824 873 1860 910 &
1887 873 1987 911 duce
2015 884 2182 922 occupa-

260 930 339 974 tur,
381 925 417 962 81
455 924 492 962 in
535 935 632 973 qua,
674 923 705 961 si
744 935 817 961 nos
859 923 1156 972 occupabimus‚
1198 937 1289 963 vere
1329 925 1504 962 fururum
1546 930 1621 974 est,
1650 930 1691 962 vt
1718 931 1863 964 retecta
1889 925 1988 964 facie
2016 925 2181 975 gloriam

255 976 415 1015 Domini
453 983 637 1026 tanquam
676 976 716 1014 in
756 978 915 1025 speculo
944 975 1154 1028 intuentes,
1181 976 1220 1015 in
1263 976 1441 1015 eamdem
1471 976 1701 1028 imaginem,
1730 984 1927 1028 tamquam
1954 981 1977 1016 a
2004 978 2180 1016 Domino

254 1029 388 1079 spiritu
414 1030 748 1068 transformemur.
779 1043 799 1067 2
834 1029 925 1067 Cor.
954 1041 991 1077 3.
1025 1031 1086 1068 18.

989 1325 1216 1363 CAPVT
1256 1325 1424 1363 XIIII

787 1443 851 1482 De
879 1456 997 1481 causa
1015 1443 1189 1492 formali
1220 1443 1259 1480 T
1252 1444 1448 1491 heologiae
1475 1447 1642 1482 nostrae.

304 1561 526 1605 POSTQVAM
567 1560 668 1600 inter
705 1573 778 1600 nos
810 1561 860 1599 de
890 1560 1130 1611 Theologiae
1158 1567 1313 1599 nostrae
1341 1559 1501 1598 materia
1529 1559 1727 1609 conuenit,
1756 1559 1807 1597 ad
1834 1570 1992 1598 causam
2019 1561 2180 1598 alteram

254 1613 444 1652 internam
486 1613 567 1652 01115
606 1614 966 1664 recognoscendam
1001 1613 1201 1652 veniamus
1228 1625 1386 1651 necesse
1415 1619 1492 1662 est,
1521 1619 1562 1650 vt
1589 1611 1832 1651 essentialem
1861 1612 2180 1651 constitutionem

259 1666 338 1704 eius
364 1670 471 1705 certo
500 1673 710 1706 teneamus.
739 1668 797 1705 Ea
824 1673 953 1705 3111010
981 1673 1039 1705 051
1066 1667 1211 1717 forma,
1243 1665 1324 1704 sine
1352 1677 1429 1714 qua
1455 1665 1581 1703 omnis
1611 1665 1770 1703 materia
1799 1665 1908 1714 quasi
1932 1665 2081 1704 infinita
2103 1673 2180 1715 051,

254 1720 289 1756 &
317 1719 601 1771 ἀκατάληπτος,
632 1721 668 1757 &
695 1733 764 1770 per
791 1731 909 1769 quam
937 1719 1120 1758 materiae
1147 1718 1434 1769 superadditam
1463 1717 1518 1756 rei
1545 1724 1682 1756 natura
1709 1719 1791 1756 111111
1818 1718 1857 1756 10
1881 1730 1922 1756 50
1938 1717 2021 1768 ipsa
2035 1718 2180 1757 consti·

257 1771 397 1822 tuitur,
437 1780 521 1810 tum
561 1774 653 1811 vero
690 1772 901 1823 percipitur
941 1772 1141 1810 intellectu
1180 1778 1328 1810 nostro.
1367 1772 1552 1809 Formam
1588 1770 1704 1820 igitur
1732 1770 1974 1821 Theologiae
2001 1771 2179 1810 absolute

256 1824 381 1862 dictae
407 1824 540 1874 paucis
568 1825 697 1864 verbis
724 1824 1079 1864 circumscribimus
1106 1824 1145 1862 in
1173 1826 1277 1863 hunc
1306 1824 1489 1873 modum,
1519 1825 1630 1862 lees.
1656 1835 1754 1862 xxv,
1783 1825 1934 1862 Forma
1955 1825 2183 1872 Theologiae

257 1883 314 1915 est
345 1879 487 1915 veritas
516 1879 673 1926 diuma,·
701 1891 798 1928 quae
822 1880 862 1916 in
897 1879 1105 1927 Theologza
1132 1878 1318 1927 bifariam
1345 1878 1519 1915 consula
1521 1882 1636 1914 atur:
1664 1889 1753 1914 nam
1781 1882 1852 1914 avt
1875 1882 1973 1927 tota,
1999 1878 2062 1915 vel
2074 1884 2181 1928 pars

259 1931 372 1968 totzus
398 1931 530 1979 alzqua
556 1933 775 1982 szmpliczter
803 1935 842 1969 in
869 1944 964 1981 sese,
993 1937 1063 1969 aut
1077 1937 1218 1982 partes
1245 1932 1345 1968 altae
1371 1942 1453 1967 cml
1481 1931 1569 1967 aliis
1596 1930 1696 1967 inter
1715 1942 1754 1967 se
1775 1930 2066 1968 conszderantur
2080 1931 2182 1968 zusta

257 1984 553 2033 comparatwne.
594 1983 670 2022 His
704 1985 799 2033 au(f.
838 1994 934 2033 1405
942 1986 1050 2034 .)tem
1085 1983 1214 2022 verbis
1241 1984 1319 2022 duo
1348 1982 1518 2021 breuiter
1544 1984 1567 2019 a
1598 1981 1713 2020 nobis
1742 1988 2009 2033 exponuntur,
2036 1982 2076 2020 in
2104 1983 2183 2020 hoc

257 2034 429 2073 instituto
457 2035 720 2087 maximopere
745 2037 978 2075 necessaria:
1004 2038 1137 2074 Vnum
1165 2043 1240 2087 est,
1268 2048 1461 2085 quaenam
1488 2034 1536 2073 sit
1563 2034 1602 2072 in
1630 2034 1756 2084 seipsa
1771 2036 1919 2073 formae
1933 2035 2046 2074 huius
2059 2034 2180 2073 ratio:

257 2088 453 2138 Alterum,
494 2101 593 2137 quae
620 2089 717 2128 ratio
760 2089 932 2128 eiusdem
970 2089 1084 2128 nobis
1119 2089 1395 2148 exponendae,
1430 2090 1465 2126 &
1501 2086 1794 2137 percipiendae,
1832 2088 2049 2126 seeundum
2076 2087 2182 2126 illam

259 2139 503 2198 disciplinam
530 2143 735 2180 salutarem
761 2154 878 2192 quam
907 2143 1014 2180 Deus
1041 2155 1110 2192 per
1136 2141 1299 2193 gratiani
1326 2141 1365 2179 in
1385 2117 1572 2178 homines
1601 2141 1782 2179 collatam
1809 2141 1945 2179 voluit.
1973 2140 2182 2179 Rationem

258 2191 373 2241 igitur
412 2192 524 2232 huius
559 2194 770 2233 essentialis
800 2196 949 2233 formae
978 2194 1183 2234 definimus
1206 2194 1397 2240 dicentes,
1417 2195 1561 2242 forma
1586 2199 1643 2231 est
1668 2195 1800 2231 di'mna
1827 2195 1988 2232 verzsstas
2020 2195 2182 2232 alterum

257 2245 390 2283 locum
418 2247 664 2295 sequentibus
692 2247 818 2287 verbis
847 2248 1090 2297 exponimus.
1116 2250 1177 2286 Ac
1205 2247 1407 2286 veritatem
1430 2245 1588 2295 quidem
1603 2246 1844 2296 Theologiae
1863 2248 2040 2285 absolute
2055 2246 2181 2284 dictae

261 2299 426 2336 formam
468 2300 709 2338 essentialem
752 2313 857 2350 0550,
885 2313 1002 2339 nemo
1029 2301 1088 2339 vir
1114 2301 1199 2351 pius
1226 2307 1285 2339 051
1310 2299 1573 2338 dubitaturus:
1600 2298 1631 2336 si
1658 2298 1816 2348 quidem
1844 2299 2000 2338 Christo
2028 2311 2181 2337 summo

260 2351 473 2400 prophetae
513 2353 548 2390 &
582 2353 748 2391 Doctori
783 2360 917 2392 1105110
952 2353 1159 2392 crediderit
1186 2352 1351 2403 dicenti,
1384 2352 1593 2399 Sanctifica
1622 2364 1682 2389 eos
1709 2353 1867 2390 veritate
1894 2358 1982 2390 tua:
2021 2353 2182 2389 Verbum

260 2409 363 2441 tuum
391 2409 449 2442 est
472 2406 627 2444 veritas.
664 2406 962 2454 I0a22.17.17.
1005 2407 1081 2445 Sed
1108 2406 1198 2456 quia
1224 2404 1393 2445 veritatis
1419 2416 1588 2454 nornen,
1616 2404 1724 2453 quod
1751 2403 1790 2442 in
1818 2406 1935 2464 vulgo
1962 2404 2183 2454 promiscue

261 2454 420 2506 dicitur,
455 2469 535 2495 non
564 2463 643 2495 13111
677 2460 797 2496 ferme
825 2458 1048 2509 intelligitur
1073 2467 1203 2498 mente
1230 2461 1348 2509 quarn
1376 2456 1641 2495 circumfertur
1667 2456 1707 2495 in
1734 2469 1802 2495 ore
1830 2457 2026 2508 omnium,
2055 2457 2181 2495 decla-

261 2507 451 2547 rationem
479 2509 560 2548 eius
587 2510 625 2548 in
654 2511 731 2548 hoc
758 2517 934 2561 tempore
963 2512 1096 2562 paucis
1124 2513 1359 2551 adferemus.
1385 2509 1599 2548 Veritatem
1627 2508 1741 2559 igitur
1768 2509 1913 2560 optime
1926 2487 2074 2549 veteies
2091 2521 2182 2547 cum

259 2560 383 2612 Ente,
414 2564 470 2610 (vt
496 2564 655 2611 vocant)
683 2563 724 2601 id
752 2571 832 2612 est,
861 2575 950 2602 011111
977 2577 1025 2603 eo
1053 2566 1162 2615 quod
1190 2572 1269 2616 est,
1297 2561 1474 2603 conuerti
1496 2562 1532 2599 ὃ(
1556 2562 2179 2613 aequ1parar1pronuncrauerunt

261 2625 353 2651 nam
382 2613 568 2664 quicquid
609 2623 687 2667 est,
716 2629 762 2655 00
792 2616 877 2666 ipso
905 2618 1014 2666 quod
1042 2625 1117 2669 051,
1146 2630 1280 2656 verum
1314 2623 1387 2656 est:
1417 2617 1453 2654 &
1482 2621 1619 2653 contra
1647 2614 1834 2664 quicquid
1860 2627 1995 2654 verum
2027 2621 2105 2665 est,
2133 2627 2181 2652 eo

261 2664 347 2715 ipso
374 2673 448 2717 est,
475 2680 554 2717 quo
582 2681 717 2707 verum
745 2676 813 2708 est.
843 2670 956 2707 Haec
984 2670 1036 2709 ita
1062 2671 1281 2710 necessario
1310 2680 1462 2729 semper
1491 2667 1590 2705 inter
1617 2680 1658 2706 se
1686 2669 1916 2719 cohaerent,
1941 2667 2183 2718 reciprocan-

260 2721 420 2770 turque,
462 2720 497 2757 81
540 2720 639 2760 inter
681 2734 721 2760 se
749 2729 992 2774 commeant,
1021 2730 1062 2762 vt
1090 2723 1187 2762 nihil
1215 2725 1330 2773 plane
1356 2722 1396 2761 in
1424 2732 1553 2759 rerum
1584 2727 1742 2771 natura,
1770 2728 1836 2759 aut
1862 2733 1978 2771 supra
2005 2727 2181 2759 naturam

2042 2772 2184 2812 adferri
