2334 3020
239 106 312 140 124
874 99 1092 126 THESES
1134 97 1562 126 THEOLOGICAE.

285 212 322 248 8,
378 208 455 255 Qui
506 206 637 244 Sacris
682 205 803 243 literis
846 204 994 253 aliquid
1035 205 1271 255 detulerunt,
1307 205 1356 242 de
1388 217 1456 255 eo,
1490 217 1539 242 an
1566 205 1674 242 Deus
1701 203 1748 241 sit
1775 201 1957 253 essentia,
1983 214 2174 252 nusquam

233 257 503 312 ‹tlriaestionem
538 265 776 306 mouerunt,
805 258 875 295 sed
904 257 953 295 de
981 269 1029 295 eo
1058 258 1229 306 tantum,
1257 269 1306 294 an
1333 257 1497 295 essentia
1524 257 1573 295 de
1599 258 1688 295 Deo
1716 255 1905 294 enuntiari
1929 255 2068 305 possit,
2085 257 2174 294 cum

235 319 292 365 (vt
319 313 522 359 dicebant)
552 312 703 349 nullam
734 310 922 348 essentiae
950 310 1024 347 Dei
1052 309 1291 347 mentionem
1320 310 1518 359 Scriptura
1545 309 1678 359 faciat,
1706 321 1840 347 verum
1863 308 2040 357 quamuis
2061 322 2175 347 voca-

235 368 370 406 bulum
413 363 628 413 essentiae,
672 363 839 401 totidem
877 361 995 400 literis
1031 374 1112 400 non
1154 361 1433 411 exprimeretur
1477 362 1515 400 in
1557 362 1755 411 Scriptura
1782 361 1907 410 (quod
1934 362 2070 400 falsum
2097 368 2176 410 est,

235 422 358 458 Pron.
392 420 430 455 8.
463 416 542 468 14.)
585 422 737 464 tamen,
783 415 871 464 quia
902 414 1186 463 aequiualentia
1212 414 1474 465 reperiuntur,
1501 421 1542 453 vt
1571 418 1742 464 θειότης,
1777 416 1891 453 Rom.
1930 427 1964 453 1.
1993 427 2053 453 20.
2081 417 2176 453 θεοῦ

241 474 377 521 φύσις,
413 471 503 508 Gal.
533 482 569 516 4.
601 471 637 507 8.
672 469 796 517 μορφή
825 471 936 518 19605,
965 469 1070 506 Phil.
1102 481 1136 505 2.
1164 469 1200 504 6.
1224 467 1258 504 &
1281 466 1488 516 coniugata
1514 466 1632 516 ipsius
1645 466 1902 517 vocabuli,vt
1916 473 2003 505 sunt
2016 467 2176 505 nomina

237 523 332 570 Dei7
375 522 547 573 Iehoua,
584 522 674 572 1ah3
712 520 854 568 Eheie,
893 517 962 570 ὤν,
991 520 1072 558 siue
1100 520 1268 570 airum,
1298 519 1463 558 dicimus
1490 521 1622 558 sancte
1649 521 1685 557 &
1712 520 1774 569 pie
1800 519 1839 558 in
1866 521 1943 558 hoc
1971 521 2175 570 mysterio,

237 576 332 614 olim
362 578 385 613 a
412 576 487 613 Dei
516 573 658 624 seruis,
687 573 926 611 vocabulum
955 572 1158 612 Essentiae
1186 579 1412 622 vsurpatum
1441 586 1524 611 esse
1553 573 1589 609 &
1615 583 1719 610 nunc
1746 572 1932 623 vsurpari.

291 642 328 678 9.
385 628 505 675 Quod
534 627 565 666 si
596 628 746 664 Natura
773 624 954 664 homines
983 624 1143 676 quosuis
1171 624 1301 674 aliquo
1330 626 1452 664 modo
1481 626 1623 663 doceat
1649 625 1778 664 Deum
1800 624 2174 673 esse,&essentiam

238 694 321 719 esse
363 681 558 730 primam,
603 685 806 730 sequetur,
851 678 965 717 simul
1007 679 1152 717 docere
1194 691 1281 730 eos,
1319 678 1395 716 Dei
1426 678 1632 717 essentiam
1659 689 1743 716 esse
1770 679 1883 716 aliam
1913 679 1963 717 ab
1993 677 2176 717 omnibus

237 733 430 784 essentiis,
472 739 553 770 tam
597 730 875 782 metaphysicis
917 734 1036 781 quam
1078 730 1266 781 physicis,
1308 730 1399 780 quia
1434 734 1492 780 (vt
1518 730 1665 779 reliqua
1693 731 1930 781 antiquitatis
1956 730 2176 770 testimonia

237 788 402 835 taceam)
433 787 507 824 hae
535 784 773 835 principium
801 787 836 823 ἃ
866 785 1006 832 finem,
1034 784 1122 822 illae
1150 783 1383 834 principium
1411 785 1578 829 habent..
1605 783 1681 822 Dei
1707 788 1802 823 vero
1826 784 2031 823 essentiam
2054 794 2174 833 quum

237 840 402 877 dicimus
432 838 620 889 primam,
649 841 672 876 a
699 839 808 876 nullo
837 837 1072 887 principium
1100 838 1244 875 habere
1273 837 1455 888 dicimus,
1485 836 1575 886 quia
1603 836 1699 874 nihil
1720 837 1824 886 prius
1839 837 1978 887 primo.
2007 836 2047 875 Si
2060 836 2176 875 aliam

235 894 285 931 ab
321 892 504 930 omnibus
542 890 738 937 essentiis,
770 893 805 929 δι
834 891 999 940 primam
1030 889 1237 928 essentiam
1266 903 1372 940 esse,
1400 897 1483 928 tum
1512 890 1547 928 ei
1575 890 1691 927 tribui
1719 896 1902 940 oportere
1931 903 2066 928 omnes
2094 903 2177 939 per-

236 945 446 995 fectiones,
477 956 575 994 quas
603 944 642 983 in
672 943 859 982 creaturis
887 943 1251 992 animaduertimus,
1283 943 1392 992 quod
1421 945 1596 981 fecerunt
1624 942 1782 981 Ethnici
1797 944 1878 981 sola
1893 950 2052 981 naturae
2067 943 2176 991 luce,

239 997 441 1049 scientias,
470 1005 590 1048 artes,
618 999 653 1035 &
681 996 869 1046 quicquid
896 996 1057 1035 alicuius
1084 996 1195 1046 pretij
1226 996 1413 1034 videbant
1441 1009 1546 1047 esse,
1573 996 1624 1034 ad
1652 997 1781 1034 Deum
1810 997 2031 1034 referentes.
2073 995 2113 1033 Si
2141 995 2177 1033 ei

239 1052 407 1089 tribuere
449 1063 586 1089 omnes
624 1042 881 1100 perfectiones
919 1050 1154 1099 edocemur,
1189 1056 1272 1087 tum
1298 1062 1380 1087 non
1408 1049 1604 1100 humano,
1633 1049 1700 1087 sed
1729 1048 1883 1096 diuino,
1911 1062 1993 1087 non
2019 1055 2176 1098 nostro,

238 1105 306 1142 sed
335 1117 405 1142 suo
436 1104 769 1153 supereminente,
799 1105 833 1141 δι
861 1104 1035 1153 perfecto
1064 1103 1185 1140 modo
1212 1102 1410 1141 enunciari
1439 1103 1583 1141 debere
1611 1102 1724 1140 simul
1753 1102 1983 1152 edocemur,
2007 1104 2042 1140 &
2066 1112 2175 1151 repu-

240 1164 321 1195 tare
350 1156 600 1206 perfectionis
629 1157 826 1205 vmbram,
857 1168 957 1205 quae
983 1157 1023 1194 in
1050 1156 1234 1194 creaturis
1260 1155 1451 1205 cernitur,
1479 1168 1562 1194 esse
1590 1156 1640 1193 ab
1669 1154 1774 1206 ipso,
1804 1155 1870 1205 qui
1896 1155 2062 1194 vniuoce
2091 1168 2174 1205 per-

239 1213 362 1248 fectus
392 1216 467 1248 est:
497 1210 605 1259 quod
634 1208 770 1248 fecisse
799 1210 989 1247 Ethnicos
1016 1208 1194 1247 videmus
1224 1221 1272 1247 ex
1299 1215 1447 1248 natura.

295 1276 354 1300 10.
410 1262 521 1300 Idem
556 1265 591 1300 ἃ
625 1262 765 1301 eodem
803 1261 941 1300 ordine
970 1262 1166 1312 Scriptura
1193 1262 1308 1301 nobis
1334 1261 1466 1300 tradit.
1505 1273 1529 1299 1.
1559 1260 1764 1300 essentiam
1792 1261 1887 1307 Dei,
1918 1263 2033 1311 longe
2060 1261 2174 1299 aliam

241 1328 325 1354 esse
352 1316 402 1354 ab
432 1315 614 1354 omnibus
642 1314 829 1364 essentiis,
860 1316 959 1354 Esa.
989 1328 1052 1362 40.
1085 1317 1144 1353 18.
1176 1325 1237 1364 25.
1270 1316 1366 1353 ΕΜ.
1399 1316 1463 1361 46.
1491 1328 1528 1363 9.
1561 1328 1595 1353 2.
1623 1314 1746 1352 nostri
1773 1327 1926 1361 caussa,
1957 1314 2047 1363 quia
2070 1327 2175 1363 mag-

237 1380 331 1405 num
362 1381 464 1419 esse,
493 1370 527 1406 &
556 1369 768 1418 excelsum,
791 1367 1041 1417 perfectionis
1068 1367 1228 1406 alicuius
1256 1367 1408 1406 videtur
1437 1379 1540 1418 esse,
1564 1369 1694 1405 Deum
1709 1380 1896 1418 magnum
1913 1368 2176 1417 &excelsum,

236 1422 446 1459 innumeris
484 1421 523 1458 in
558 1421 655 1459 locis
690 1428 909 1472 nuncupat,
945 1423 1066 1459 Dent.
1096 1432 1130 1469 7.
1162 1434 1223 1459 21.
1256 1422 1354 1459 Esa.
1385 1432 1446 1471 57.
1478 1433 1537 1469 13.
1574 1423 1773 1469 postremo
1802 1422 1932 1458 Deum
1960 1433 2043 1458 esse
2071 1433 2176 1469 mag-

238 1487 331 1512 num
373 1476 408 1512 &
451 1476 645 1512 excelsum
680 1473 813 1512 diuino
851 1474 994 1522 modo,
1035 1486 1116 1512 non
1153 1475 1326 1512 humano
1354 1480 1512 1523 nostro,
1540 1475 1624 1511 Iob.
1652 1484 1693 1512 ΙΙ.
1721 1476 1760 1512 8.
1787 1474 1885 1512 Esa.
1918 1475 1980 1522 56.
2009 1476 2045 1512 8.
2075 1488 2112 1523 9.
2139 1474 2175 1511 &

237 1539 392 1565 causam
421 1526 597 1565 omnium
626 1526 792 1576 entium,
821 1529 856 1565 ἃ
887 1527 1084 1577 omnium,
1112 1527 1151 1565 in
1180 1527 1362 1565 omnibus
1391 1527 1544 1564 entibus
1572 1526 1873 1576 perfectionum,
1901 1528 2014 1565 Rom.
2043 1537 2084 1566 11.
2112 1528 2176 1574 36.

236 1581 367 1618 Iacob.
396 1592 420 1617 1.
456 1591 514 1627 17.
543 1580 814 1628 Quamobrem
843 1580 960 1618 etiam
989 1579 1187 1630 Scriptura
1215 1579 1395 1618 enunciat
1423 1579 1498 1617 Dei
1526 1580 1709 1617 attributa
1735 1580 1775 1617 in
1802 1579 2011 1618 abstracto.

294 1646 352 1671 11.
406 1634 466 1670 Ex
494 1632 723 1681 supradictis
752 1631 945 1682 colligitur
972 1633 1205 1681 methodus,
1234 1645 1311 1682 qua
1337 1634 1445 1671 Deus
1473 1645 1543 1682 per
1570 1639 1730 1670 naturae
1759 1634 1794 1670 &
1818 1631 2038 1682 Scripturae
2054 1632 2177 1670 docu-

236 1691 389 1736 menta,
428 1686 479 1723 ad
522 1686 759 1735 ὖπερουσίου
790 1685 929 1727 οὐσίας
962 1697 1053 1723 suae
1085 1685 1351 1735 cognitionem
1385 1684 1556 1724 deducit.
1597 1685 1703 1723 Illius
1739 1692 1816 1723 tres
1844 1691 1931 1723 sunt
1958 1692 2086 1734 partes
2114 1686 2175 1723 vel

237 1737 391 1788 gradus.
421 1738 574 1776 Primus
601 1743 659 1775 est
685 1737 920 1788 negationis,
948 1739 1107 1787 quando
1137 1739 1185 1777 de
1213 1740 1300 1777 Deo
1328 1751 1410 1777 non
1437 1740 1613 1776 valentes
1641 1738 1739 1776 scire
1766 1739 1809 1786 (f.
1842 1739 1972 1786 1610.)
2000 1737 2094 1786 quid
2109 1737 2176 1787 sit,

237 1790 332 1839 quid
378 1803 459 1829 non
504 1791 551 1829 sit
579 1789 890 1840 consideramus,
931 1792 1173 1830 remouendo
1203 1804 1302 1841 quae
1332 1792 1367 1829 ei
1394 1804 1476 1829 non
1503 1791 1714 1829 conuenire
1740 1791 1932 1829 videntur.
1975 1791 2176 1829 Secundus

237 1850 314 1893 est,
343 1856 464 1892 quum
496 1845 549 1882 ob
579 1843 744 1881 eandem
773 1842 1033 1882 infirmitatem
1061 1851 1257 1895 nostram,
1284 1850 1325 1882 vt
1338 1843 1546 1894 aliqualem
1561 1843 1831 1894 aliam,quam
1847 1843 2178 1894 negatiuam,Dei

237 1897 505 1946 cognitionem
545 1897 782 1947 habeamus,
824 1896 1011 1946 quicquid
1051 1896 1229 1936 videmus
1269 1910 1362 1947 prae
1404 1910 1443 1936 se
1472 1898 1570 1934 ferre
1598 1897 1767 1945 aliquam
1796 1896 2061 1945 nobilitatem,
2088 1898 2176 1935 Deo

237 1948 453 1987 tribuimus.
500 1951 724 1987 Postremus
757 1955 835 1996 est,
877 1961 996 1998 quum
1031 1951 1195 1988 scientes
1223 1962 1322 1999 quae
1349 1951 1437 1988 Deo
1465 1949 1689 1997 tribuimus,
1717 1962 1798 1987 non
1827 1962 1940 1999 posse
1970 1949 2004 1987 ei
2031 1950 2178 1999 inesse,

239 2010 279 2040 vt
307 2001 421 2040 nobis
452 2002 602 2052 insunt,
631 2001 819 2051 quicquid
846 2002 1098 2041 enunciamus
1127 2004 1177 2041 de
1205 2004 1314 2053 Deo,
1341 2003 1594 2041 enunciamus
1621 2002 1800 2040 vniuoce.

299 2069 357 2094 12.
413 2057 525 2093 quta
564 2056 665 2093 hanc
706 2057 938 2094 methodum
974 2056 1139 2094 vidimus
1174 2056 1388 2106 generatim
1425 2058 1460 2094 ἃ
1489 2057 1649 2094 confuse
1676 2056 1774 2093 thesi
1802 2068 1907 2094 nona
1937 2057 1972 2094 ἃ*
2002 2054 2174 2106 decima,

242 2109 403 2157 qualiter
434 2110 457 2145 a
485 2107 598 2146 nobis
625 2120 673 2146 ex
700 2108 837 2147 natura
865 2112 900 2147 ἃ
929 2109 1141 2159 Scriptura,
1171 2109 1333 2147 essentia
1360 2109 1435 2147 Dei
1463 2109 1650 2158 cognosci
1678 2109 1810 2158 possit.
1845 2110 1959 2146 Nunc
1983 2107 2175 2159 sigillatim

243 2161 347 2199 idem
392 2160 604 2199 videndum
646 2167 721 2212 est,
765 2169 847 2200 tum
887 2162 1005 2200 deum
1041 2162 1256 2212 aliqualiter
1291 2161 1550 2200 describendo
1577 2162 1615 2199 in
1643 2162 1747 2199 hunc
1777 2162 1940 2199 modum
1969 2163 2092 2210 (Deus
2119 2167 2176 2199 est

243 2214 413 2252 essentia
441 2213 584 2263 prima,
613 2213 916 2266 simplicissima,
943 2214 1111 2266 infinita,
1141 2215 1273 2265 vnica,
1302 2214 1570 2263 immutabilis,
1598 2214 1755 2265 viuens,
1783 2214 2022 2264 intelligens,
2053 2214 2175 2252 omni-

239 2273 402 2316 potens,
443 2269 477 2304 δε
514 2266 805 2317 perfectissima)
832 2274 915 2305 tum
943 2268 1143 2311 attributa,
1171 2281 1218 2306 ex
1247 2268 1387 2318 quibus
1415 2268 1715 2317 descriptionem
1743 2268 2033 2317 contexuimus,
2063 2278 2175 2305 accu-

240 2319 358 2357 ratius
391 2319 647 2370 explicando,
675 2319 715 2357 in
744 2332 913 2370 quorum
942 2321 1169 2371 cognitione
1196 2320 1372 2360 consistit
1399 2320 1586 2359 essentiae
1614 2320 1767 2359 veritas.

296 2385 355 2421 13.
417 2372 589 2421 Quando
633 2372 796 2411 dicimus
837 2374 1022 2413 attributa
1049 2374 1257 2424 essentiae,
1286 2374 1594 2413 demonstramus
1622 2386 1694 2411 nos
1723 2386 1797 2411 nec
1826 2374 1875 2411 de
1903 2374 1966 2423 iis,
2000 2385 2100 2422 quae
2126 2374 2176 2410 ad

241 2431 439 2462 creaturas
476 2431 694 2474 respectum
721 2426 885 2472 habent,
914 2435 955 2465 vt
983 2428 1148 2474 creatio,
1178 2430 1249 2466 ἃς.
1278 2428 1397 2465 verba
1424 2428 1572 2477 facere,
1600 2440 1673 2465 nec
1701 2427 1750 2464 de
1777 2426 1840 2477 iis,
1869 2438 1968 2476 quae
1996 2426 2176 2464 dicuntur

240 2478 484 2528 personalia,
514 2481 547 2516 ἃ
576 2485 664 2516 sunt
692 2480 948 2529 proprietates
975 2482 1220 2531 personales,
1250 2493 1349 2530 quae
1375 2480 1415 2518 in
1442 2480 1586 2518 vnitate
1614 2479 1825 2530 essentiae,
1852 2492 2039 2529 personas
2054 2479 2177 2517 deter-

242 2530 393 2569 minant
421 2531 461 2568 in
490 2544 553 2581 se,
580 2534 616 2569 ἃ
646 2532 885 2582 distinguunt
910 2534 1011 2571 inter
1039 2546 1100 2572 se:
1129 2533 1198 2572 sed
1225 2533 1275 2571 de
1302 2533 1365 2577 iis,
1395 2544 1495 2582 quae
1523 2533 1789 2582 enuntiantur,
1818 2545 1898 2570 non
1926 2533 1975 2570 de
2005 2545 2081 2570 vna
2096 2538 2176 2569 tan—

242 2584 326 2621 tum
355 2596 542 2633 persona,
571 2584 639 2622 sed
667 2584 716 2622 de
743 2584 864 2623 tribus
892 2586 1088 2637 personis,
1116 2599 1217 2637 vno,
1245 2580 1413 2637 solo,'&
1441 2598 1535 2623 vero
1563 2587 1650 2623 Deo
1678 2585 1887 2623 benedicto
1916 2584 1955 2622 in
1984 2585 2126 2623 secula.

303 2649 362 2682 14.
417 2638 640 2687 Praeterea,
682 2638 929 2688 attributum,
971 2640 1050 2678 hoc
1090 2639 1129 2677 in
1165 2640 1279 2689 loco,
1315 2651 1396 2677 non
1423 2651 1495 2688 pro
1525 2637 1749 2687 praedicato
1777 2637 1989 2688 accipimus
2017 2637 2175 2687 quouis,

245 2688 354 2737 quod
394 2696 526 2738 posset
564 2690 611 2727 de
648 2691 736 2728 Deo
764 2691 1001 2741 praedicari,
1036 2692 1104 2730 sed
1131 2706 1204 2742 pro
1231 2692 1532 2742 proprietatibus
1559 2693 1646 2730 Deo
1674 2690 1840 2740 propriis
1869 2697 2007 2740 quarto
2033 2689 2175 2739 modo,

247 2741 320 2780 soli
348 2743 382 2780 &
411 2754 585 2793 semper,
613 2742 753 2792 quibus
782 2744 970 2784 essentiae
996 2745 1136 2785 veritas
1163 2746 1202 2783 in
1230 2758 1271 2784 se
1297 2744 1525 2797 innotescit,
1554 2747 1589 2783 δι
1617 2745 1667 2783 ab
1694 2743 1776 2784 aliis
1805 2743 2060 2793 distinguitur.

1975 2806 2034 2846 15.
2075 2796 2166 2834 Hae
