2334 3020
263 90 332 115 122
878 87 1095 113 THESES
1135 86 1570 116 THEOLOGICAE.

306 208 342 243 3.
401 192 671 232 Traditionum
714 192 912 242 multiplex
954 193 1093 231 diuisio
1120 206 1193 243 pro
1220 194 1327 233 vario
1357 203 1538 245 respectu
1565 193 1605 232 in
1632 195 1751 245 vulgo
1779 193 1954 233 traditur.
1982 195 2181 242 Commu-

253 247 350 285 niter
378 253 507 284 tamen
534 245 585 283 ad
613 245 692 283 duo
722 257 866 294 genera
893 246 1070 284 reuocari
1099 247 1244 285 solent.
1277 260 1369 285 narn
1397 248 1494 287 aliae
1521 248 1571 286 ab
1599 247 1841 298 auctoribus,
1870 229 2182 287 aliae‘amateria

254 298 612 337 denominationem
653 299 809 336 habent.
854 300 918 337 Ab
946 298 1188 337 auctoribus:
1220 312 1312 338 nam
1340 313 1477 342 omnes
1505 300 1732 339 traditiones
1760 302 1822 339 vel
1849 314 1872 338 a
1899 302 2008 351 Deo,
2037 302 2100 339 vel
2129 301 2179 339 ab

253 352 411 390 homine
452 350 633 389 dicuntur
672 352 884 400 profectae.
924 352 1017 390 Illae
1061 351 1232 402 diuinae,
1268 353 1341 391 hae
1369 354 1562 392 humanae
1590 353 1817 392 traditiones
1846 354 2101 403 appellantur.
2143 355 2180 391 A

254 403 433 442 materia·
462 416 552 441 nam
578 402 676 441 aliae
703 403 966 454 dogmaticae,
995 403 1092 442 aliae
1121 404 1282 443 Ethicae
1311 408 1572 456 appellantur:
1602 407 1637 444 &
1664 406 1702 445 in
1730 413 1897 456 vtroque
1925 419 2066 457 genere
2081 406 2180 444 duae

253 457 548 506 quodammodo
585 455 733 506 species
773 456 934 495 diffusae
967 464 1077 508 sunt,
1105 468 1200 506 quas
1227 471 1308 496 non
1335 459 1585 498 incommode
1609 458 1811 498 historicas
1838 462 1873 498 δι
1901 458 2179 498 ceremoniales

254 510 406 549 dixeris.

304 577 340 610 4.
394 562 559 601 Diuinae
588 562 814 601 traditiones
845 570 1035 601 vocantur
1062 575 1160 613 quae
1188 566 1211 602 a
1237 565 1325 603 Deo
1355 566 1391 603 Sc
1418 565 1870 617 aChristoimmediate,
1896 566 2179 616 Prophetisque

251 618 286 654 δι
309 616 508 674 Αρο310113
532 615 612 653 31116
637 615 782 665 scripto
805 616 1004 655 Ecclesiae
1025 618 1139 666 prim
1137 630 1198 655 1111
1222 618 1398 657 nascenti
1419 619 1582 657 traditae
1606 620 1778 670 fuerunt,
1807 631 1906 668 quae
1921 631 2011 656 cum
2026 618 2178 668 scriptis

250 669 366 706 hodie
394 668 469 706 sint
496 669 819 719 comprehensae
847 669 1071 708 traditiones
1099 670 1167 708 ill-i
1193 671 1365 720 generali
1393 671 1674 722 significatione
1695 673 1959 723 appellantur3
1984 673 2179 709 humanae

250 725 361 771 vero,
394 733 494 770 quae
522 723 627 759 nuda
656 722 859 760 hominum
887 723 1088 762 voluntate
1118 723 1359 774 excogitatae
1387 731 1488 764 311111.

304 785 337 824 5.
393 774 647 824 Dogmaticas
681 774 762 813 siue
789 775 947 813 Ethicas
976 755 1240 815 Traditiones?
1250 789 1437 816 vocamus
1468 779 1510 827 (f.
1545 779 1672 828 1608.)
1705 777 1806 829 illas,
1837 789 1936 827 quae
1963 778 2013 816 ad
2042 777 2178 827 fidem,

250 827 329 865 siue
356 827 406 865 ad
434 840 562 865 mores
590 827 795 877 pertinent.
824 830 977 866 Harum
1007 831 1180 879 perfecta
1208 830 1304 868 ratio
1332 831 1370 869 in
1399 831 1609 881 Scripturis
1637 834 1660 869 a
1689 832 1776 869 Deo
1804 830 1919 869 nobis
1943 831 2084 869 tradita
2098 837 2176 880 est

248 887 288 918 vt
328 880 393 929 qui
434 887 559 918 totum
600 881 802 919 consilium
843 893 975 933 suum,
1017 883 1089 921 sibi
1130 883 1365 943 gloriosum,
1409 884 1522 923 nobis
1564 886 1748 935 salutare,
1780 884 1911 943 quoad
1939 884 2019 922 eius
2049 883 2128 922 fieri
2154 886 2177 920 a

250 934 363 971 nobis
404 940 532 983 potest
575 936 609 972 ἃ
651 935 825 984 expedit,
869 935 1014 994 scripto
1056 936 1372 976 communicauit.
1416 939 1666 987 Quapropter
1707 938 1830 975 nullas
1865 937 1905 974 in
1930 938 2008 975 hoc
2037 949 2178 986 genere

252 986 476 1025 traditiones
517 987 774 1037 admittimus,
816 988 906 1037 quia
946 988 1143 1039 Scriptura
1184 997 1241 1027 est
1282 992 1514 1035 θεόπνευςος
1556 992 1591 1028 81
1629 990 1728 1028 Vtilis
1756 997 1859 1040 tota,
1888 996 1928 1028 vt
1956 989 2104 1040 integer
2131 989 2178 1027 sit

252 1040 369 1076 homo
399 1039 491 1086 Dei,
522 1039 572 1077 ad
600 1052 716 1078 omne
745 1053 843 1090 opus
871 1043 1019 1079 bonum
1048 1050 1316 1093 comparatus,
1345 1056 1390 1081 ac
1419 1043 1584 1092 proinde
1611 1043 1742 1081 omnia
1768 1043 1807 1081 in
1836 1056 1876 1081 se
1907 1042 2178 1092 complectitur

249 1095 426 1142 expresse
454 1099 519 1130 aut
547 1093 747 1143 analogice
775 1106 874 1143 quae
903 1095 953 1132 ad
983 1108 1068 1133 eam
1097 1109 1179 1134 rem
1207 1103 1295 1134 sunt
1324 1096 1554 1135 necessaria.

303 1147 338 1184 6.
393 1147 597 1184 Humanas
639 1159 732 1196 ergo
767 1147 992 1186 traditiones
1020 1149 1069 1187 de
1096 1162 1205 1187 sacra
1232 1149 1411 1187 doctrina
1440 1151 1475 1186 Sl
1505 1149 1699 1200 moribus,
1730 1156 1769 1188 vt
1796 1160 1896 1198 quae
1922 1150 1972 1187 ab
2001 1150 2175 1186 humano

251 1198 404 1247 ingenio
442 1198 705 1250 excogitatae,
747 1213 819 1238 nec
859 1200 898 1238 in
935 1201 1141 1260 Scriptulis
1167 1216 1370 1253 expressae
1397 1209 1503 1250 sunt,
1531 1216 1661 1263 neque
1691 1216 1738 1240 ex
1765 1203 1810 1240 iis
1837 1202 1978 1240 deduci
2007 1201 2175 1251 possint,

251 1252 320 1288 sed
347 1253 409 1289 vel
438 1251 584 1290 directe
612 1254 673 1290 vel
701 1254 859 1303 oblique
889 1265 978 1292 cum
1007 1255 1051 1292 iis
1079 1263 1274 1306 pugnent,
1305 1255 1441 1294 merito
1472 1256 1678 1305 reijcimus.

307 1316 341 1352 7.
396 1304 618 1342 Historicae
646 1306 893 1344 Fraditiones
921 1309 1183 1358 appellantur
1212 1320 1339 1347 rerum
1368 1311 1390 1346 a
1420 1309 1576 1347 Christo
1604 1310 1640 1346 δε
1670 1309 1871 1359 Apostolis
1900 1308 2090 1346 dictarum
2113 1320 2178 1366 ge-

252 1359 472 1406 starumque
501 1357 753 1398 narrationes.
790 1361 941 1398 Harum
970 1372 1069 1410 quae
1097 1361 1136 1398 in
1164 1362 1284 1399 verbo
1312 1374 1391 1399 non
1421 1362 1688 1422 continentur,
1717 1375 1789 1412 pro
1819 1361 2000 1399 humanis
2027 1360 2177 1411 scriptis

251 1411 455 1448 habendae
482 1418 588 1462 sunt,
617 1425 662 1449 ac
689 1425 770 1450 non
799 1412 958 1452 veritate
986 1416 1021 1452 &z
1049 1414 1279 1452 auctoritate
1308 1426 1397 1452 cum
1428 1415 1639 1453 Canonicis
1669 1416 1973 1465 comparandae.

305 1465 339 1500 8.
395 1465 484 1501 Hae
524 1470 653 1502 autem
695 1465 935 1504 narrationes
974 1468 1024 1504 ab
1065 1467 1320 1517 Euangelistis
1349 1472 1384 1506 δε
1414 1468 1614 1517 Apostolis
1643 1469 1732 1507 idee
1763 1468 1929 1506 omissae
1957 1474 2065 1515 sunt,
2094 1473 2174 1504 tum

250 1515 340 1563 quia
367 1516 453 1565 capi
479 1529 502 1554 a
532 1516 646 1555 nobis
674 1518 721 1566 (si
748 1519 961 1569 perscripta
990 1519 1149 1558 fuissent
1178 1520 1324 1568 omnia)
1352 1533 1552 1570 nunquam
1582 1521 1817 1571 potuissent,
1847 1528 1929 1559 tum
1958 1520 2049 1570 quia
2077 1519 2174 1557 ratio

250 1568 469 1607 communis
511 1581 642 1608 earum
682 1573 852 1621 perfecte
894 1572 1098 1622 Scripturis
1125 1573 1364 1624 continetur,
1394 1581 1433 1611 vt
1461 1574 1664 1612 credamus
1692 1577 1818 1612 IESUM
1846 1587 1928 1612 esse
1958 1575 2177 1612 CHRISTUM

250 1621 369 1659 filium
398 1621 492 1673 Dei,
520 1623 802 1673 credentesque
828 1625 947 1663 vitam
976 1627 1188 1664 habeamus
1216 1639 1286 1676 per
1313 1639 1457 1665 nomen
1486 1627 1580 1666 eius

304 1687 340 1723 9.
395 1675 683 1714 Ceremoniales
724 1678 949 1717 traditiones
991 1687 1182 1717 vocantur
1221 1679 1313 1717 ritus
1353 1679 1512 1729 quidam
1550 1693 1631 1718 non
1672 1680 1805 1730 scripti
1844 1680 1894 1718 ad
1932 1679 2110 1717 ordinem
2140 1678 2174 1715 81

252 1727 438 1765 decorum
466 1728 711 1777 pertinentes.
737 1732 783 1769 In
812 1731 870 1769 his
898 1731 977 1769 duo
1005 1732 1310 1771 consideranda:
1341 1746 1459 1771 vnum
1487 1733 1690 1772 essentiale
1719 1733 2046 1783 ceremoniarum,
2083 1731 2176 1769 illud

250 1780 456 1818 honestum
485 1783 520 1819 &
549 1781 770 1821 ordinatum
794 1785 902 1833 quod
930 1784 968 1822 in
996 1784 1132 1824 ritibus
1161 1792 1237 1836 est,
1266 1793 1400 1836 vtpote
1428 1786 1510 1836 ipsa
1538 1786 1678 1824 vtilitas
1706 1787 1741 1823 &
1758 1786 1979 1825 aedificatio
1996 1784 2175 1835 proximi.

251 1835 426 1871 Alterum
440 1834 702 1885 accidentale,
725 1835 765 1874 id
780 1844 854 1887 est,
878 1837 983 1887 ipsae
998 1838 1326 1886 circumstantiae,
1352 1840 1514 1889 modus,
1541 1846 1706 1890 tempus,
1735 1839 2176 1889 locus,personae,&c.

308 1899 366 1924 10.
420 1888 553 1936 Ipsum
582 1888 782 1927 essentiale
809 1890 943 1928 decori
972 1893 1007 1928 81
1035 1891 1181 1929 ordinis
1202 1894 1307 1940 (nam
1322 1869 1562 1930 ceremonias
1577 1892 1818 1931 Testament1
1833 1892 1985 1930 Veteris
2002 1891 2178 1940 figurales

250 1938 467 1987 antiquatas
508 1944 675 1999 constat)
714 1943 804 1991 quia
830 1945 946 1982 rebus
974 1943 1227 2003 dogmaticis,
1258 1946 1471 1994 ethicssque
1499 1945 1868 1994 coniunctissimum,
1897 1946 1932 1982 ἃ*
1961 1944 2176 1982 secundum

250 2003 370 2040 genus
398 1991 515 2042 ipsius
544 1993 582 2031 in
610 1995 730 2032 verbo
758 1995 834 2033 Dei
862 1996 1121 2062 perscriptum
1147 2004 1224 2046 est,
1253 2004 1452 2036 aeternum
1481 2005 1539 2036 est
1553 2005 1670 2047 atque
1683 1998 1937 2037 immutabile
1958 2012 1989 2038 1
2009 1999 2174 2043 007.14.

248 2057 345 2083 ῖ8.75
376 2058 439 2091 40.
466 2048 588 2083 πάντα
616 2048 862 2096 εὐσχημόνως
890 2051 952 2087 καὶ
980 2052 1074 2087 κατά
1104 2053 1211 2092 τάξιν
1239 2051 1419 2101 γενέσθω,
1448 2051 1703 2090 Accidentale
1732 2052 1788 2100 (id
1811 2058 1888 2102 est,
1914 2051 1997 2101 ipsa
2013 2050 2174 2088 circum-

251 2096 477 2136 stantiarum
504 2099 617 2147 ratio)
646 2102 793 2138 varium
820 2108 878 2139 est
905 2104 939 2140 &
968 2104 1165 2141 mutabile

309 2163 366 2187 11.
423 2151 710 2190 Ceremoniales
749 2161 879 2192 autem
920 2166 1176 2205 quaecunque
1204 2162 1310 2206 sunt,
1338 2159 1442 2195 recte
1470 2157 1507 2194 in
1537 2158 1609 2195 tria
1636 2171 1780 2207 genera
1807 2156 1983 2195 distribui
2011 2171 2033 2195 a
2061 2155 2178 2194 nobis

250 2210 433 2251 possunt:
461 2205 593 2242 Vnum
621 2207 814 2245 bonarum
842 2213 919 2255 est,
947 2209 1110 2247 alterum
1140 2186 1348 2260 malarum,
1377 2209 1531 2247 tertium
1559 2211 1859 2249 indiis-mentium
1888 2212 1921 2248 ἃ
1947 2209 2177 2247 mediarum.

307 2268 365 2294 12.
419 2258 551 2294 Bonae
578 2257 759 2297 dicuntur
779 2273 865 2310 eae,
888 2272 988 2309 quae
1013 2272 1102 2299 eum
1126 2262 1350 2313 sanctitate,
1375 2263 1586 2314 aequitate,
1602 2265 1777 2315 veritate,
1799 2265 2022 2313 honestate,
2039 2262 2177 2300 ordine

251 2308 482 2348 coniunctae
512 2317 611 2348 sunt.
640 2313 769 2349 Malae
795 2313 997 2364 dicuntur,
1027 2327 1126 2364 quae
1154 2327 1243 2353 cum
1269 2317 1385 2354 rebus
1413 2315 1550 2353 iisdem
1577 2325 1761 2367 pugnant
1802 2317 1957 2354 Mediae
1982 2328 2081 2364 quae
2104 2328 2176 2365 pro

250 2361 398 2400 ratione
425 2375 698 2423 personarum,
726 2366 925 2415 locorum,
954 2370 988 2405 &
1013 2374 1233 2418 temporum
1257 2381 1345 2407 cum
1362 2367 1500 2407 iisdem
1523 2371 1637 2408 rebus
1662 2372 1780 2409 1110110
1804 2371 2033 2421 cohaerere,
2053 2368 2173 2406 mode

249 2425 423 2464 pugnare
451 2416 755 2465 comperiuntur.

1936 2797 2041 2833 VIII.
2084 2797 2121 2833 D
2138 2798 2172 2834 E
