2334 3020
705 84 771 109 nn
817 81 1096 108 12⁴.)f.1‘r1AE
1139 78 1520 106 Most-sonsa&
2008 63 2082 109 369

149 195 311 234 modum
353 197 388 232 &
430 190 697 230 conditionem
742 200 878 227 eorum
924 200 1023 238 quae
1065 189 1230 226 subsunt
1267 184 1502 224 ordinationi
1531 184 1645 234 legiS,
1682 182 1753 220 tria
1781 188 1869 220 sunt
1898 180 2035 219 ordine
2063 182 2085 216 it

147 249 264 287 nobis
292 245 541 296 explicanda:
571 243 757 292 Primum,
782 255 975 292 quaenam
999 255 1044 279 ea
1069 242 1144 280 sint
1168 252 1268 290 quae
1282 241 1444 278 subsunt
1459 236 1693 277 ordinationi
1709 235 1821 285 legis:
1847 234 2085 281 Secundum,

148 302 215 351 qui
242 301 290 339 sit
313 311 449 338 eorum
479 297 620 335 modus
650 307 767 345 quem
798 295 1056 345 praecipimus
1077 295 1116 332 in
1143 293 1294 344 legibus
1322 291 1501 331 humanis
1530 289 1750 329 obseruari:
1795 287 1989 336 Tertium,
2019 286 2083 336 qui

149 355 290 393 modus
321 349 689 390 determinationum
717 349 767 386 ad
797 361 843 386 ea
867 347 1155 398 pertinentium.

201 408 320 445 Thes.
353 418 412 454 23.
438 403 611 441 Primum
640 403 771 440 locum
801 401 860 439 his
888 400 1017 439 verbis
1047 400 1278 438 definimus:
1311 399 1473 436 subsunt
1499 397 1739 435 ordinationi
1753 396 1861 443 legis,
1874 400 2085 445 personae,

147 473 210 498 res
240 459 390 509 (quibus
419 459 585 495 actiones
613 456 910 506 complectimur)
942 455 991 491 ἔφ’
1019 454 1325 491 circumstmztiae
1339 465 1352 489 .·
1381 464 1548 501 quarum
1577 450 1787 487 conditioni
1807 449 1867 485 ius
1882 458 2085 484 accommo-

148 515 267 551 datur
290 513 461 549 humana
488 511 569 558 lege
584 538 594 555 ,
637 510 810 557 fiuntque
836 508 1168 544 determinationes
1196 507 1398 544 secundina
1426 506 1554 551 illam,
1596 503 1756 540 iubendo
1772 531 1782 549 ,
1825 500 2060 547 vetandcique
2074 510 2086 534 .·

147 566 410 612 munerando,
451 564 501 600 ἐφ’
524 563 747 612 puniendo,
789 566 902 609 atque
935 561 1201 609 permittendo.
1246 560 1336 596 Non
1366 569 1451 596 sum
1479 555 1631 594 nescius
1658 555 1769 593 aliter
1799 554 1850 591 ab
1879 551 1962 590 aliis
1989 550 2088 589 tradi

149 618 383 657 diuisionem
412 627 570 664 eorum,
600 626 700 664 quae
729 614 893 652 subsunt
924 612 1159 650 ordinationi
1189 613 1383 650 humanae
1411 611 1520 661 legis.
1549 610 1650 647 Nam
1680 615 1831 646 veteres
1859 604 2087 653 Philosophi

149 671 347 711 obiectum
377 671 634 707 humanarum
663 669 794 717 legum
822 667 967 716 duplex
995 667 1215 703 statuebant
1244 666 1391 703 solum:
1421 675 1620 714 personas,
1649 664 1684 700 ἃ
1708 674 1781 710 res,
1797 671 1897 709 quae
1913 659 1959 696 ad
1975 668 2088 696 vsum

147 735 400 775 personarum
444 721 652 771 pertinent.
716 719 792 768 Alij
844 723 900 768 (vt
944 718 1177 757 Iustinianus
1219 731 1266 757 ex
1314 717 1412 756 Caio
1456 716 1737 754 Iurisconsulto
1778 715 1872 751 Inst.
1915 712 1964 750 de
2006 710 2088 748 iure

148 785 227 816 nat.
266 783 372 827 gent.
415 777 486 813 ἃς.
531 780 563 819 ς.
603 774 734 824 penul.
765 774 811 810 L.
859 787 891 811 1.
932 773 973 810 ff.
1014 772 1064 810 de
1106 778 1193 810 stat.
1234 772 1358 819 hom.)
1398 776 1613 820 posuerunt
1651 767 1812 817 triplex:
1857 766 1982 803 Omne
2010 763 2088 809 ius,

147 830 346 880 inquiunt,
383 840 463 878 quo
495 827 656 876 vtimur,
691 827 753 864 vel
793 826 843 864 ad
885 838 1072 875 personas
1109 825 1292 875 pertinet,
1333 824 1395 862 vel
1437 823 1486 861 ad
1514 835 1594 873 res,
1630 822 1692 858 vel
1719 820 1770 857 ad
1797 818 1992 867 actiones,
2025 816 2086 865 alij

149 883 318 932 denique
361 880 670 919 circumstantias
718 879 756 917 in
805 877 947 929 quibus
989 879 1112 916 ferme
1153 885 1235 916 tota
1277 887 1559 927 personarum,
1608 886 1763 922 rerum,
1813 874 1848 911 &
1889 871 2088 909 actionum

148 937 205 975 vis
246 934 447 983 consistit,
489 940 724 984 putauerunt
771 931 956 982 distingui
998 939 1193 981 oportere.
1257 932 1346 968 Hae
1389 929 1598 968 diuisione:
1643 939 1806 977 omneS,
1854 924 1926 963 etsi
1966 923 2089 962 modo

147 990 355 1039 differunt,
406 1001 447 1026 re
497 996 627 1025 tamen
673 986 964 1036 substantiaque
1005 985 1107 1022 inter
1146 997 1186 1023 se
1228 983 1376 1033 optime
1418 980 1671 1021 conueniunt.
1739 980 1840 1017 Nam
1883 979 1924 1027 (f.
1972 978 2088 1027 1513)

148 1043 215 1092 qui
242 1054 430 1093 personas
457 1042 492 1079 &
524 1053 585 1078 res
613 1040 739 1078 solum
767 1039 1026 1077 definiuerunt
1053 1037 1208 1076 obiecta
1235 1049 1318 1075 esse
1345 1037 1602 1074 humanarum
1630 1035 1783 1083 legum,
1807 1029 2090 1081 sapientissime

149 1095 506 1134 animaduerterunt
542 1095 640 1131 haec
675 1094 755 1131 duo
793 1105 944 1130 summa
980 1104 1062 1130 esse
1090 1091 1236 1140 capita,
1271 1090 1322 1128 ad
1349 1101 1448 1139 quae
1475 1086 1686 1137 respiciunt
1713 1084 1871 1135 proprie
1898 1085 2092 1122 humanae

147 1151 272 1199 leges,
315 1148 503 1186 Actiones
543 1149 636 1185 vero
673 1147 708 1184 δι
746 1144 1053 1183 circumstantias
1089 1143 1199 1193 quasi
1235 1142 1471 1193 appendices
1514 1141 1666 1179 illarum
1704 1151 1809 1187 esse,
1838 1139 1873 1176 δε
1903 1135 2092 1175 relatione

149 1203 319 1252 quadam
349 1199 567 1239 necessaria
593 1211 683 1238 cum
711 1198 756 1236 iis
785 1197 1078 1248 comprehendi.
1107 1196 1187 1245 Qui
1214 1197 1388 1234 actiones
1415 1195 1571 1244 insuper
1598 1193 1843 1240 adiecerunt,
1859 1190 2092 1229 easarebus

147 1263 255 1293 certo
285 1253 449 1292 consilio
479 1253 736 1291 distinxerunt
763 1253 798 1290 &
829 1254 852 1289 a
879 1250 1178 1290 circumstantiis
1206 1249 1381 1287 illarum:
1411 1248 1501 1298 quia
1514 1247 1565 1285 ad
1581 1244 1904 1284 commoditatem
1922 1242 2092 1281 docendi

147 1309 337 1359 putabant
364 1306 574 1357 pertinere,
605 1313 646 1344 vt
674 1305 754 1343 iure
782 1304 959 1355 personis
987 1306 1182 1352 rebusque
1210 1303 1414 1352 exposito,
1443 1301 1502 1339 ius
1531 1300 1731 1338 actionum
1760 1308 1938 1336 seorsum
1966 1296 2092 1333 trade-

148 1368 252 1400 retur
294 1372 394 1410 quae
434 1359 480 1397 iis
521 1359 603 1397 dari
644 1360 770 1398 solent
804 1359 852 1396 ad
889 1357 979 1396 iuris
1007 1357 1065 1395 sui
1091 1356 1409 1394 vindicationem.
1449 1353 1528 1403 Qui
1556 1350 1866 1391 circumstantias
1892 1350 2093 1399 praeterea

151 1415 361 1463 adhibent,
402 1412 492 1451 ideo
534 1412 702 1462 faciunt,
744 1411 835 1461 quia
875 1409 1188 1449 circumstantiae
1229 1411 1460 1459 plerumque
1498 1408 1537 1445 in
1574 1404 1701 1444 causis
1730 1403 1976 1442 iudicialibus
2006 1408 2094 1439 sunt

151 1467 365 1518 eiusmodi,
401 1474 442 1504 vt
477 1465 531 1504 eis
560 1479 607 1504 ex
636 1463 786 1515 species
815 1476 1018 1502 causarum
1049 1462 1324 1512 iudiciorumq.
1353 1461 1538 1511 pendeat:
1569 1457 1905 1509 quemadmodum
1934 1454 2094 1494 euidens

153 1528 211 1559 est
239 1534 286 1559 ex
314 1533 376 1569 34.
406 1521 581 1557 Theseos
608 1525 853 1569 argumento.
881 1518 1153 1566 Quamobrem
1182 1523 1342 1565 vtcunq.
1371 1528 1435 1553 eas
1457 1511 1778 1552 circumscribere
1792 1509 1980 1560 placuerit
1993 1520 2094 1558 quae

149 1575 313 1613 subsunt
339 1572 575 1611 ordinationi
602 1572 718 1622 legis,
747 1584 828 1609 non
857 1573 972 1609 refert
1000 1571 1264 1620 magnopere,
1297 1568 1418 1607 modo
1448 1569 1545 1605 haec
1573 1572 1759 1616 quatuor,
1789 1563 1871 1602 siue
1884 1561 2094 1612 implicite,

149 1628 230 1666 siue
259 1626 458 1676 explicite,
489 1627 726 1664 retineantur
754 1626 831 1662 vna
857 1624 895 1662 in
925 1623 1076 1662 ratione
1104 1623 1199 1673 legis
1227 1624 1262 1661 &
1286 1620 1674 1660 determinationibus
1689 1617 1809 1656 illius:
1840 1618 1941 1654 Nam
1957 1616 2094 1653 harum

152 1693 279 1719 rerum
309 1679 524 1718 conditioni
552 1678 610 1717 ius
638 1690 870 1728 commune,
900 1678 1009 1727 quod
1036 1683 1143 1715 recta
1170 1676 1269 1714 ratio
1297 1674 1437 1726 dictat,
1467 1672 1792 1712 accommodatur
1814 1671 1850 1708 &
1871 1675 2095 1718 contempe-

151 1741 259 1772 ratur
286 1733 464 1771 humanis
490 1732 663 1783 legibus,
693 1732 727 1769 δε
757 1732 973 1770 secundum
1000 1731 1107 1769 illam
1135 1729 1427 1778 conditionem,
1455 1728 1553 1765 fiunt
1581 1723 1923 1764 determinationes
1944 1722 1994 1760 de
2009 1734 2094 1771 per-

151 1787 278 1836 sonis,
315 1787 453 1836 rebus,
492 1785 732 1835 actionibus,
775 1785 810 1822 &
852 1783 1162 1823 circumstantiis.
1191 1782 1349 1820 Etenim
1379 1794 1439 1820 res
1465 1782 1595 1820 bonae
1622 1778 1823 1827 iubentur,
1853 1778 1889 1815 δε
1917 1782 2096 1813 vetantur

150 1842 292 1878 malae:
322 1852 512 1889 personae
540 1852 613 1889 pro
641 1837 856 1876 benefactis
876 1837 1096 1876 afficiuntur
1111 1835 1310 1886 praemiis,
1326 1838 1361 1874 δε
1377 1835 1673 1873 malefactorum
1688 1830 1847 1869 nomine
1862 1828 2094 1879 puniuntur:

149 1907 196 1931 ac
224 1896 422 1943 postremo
451 1892 542 1942 quia
569 1904 765 1930 summum
794 1891 852 1929 ius
882 1903 998 1942 saepe
1027 1903 1180 1928 summa
1195 1896 1254 1927 est
1268 1888 1568 1939 iniuria,neque
1583 1884 1716 1924 omnia
1729 1884 1768 1922 in
1784 1884 1900 1922 rebus
1915 1880 2096 1919 humanis

151 1948 202 1985 ad
227 1946 396 1996 rigorem
423 1945 514 1984 iuris
542 1958 696 1995 semper
722 1944 933 1983 examinari
960 1951 1025 1982 aut
1052 1943 1180 1982 curari
1198 1939 1670 1993 possunt,permissiones
1685 1937 1939 1985 adhibentur,
1955 1933 2096 1984 quibus

155 2012 227 2050 pro
255 1999 477 2037 infirmitate
505 2009 780 2049 personarum,
808 1997 1132 2036 incommoditate
1160 2008 1309 2047 rerum,
1338 2002 1404 2034 aut
1426 1992 1805 2034 circumstantiarum
1822 1987 2097 2040 qualitate,ius

151 2052 247 2092 illud
290 2064 524 2103 commune,
564 2052 672 2102 quod
707 2053 730 2089 a
763 2059 869 2090 recta
904 2051 1055 2090 ratione
1090 2057 1168 2095 est,
1203 2049 1412 2088 reflectitur
1439 2045 1759 2098 quodammodo,
1787 2044 1823 2081 δι
1851 2040 2099 2081 constituitur

155 2106 334 2148 ἐπιεικές.
378 2107 500 2143 Hunc
535 2106 699 2143 modum
733 2105 888 2155 Legalis
922 2104 1074 2143 virtutis
1104 2105 1161 2153 (vt
1189 2114 1279 2141 cum
1307 2101 1534 2141 Modestino
1563 2100 1716 2149 loquar)
1745 2096 1892 2148 optime
1922 2093 2097 2143 Quincti-

153 2159 278 2196 lianus
319 2158 507 2209 expressit
547 2158 606 2197 his
647 2157 795 2197 verbis:
838 2157 878 2196 Si
919 2158 977 2197 ius
1015 2159 1237 2196 confessum
1275 2163 1352 2207 est,
1390 2157 1487 2194 haec
1514 2155 1594 2192 fere
1623 2157 1882 2202 quaeruntur3
1911 2150 2010 2186 Vtra
2036 2148 2097 2185 lex

154 2212 370 2261 potentior:
399 2213 449 2250 ad
477 2213 606 2250 Deum
634 2211 875 2262 pertineant,
902 2224 951 2249 an
979 2212 1030 2249 ad
1056 2210 1254 2249 homines:
1286 2210 1464 2259 rempub.
1493 2220 1542 2245 an
1571 2206 1622 2244 ad
1650 2204 1844 2255 priuatos,
1861 2204 1911 2241 de
1924 2202 2098 2250 honore,

153 2278 202 2303 an
232 2265 281 2302 de
310 2277 459 2316 poena,
487 2265 536 2304 de
568 2264 719 2315 magnis
746 2266 881 2315 rebus,
910 2278 959 2303 an
989 2265 1039 2302 de
1066 2263 1218 2315 paruis3
1245 2262 1465 2313 permittat,
1493 2273 1542 2299 an
1571 2265 1697 2309 vetet,
1721 2270 1769 2295 an
1796 2256 1975 2307 imperet.
2002 2255 2097 2292 Inst.

155 2324 252 2356 orat.
281 2331 315 2356 c.
348 2329 382 2367 7.
411 2320 514 2356 Nam
542 2320 650 2369 quod
677 2319 811 2357 locum
839 2318 948 2356 illum
977 2318 1026 2356 de
1053 2319 1226 2367 honore,
1255 2317 1316 2354 vel
1342 2314 1541 2366 praemio,
1569 2313 1632 2351 vel
1659 2311 1957 2350 benefactorum
1973 2318 2098 2345 remu-

153 2370 355 2409 neratione
395 2372 642 2410 Modestinus
685 2371 958 2422 praetermisit,
1000 2373 1060 2418 (L.
1092 2382 1126 2419 7.
1155 2371 1194 2408 ff.
1224 2370 1274 2407 de
1300 2369 1469 2419 legibus)
1507 2374 1614 2405 certo
1653 2363 1818 2403 consilio
1856 2360 1970 2410 fecit3
2008 2371 2098 2399 cum

158 2423 286 2462 omnis
314 2425 546 2464 munerandi
572 2432 744 2476 potestas
772 2424 849 2462 iarn
876 2425 944 2463 illo
972 2431 1150 2474 ternpore
1177 2436 1297 2474 penes
1325 2422 1601 2472 imperatorem
1624 2431 1708 2457 esse
1737 2417 1951 2455 videretur:
1980 2425 2098 2464 quam

156 2479 209 2536 ob
245 2490 403 2516 causam
438 2481 575 2528 postea
610 2477 916 2528 Imperatoribus
951 2476 1168 2516 administri
1194 2475 1364 2526 proximi
1392 2476 1547 2513 fuerunt
1573 2471 1675 2522 dati,
1704 2469 1771 2521 qui
1796 2471 1995 2509 bonorum
2024 2468 2099 2504 for-

156 2533 315 2589 tn'imq...
334 2532 536 2570 hominum
576 2532 784 2570 benefacta
825 2531 931 2582 apud
971 2531 1058 2569 illos
1098 2530 1137 2568 in
1165 2529 1394 2568 memoriam
1423 2532 1670 2571 reuocarent,
1706 2526 1742 2563 &
1769 2523 1820 2562 de
1846 2519 2101 2561 attribuendis

156 2596 337 2633 praemus
364 2585 642 2636 admonerent,
669 2585 778 2634 quod
805 2596 928 2634 genus
956 2584 1160 2623 hominum
1189 2582 1332 2621 Graeci
1359 2588 1538 2620 auctores
1566 2581 1657 2621 τούς
1684 2576 1759 2615 ἀπὸ
1786 2578 1951 2626 μνήμης,
1975 2572 2103 2611 Latini

160 2636 398 2675 recentiores
440 2639 682 2677 Graecorum
712 2639 892 2688 exemplo
927 2640 951 2675 a
986 2637 1175 2676 memoria
1209 2636 1472 2674 nominarunt.
1515 2633 1635 2673 Cuius
1662 2630 1780 2679 officij
1810 2627 1999 2667 memoria
2025 2627 2103 2663 hoc

159 2697 340 2739 tempore
366 2693 493 2730 nulla:
523 2691 588 2729 vix
616 2691 763 2730 mentio
791 2691 981 2741 nominis,
1009 2692 1129 2729 Thes.
1160 2702 1221 2736 24·
1262 2689 1410 2727 Modus
1437 2689 1499 2727 vel
1527 2683 1702 2725 conditio
1726 2694 1854 2722 rerum
1884 2692 1985 2731 quae
2013 2680 2102 2718 sub-

159 2750 248 2780 sunt
283 2744 523 2782 ordinationi
562 2744 657 2794 legis
687 2747 792 2793 (nam
822 2745 884 2782 hic
915 2744 1109 2782 secundus
1137 2743 1248 2780 locus
1275 2749 1351 2784 est.
1381 2743 1430 2779 de
1459 2752 1538 2789 quo
1567 2736 1785 2786 recepimus
1813 2749 1886 2774 nos
1909 2746 1993 2773 esse
2025 2731 2103 2770 dic·

1107 2809 1153 2843 47
1980 2794 2104 2834 turos)
