2334 3020
253 89 302 127 50
890 89 958 116 DE
998 89 1146 116 VERA
1189 90 1542 119 THEOLOGIA.

249 201 365 244 prout
400 194 439 232 in
465 194 607 233 scholis
633 194 847 244 appellatur
872 195 1003 244 vulgo.
1044 195 1414 244 AEquiuocationem
1442 208 1580 246 puram
1607 195 1854 235 nominamus
1883 209 1990 249 eam,
2017 197 2057 236 in
2085 210 2162 248 qua

250 259 381 285 earum
408 258 557 298 rerum,
584 257 684 296 quae
712 246 891 284 dicuntur
918 247 1149 298 aequiuoce,
1177 248 1275 287 ratio
1302 250 1416 298 plane
1447 252 1482 287 &z
1509 249 1678 288 totaliter
1706 249 1859 288 diuersa
1887 257 1964 288 est:
1988 250 2043 288 sic
2058 251 2161 290 enim

248 299 361 338 liceat
403 299 532 338 dicere
570 299 889 338 scholasticorum
926 300 1061 338 modo.
1108 301 1367 351 Analogicam
1403 305 1522 352 vero,
1549 301 1588 339 in
1616 314 1693 351 qua
1721 314 1852 341 earum
1883 314 2031 354 rerum,
2061 316 2161 353 quae

249 352 427 390 dicuntur
453 351 685 401 aequiuoce,
712 351 810 390 ratio
847 365 894 389 ex
921 358 1029 401 parte
1056 353 1117 390 vel
1145 355 1359 392 secundum
1388 355 1482 403 quid
1508 356 1664 406 eadem,
1692 363 1808 405 atque
1835 368 1882 393 ex
1908 363 2018 406 parte
2047 357 2160 394 simul

247 404 399 442 diuersa
426 411 501 443 est:
539 404 756 442 cuiusmodi
782 405 1052 454 aequiuocatio
1079 405 1119 443 in
1147 406 1399 445 enunciandis
1426 419 1554 445 rerum
1581 408 1798 446 diuinarum
1827 409 2161 458 humanarumque

246 457 467 495 nominibus
493 457 701 507 plurimum
728 458 826 495 solet
852 456 1043 496 accidere.

297 511 518 548 Secundum
544 511 644 548 hanc
672 522 764 559 ergo
793 510 1109 560 homonymiam,
1137 523 1255 560 quam
1282 512 1524 562 analogicam
1551 512 1732 564 dicimus,
1761 514 1905 563 duplex
1919 514 2159 564 Theologiae

246 563 385 600 modus
411 565 434 600 a
461 562 575 601 nobis
601 562 793 612 statuitur,
814 562 872 601 1115
895 563 1038 614 verbis,
1060 565 1176 601 Haec
1194 571 1264 603 aut
1284 573 1339 603 est
1357 566 1569 616 ἀρχέτυπος
1593 568 1773 603 nimirum
1788 568 1998 617 Deiszsius
2012 570 2158 616 sapien-

247 617 322 664 tia,
350 621 420 653 aut
444 621 499 653 est
523 616 700 665 ἒκτυπος,
728 616 752 651 ὰ
780 616 866 652 Deo
893 618 1117 665 zbgformata.
1158 617 1287 656 Huius
1315 619 1514 656 diuisionis
1541 618 1766 668 analogicae
1786 619 1954 672 primum
1969 619 2159 658 sententia

242 668 356 706 nobis
386 668 617 717 exponenda
645 675 722 718 est,
752 667 893 706 deinde
919 672 1011 707 vero
1042 671 1292 708 monstranda
1319 671 1438 721 ipsius
1464 671 1686 709 necessitas.
1729 672 1926 711 Sententia
1955 673 2052 711 haec
2081 680 2156 710 est:

241 721 516 771 Theologiam,
544 731 643 768 quae
671 719 812 758 dicitur
832 734 1012 760 sermone
1028 728 1180 772 nostro,
1196 736 1312 761 vnam
1327 737 1409 762 esse
1427 723 1596 773 οὐσιώδη
1612 725 1674 761 καὶ
1689 724 1868 775 ἄκτιςον,
1885 724 1926 762 id
1941 732 2015 776 est,
2031 738 2156 763 essen-

240 773 369 811 tialem
396 781 511 822 atque
537 773 770 822 increatam,
799 786 917 823 quam
945 787 1017 813 nos
1045 776 1212 814 docendi
1226 789 1342 815 causa
1356 778 1541 826 deinceps
1556 779 1633 815 hoc
1647 777 1778 815 libello
1794 785 1928 815 nostro
1944 779 2157 828 ἀρχέτυπον

237 825 317 863 51116
345 826 588 875 πρωτότυπον
615 825 756 864 dicturi
782 839 934 865 sumus:
971 829 1146 866 Alteram
1174 832 1287 880 vero,
1315 833 1604 880 συμβεβηκῦιαν
1634 831 1696 868 καὶ
1725 832 1860 877 κτιςήν
1888 830 1928 868 id
1953 839 2030 880 est,
2058 833 2156 867 acci-

196 901 202 906 ·
237 878 449 916 ‹lentariam
476 880 511 915 &
540 884 728 929 creatam,
757 879 838 918 siue
865 880 1124 931 habitualem,
1152 894 1269 930 quam
1298 885 1458 921 ἔκτυπον
1486 882 1601 920 6113111
1628 885 1838 920 commode
1868 882 2029 932 dixeris,
2052 885 2157 920 velut

234 942 453 980 expressam
479 931 690 978 quamdam
719 945 766 970 36
792 933 920 983 potius
947 934 1217 973 adumbratam
1232 936 1404 974 formalis
1419 934 1519 972 illius
1533 934 1796 984 Theologicae
1811 934 1965 973 diuinae
1980 937 2015 973 &
2030 948 2153 973 essen-

234 983 331 1021 tialis
358 982 580 1032 imaginem.
608 985 668 1022 Ac
696 985 790 1023 mihi
819 985 979 1035 quidem
1006 987 1159 1025 videtur
1183 988 1394 1039 ἁρχέτυπος
1414 987 1478 1025 1113
1502 989 1721 1038 'sheologia
1735 988 1784 1025 ab
1799 988 2027 1026 orthodoxis
2042 989 2157 1026 Patri-

235 1037 308 1074 bus
336 1035 565 1085 exemplaris
593 1036 687 1075 olim
715 1039 1007 1090 appellata;.ad
1034 1039 1142 1078 cuius
1171 1044 1368 1090 exemplar
1395 1040 1570 1078 diuinum
1593 1043 1628 1079 Sz
1651 1041 2047 1091 immutabile,altera
2061 1042 2156 1079 haec

235 1090 477 1126 conformata
517 1096 573 1126 651
613 1091 636 1126 a
676 1091 764 1129 Deo
808 1104 881 1141 pro
923 1098 1184 1131 creaturarum
1219 1101 1354 1143 captu:
1385 1093 1618 1132 recentiores
1645 1107 1738 1132 vero
1766 1093 1871 1131 illam
1899 1093 2154 1143 Theologiam

234 1142 447 1179 secundum
476 1154 537 1191 56,
565 1142 666 1179 113116
694 1144 953 1195 Theologiam
975 1146 1192 1184 secundum
1213 1147 1307 1195 quid
1329 1147 1585 1196 appellarunt.
1611 1148 1681 1185 Est
1694 1153 1824 1184 autem
1839 1145 1902 1183 illa
1917 1146 2154 1197 Theologia,

235 1195 372 1232 eadem
400 1194 482 1243 ipsa
508 1194 656 1233 infinita
682 1196 893 1248 Sapientia,
918 1210 1036 1247 quam
1058 1200 1165 1237 Deus
1189 1199 1238 1237 de
1253 1200 1379 1249 seipso
1395 1200 1513 1238 habet
1526 1201 1718 1249 rebusque
1733 1198 1932 1246 omnibus,
1947 1205 1989 1237 vt
2003 1206 2091 1236 sunt
2104 1201 2154 1237 ad

234 1247 361 1296 ipsum
387 1247 625 1298 necessario,
653 1249 825 1301 proprie,
854 1252 890 1288 &
917 1264 986 1300 per
1012 1263 1053 1288 se
1079 1251 1265 1290 relatione
1285 1259 1471 1302 perpetua
1493 1253 1713 1303 ordinatae,
1729 1253 1945 1290 secundum
1961 1252 2151 1289 rationem

234 1299 422 1337 infinitam
448 1299 581 1349 ipsius:
611 1302 724 1339 Haec
746 1306 838 1342 vero
854 1303 1095 1354 Theologia,
1116 1303 1181 1342 illa
1196 1311 1251 1343 est
1266 1305 1471 1355 sapientia,
1486 1317 1603 1355 quam
1620 1307 1829 1344 Creaturae
1843 1305 1892 1342 de
1906 1306 1993 1343 Deo
2008 1306 2154 1343 habent

235 1365 305 1401 pro
333 1352 454 1391 modo
480 1353 668 1405 ipsarum,
697 1354 824 1405 deque
851 1357 966 1394 rebus
992 1356 1043 1394 ad
1070 1358 1198 1395 Deum
1226 1358 1433 1409 ordinatis,
1462 1371 1531 1407 per
1558 1358 1956 1397 communicationem
1983 1357 2116 1406 ipsius.

286 1407 415 1455 Atque
442 1405 537 1443 haec
567 1406 724 1456 quidem
752 1421 895 1458 genera
922 1410 1001 1448 duo
1029 1409 1271 1461 Theologiae
1298 1412 1350 1450 ita
1376 1411 1570 1460 disparata
1592 1419 1700 1463 sunt,
1723 1419 1765 1449 vt
1787 1412 1839 1449 ad
1853 1423 1974 1449 vnum
1988 1411 2148 1459 aliquod

233 1464 380 1495 certum
414 1465 529 1508 caput
560 1460 596 1496 &
624 1473 745 1510 genus
774 1473 983 1502 commune
1011 1475 1058 1500 ex
1087 1463 1259 1502 Veritate
1286 1464 1419 1503 referri
1445 1477 1527 1502 non
1553 1465 1715 1514 possint.
1753 1466 1824 1502 Illa
1852 1476 1992 1513 nempe
2020 1465 2149 1501 Theo-

230 1510 354 1561 logia,
381 1522 498 1560 quam
524 1511 693 1551 diuinam
722 1515 757 1552 &
783 1515 1027 1564 πρωτότυπον
1053 1517 1312 1568 appellamus,
1340 1530 1412 1555 nec
1437 1518 1588 1567 generis
1610 1517 1723 1556 huius
1738 1523 1902 1567 est,nec
1917 1528 2009 1554 vero
2024 1515 2150 1554 vllius.

232 1564 323 1600 Non
350 1576 432 1601 esse
459 1566 677 1604 communis
708 1568 860 1615 generis
887 1578 977 1605 curn
1003 1569 1078 1606 hac
1105 1575 1234 1607 creata
1261 1571 1480 1620 Theologia
1506 1577 1643 1608 natura
1669 1572 1786 1608 docet
1812 1570 1944 1620 huius,
1975 1571 2010 1606 81
2037 1568 2150 1607 1111115.

229 1617 300 1653 Illa
340 1616 442 1654 6111111
470 1617 688 1669 Theologia
721 1619 933 1669 ἁρχὲτυπος
961 1620 1170 1659 655611113115
1199 1629 1255 1660 651
1290 1630 1449 1661 naturae
1482 1623 1577 1671 Dei,
1606 1625 1642 1662 81
1668 1636 1757 1674 pars
1785 1624 1842 1673 (vt
1879 1622 1931 1660 ita
1959 1622 2149 1667 dicamus)

232 1668 413 1706 scientiae
453 1669 552 1708 illius
590 1671 781 1722 infinitae,
814 1684 913 1721 quae
939 1672 979 1710 in
1008 1675 1096 1712 Deo
1125 1675 1334 1714 essentialis
1363 1682 1437 1714 est:
1467 1675 1654 1725 quicquid
1682 1683 1813 1714 autem
1841 1674 2042 1713 essentiale
2070 1681 2148 1723 est,

231 1720 271 1757 id
312 1721 466 1771 proprie
500 1724 696 1763 contribui
731 1724 859 1763 eidem
886 1726 1019 1774 generi
1054 1734 1207 1765 constat
1233 1740 1323 1767 cum
1351 1730 1515 1767 essentia
1542 1728 1624 1778 ipsa
1650 1729 1758 1767 cuius
1785 1728 1826 1766 id
1849 1727 2048 1766 essentiale
2071 1735 2148 1776 est,

230 1780 271 1810 vt
295 1782 445 1823 partem
472 1776 562 1825 toti,
592 1779 626 1815 &
654 1778 873 1816 membrum
901 1779 1056 1828 corpori
1084 1779 1247 1819 dicimus
1275 1780 1522 1832 ὁμογενὲς,8ῑ
1549 1794 1690 1831 genere
1704 1780 2014 1820 communicans:
2044 1781 2150 1817 Deus

228 1825 271 1877 (f.
305 1829 418 1876 1377)
446 1834 574 1867 autem
601 1841 716 1880 supra
743 1843 861 1869 omne
887 1843 1030 1883 genus7
1061 1834 1177 1870 οὐσία
1206 1834 1454 1885 ὗπεροίνσρος,
1483 1841 1524 1872 vt
1547 1834 1678 1873 Sancti
1703 1836 1834 1872 Patres
1858 1832 2004 1882 optime
2018 1833 2146 1882 appel-

227 1880 365 1918 larunt.
407 1881 520 1919 Haec
563 1885 655 1920 vero
697 1883 916 1933 Theologia
951 1897 1033 1922 non
1072 1894 1130 1923 est
1170 1886 1378 1924 essentialis
1415 1898 1552 1925 eorum
1588 1888 1639 1925 ad
1667 1899 1765 1937 quos
1791 1886 1977 1937 pertinet,
2006 1886 2075 1923 sed
2102 1885 2147 1922 iis

226 1932 368 1970 accidit
405 1940 589 1982 tanquam
626 1936 796 1983 habitus,
827 1937 1030 1975 essentiam
1061 1950 1196 1976 eorum
1225 1938 1335 1988 quasi
1363 1938 1697 1978 circumvestiens:
1728 1953 1774 1978 ac
1802 1939 1968 1989 proinde
2000 1939 2050 1976 ab
2086 1937 2149 1975 illa

224 1990 372 2022 tantum
403 1987 511 2024 abest
538 1989 594 2035 (vt
620 2000 709 2027 cum
737 1991 854 2039 vulgo
883 1989 1026 2039 dicam)
1057 1992 1147 2027 ὅσον
1172 1991 1329 2041 οὐρανὸς
1357 1991 1414 2035 εἷς’
1442 1992 1516 2029 ἀπὸ
1547 1995 1668 2044 γαιής.
1696 1994 1787 2031 Non
1815 2005 1897 2031 esse
1911 1991 2018 2028 illam
2034 1990 2144 2028 vllius

222 2037 373 2085 generis
407 2040 531 2088 (quod
567 2042 740 2079 secundo
775 2044 865 2079 loco
903 2042 1147 2090 dicebamus)
1188 2048 1337 2081 Natura
1372 2045 1455 2093 ipsa
1488 2048 1523 2083 δι
1551 2054 1649 2083 13110
1681 2047 1950 2084 demonstrant
1977 2045 2148 2081 luculen-

221 2089 377 2128 tissime.
417 2091 572 2130 Etenim
606 2093 637 2130 si
665 2094 877 2132 essentialis
911 2103 987 2145 est,
1015 2102 1056 2134 vt
1084 2103 1158 2146 est,
1188 2108 1315 2145 eoque
1343 2097 1514 2135 Naturae
1541 2097 1615 2136 Dei
1645 2099 1846 2150 ὀμογενής,
1878 2098 2013 2136 eadem
2040 2098 2148 2134 certe

221 2141 321 2180 illius
349 2143 446 2181 ratio
473 2157 519 2181 ac
548 2145 714 2184 Diuinae
743 2147 928 2185 essentiae
955 2149 1082 2186 futura
1110 2155 1178 2187 est.
1214 2149 1315 2187 Cum
1343 2156 1471 2187 autem
1498 2150 1564 2188 illa
1590 2150 1733 2188 Diuina
1761 2153 1842 2189 siue
1865 2149 2145 2199 essentia,siue

222 2195 370 2232 Natura
397 2199 485 2234 vere
513 2196 559 2234 sit
587 2197 832 2250 ὗπερούσιος,
859 2201 1046 2250 nulloque
1074 2202 1274 2240 communi
1301 2214 1391 2240 611111
1419 2215 1460 2240 16
1491 2204 1564 2241 vlla
1590 2215 1730 2253 genere
1753 2203 1910 2253 proprie
1924 2209 1990 2240 aut
2003 2202 2141 2251 impro

225 2247 328 2298 prie,
372 2248 595 2298 simpliciter
634 2262 701 2287 aut
739 2265 807 2300 per
838 2253 1106 2292 reductionem
1139 2255 1413 2305 concludatur,
1451 2255 1596 2305 optime
1624 2258 1728 2294 certe
1755 2261 1857 2294 113116
1883 2256 2142 2305 Theologiam

225 2300 454 2350 ὗπερούσιον
494 2315 576 2340 6556
611 2305 891 2352 praedicamus.
931 2308 1045 2344 Haec
1084 2309 1178 2345 vero
1205 2315 1335 2346 creata
1371 2316 1503 2346 nostra
1539 2308 1755 2358 Theologia
1790 2311 1826 2347 &
1856 2310 2143 2347 communicata

222 2354 322 2390 illius
340 2354 531 2410 .ἀπορῥοη“,
561 2367 650 2393 611111
677 2356 770 2394 nihil
797 2358 844 2396 sit
870 2358 974 2396 aliud
1001 2361 1119 2408 quam
1149 2360 1322 2410 sigillaris
1350 2360 1479 2410 imago
1507 2363 1700 2411 quaedam
1727 2361 1915 2411 impressa
1942 2362 1992 2399 ab
2017 2372 2141 2398 655611-

223 2405 303 2443 11311
337 2406 422 2450 1113,
457 2419 538 2444 11011
571 2415 627 2445 651
660 2411 839 2457 profecto
867 2413 1067 2450 communi
1095 2424 1184 2450 cum
1213 2413 1277 2451 illa
1304 2426 1468 2465 genere,
1504 2427 1578 2452 nec
1606 2427 1654 2452 eo
1686 2415 1871 2452 concludi
1897 2420 2045 2464 potest3
2074 2413 2142 2450 sed

222 2457 392 2507 aliquam
433 2460 558 2497 solum
599 2462 715 2499 habet
753 2463 804 2500 ab
844 2463 908 2501 illa
951 2466 986 2502 &
1025 2476 1114 2503 cum
1150 2465 1215 2503 illa
1251 2466 1490 2516 analogiam:
1518 2467 1852 2516 quemadmodum
1880 2467 2010 2517 imago
2038 2466 2142 2515 picta

221 2511 388 2549 hominis
417 2524 498 2549 non
525 2519 581 2550 est
609 2513 757 2552 homini
787 2515 981 2566 ὀμογενῆς,
1010 2518 1079 2555 sed
1106 2518 1255 2556 ratione
1279 2526 1428 2557 tantum
1443 2519 1647 2569 analogica
1661 2520 1960 2569 appellationem
1975 2517 2142 2557 hominis

220 2563 370 2602 obtinet
400 2564 626 2613 aequiuoce.
667 2567 915 2616 Quapropter
941 2577 1046 2608 recte
1074 2572 1286 2619 Apostolus
1314 2573 1415 2610 hanc
1443 2585 1531 2611 cum
1559 2574 1623 2610 illa
1655 2586 1887 2622 comparans
1921 2586 1953 2610 1.
1982 2573 2074 2609 Cor.
2103 2583 2140 2619 3.

219 2617 355 2653 Nullus
382 2616 547 2665 seipsum
575 2619 754 2669 seducat,
777 2619 920 2668 inquit:
950 2621 981 2658 51
1016 2622 1101 2671 quis
1127 2623 1198 2661 sibi
1226 2624 1378 2663 videtur
1406 2637 1489 2664 esse
1517 2625 1669 2675 sapiens
1684 2625 1722 2662 in
1738 2628 1815 2664 hoc
1832 2624 2140 2675 seculo,stultus

221 2670 285 2705 fiat
311 2676 351 2706 vt
378 2670 444 2707 fiat
470 2670 633 2719 sapiens.
674 2672 868 2721 Sapientia
895 2673 999 2711 enim
1027 2675 1162 2712 mundi
1189 2677 1322 2726 huius,
1351 2679 1507 2716 stultitia
1536 2685 1593 2716 est
1618 2679 1723 2727 apud
1749 2680 1898 2716 Deum:
1914 2675 2138 2724 1133156111)-

221 2727 305 2758 tum
333 2730 408 2771 est,
439 2722 571 2772 Carpit
597 2724 788 2773 sapientes
815 2725 854 2763 in
881 2727 1048 2764 versutia
1074 2728 1263 2777 ipsorum:
1290 2733 1325 2768 &
1353 2743 1523 2778 rursum,
1551 2732 1742 2768 Dominus
1756 2733 1866 2769 nouit
1883 2729 2137 2780 cogitationes

1923 2782 2138 2832 sapientum
