2334 3020
822 94 888 122 DE
928 92 1075 122 VERA
1115 90 1469 120 THEOLOGIA.
2062 91 2115 132 95

191 210 351 243 testatur
376 202 700 253 luculentissime,
727 204 763 240 &
789 214 926 239 ornnes
954 201 1087 240 vident
1114 201 1174 238 vel
1202 210 1335 238 sensus
1363 196 1581 236 communis
1604 197 1850 235 testimonio:
1877 198 1945 235 sed
1962 209 2117 236 caussas

191 269 272 294 non
298 258 490 306 peraeque
519 254 664 293 vident.
697 255 799 292 Nam
827 256 917 292 cum
947 253 1169 292 mutationis
1197 264 1357 291 caussae
1385 250 1459 289 sint
1488 250 1526 287 in
1552 250 1876 301 principiisjhuius
1892 249 2119 301 sapientiae,

192 322 240 347 ex
267 308 406 358 quibus
435 307 612 346 homines
630 307 872 358 Theologiae
901 307 1068 345 scientes
1096 305 1295 345 constituti
1323 310 1583 354 sunt,eorum
1599 309 1727 340 autem
1742 302 2024 353 principiorum
2040 303 2118 341 duo

192 362 266 400 sint
306 374 467 412 genera:
509 363 531 399 e
572 359 712 410 quibus
749 372 891 410 vnum,
924 359 1104 398 videlicet
1130 359 1297 409 Natura,
1325 355 1559 408 principium
1588 367 1723 394 eorum
1752 362 1807 394 est
1834 358 1911 405 qua
1939 355 2120 394 homines

191 421 300 466 sunt,
327 416 513 463 alterum,
542 419 635 463 puta
662 413 807 463 gratia,
838 412 1071 463 principium
1101 423 1236 450 eorum
1266 416 1326 449 est
1352 411 1429 459 qua
1443 407 1608 459 praediti
1623 415 1712 446 sunt
1727 420 1842 458 supra
1856 420 1947 447 suae
1960 415 2119 446 naturae

191 467 354 506 modum
386 467 459 504 hac
486 465 694 516 sapientia:
725 466 840 505 Certe
868 466 949 504 fieri
978 466 1085 503 nullo
1114 471 1230 515 pacto
1258 469 1407 513 potest,
1431 461 1523 512 quin
1553 461 1666 499 variis
1694 461 1972 499 mutationibus
2001 464 2119 511 &per

189 519 448 558 mutationum
475 519 617 569 gradus
647 519 697 557 ad
725 518 1117 569 comprehensionem
1142 516 1351 567 sapientiae
1374 515 1486 553 huius
1500 514 1776 565 perducantur.
1804 514 2118 564 Naturam,quia

189 571 421 622 principium
449 578 506 609 est
535 583 745 610 commune
775 571 951 610 omnium
979 570 1204 621 hominum,
1233 581 1370 608 omnes
1398 567 1567 607 sentiunt
1594 579 1678 605 esse
1698 566 1993 617 mutabilem,&
2010 566 2120 616 quasi

191 624 297 662 volui
324 627 518 675 perpetuis
546 624 649 675 gyris
677 638 722 663 ac
750 624 1041 663 mutationibus.
1071 623 1246 662 Gratiam
1274 625 1366 661 vero
1393 634 1464 671 per
1491 620 1749 658 mutationum
1777 621 1921 670 gradus
1943 619 1982 657 in
1997 620 2120 657 homi-

190 677 301 716 nibus
342 684 545 728 agentem,
588 677 744 727 proprie
785 690 865 716 non
907 677 968 726 alij
1011 676 1164 726 vident,
1205 678 1323 725 quam
1360 685 1528 724 quorum
1563 675 1701 711 oculos
1735 674 1842 712 Deus
1878 672 2118 711 collustrauit

191 729 329 780 gratia:
365 729 483 780 Signa
509 733 604 769 vero
634 730 733 768 illius
761 731 905 781 gratiae
932 730 1127 768 interdum
1157 728 1272 767 etiam
1300 727 1431 766 videre
1458 733 1621 777 possunt
1648 726 1827 764 homines
1854 728 1878 764 a
1905 725 2027 776 gratia
2055 725 2119 762 illa

189 781 425 821 alienissimi.
453 784 610 821 Horum
637 786 730 822 vero
753 782 1033 834 principiorum
1056 782 1095 820 in
1118 793 1238 820 vnum
1262 781 1443 829 idemque
1459 779 1677 818 subiectum
1690 781 1766 817 vna
1781 778 2120 828 concurrentium,

188 836 349 874 effectus
377 837 491 885 plane
520 836 695 874 diuersus
723 843 793 875 est.
821 838 991 883 Namvt
1019 842 1156 873 natura
1184 834 1349 872 subiecti
1376 846 1445 883 per
1473 845 1513 870 se
1541 833 1592 870 ad
1620 831 1816 870 interitum
1838 833 1975 881 fertur,
1998 830 2122 869 homi-

187 901 278 927 nem
319 890 535 928 naturalem
568 888 650 928 siue
678 896 881 928 externum
911 888 1111 927 hominem
1141 894 1317 925 nostrum
1347 885 1468 924 minui
1488 891 1604 934 atque
1631 884 1830 935 corrumpi
1855 897 2013 923 necesse
2041 891 2119 935 est,

187 941 381 980 internum
412 944 530 992 vero,
558 953 675 992 quem
703 941 782 992 agit
808 941 949 992 gratia,
977 941 1016 979 in
1038 940 1120 979 dies
1145 939 1278 990 augeri
1305 946 1422 988 atque
1448 938 1640 976 renouari.
1675 951 1710 977 2.
1744 938 1833 976 Cor.
1861 951 1898 985 4.
1932 939 1990 975 16.
2029 938 2120 985 Quo

187 995 250 1045 fit,
289 1001 330 1032 vt
358 1007 431 1033 nos
461 1007 621 1047 omnes,
655 1007 754 1044 quos
781 996 889 1034 Deus
916 994 1086 1045 gratiose
1114 991 1356 1041 Theologiae
1384 1003 1476 1029 suae
1503 991 1681 1028 alumnos
1707 990 1817 1041 fecit,
1847 997 1993 1029 retecta
2021 989 2119 1028 facie

186 1046 350 1097 gloriam
386 1047 462 1086 Dei
500 1055 541 1086 vt
566 1047 606 1085 in
634 1049 793 1098 speculo
821 1047 1033 1097 intuentes,
1062 1046 1101 1084 in
1129 1046 1308 1084 eamdem
1338 1043 1547 1093 imaginem
1577 1044 1898 1082 transformemur
1924 1055 1971 1081 ex
1997 1042 2120 1093 gloria

186 1100 226 1138 in
261 1100 448 1151 gloriam,
485 1099 583 1139 sicut
618 1103 642 1139 a
669 1100 831 1140 Domini
859 1100 1014 1151 Spiritu.
1046 1113 1080 1138 2.
1114 1099 1204 1137 Cor.
1233 1110 1270 1147 3.
1303 1100 1362 1136 18.
1403 1097 1466 1135 Sic
1495 1102 1655 1134 naturae
1683 1096 1884 1134 infirmitas
1912 1109 1982 1145 per
2009 1108 2049 1134 se
2079 1095 2118 1133 in

187 1153 269 1192 dies
305 1156 352 1192 eo
376 1152 499 1204 magis
527 1153 678 1204 deficit,
712 1166 790 1203 quo
823 1153 945 1203 magis
971 1151 1126 1203 proficit
1154 1150 1299 1201 gratiae
1327 1149 1559 1199 efficacitas,
1588 1148 1697 1187 cuius
1725 1149 1871 1199 gratiae
1898 1155 2034 1186 auctor
2061 1155 2119 1187 est

187 1205 350 1256 Spiritus
378 1206 518 1244 virtute
545 1217 634 1245 sua:
664 1207 705 1255 (f.
740 1209 867 1255 1418.)
896 1205 1080 1256 Spiritus,
1109 1204 1289 1254 inquam,
1317 1203 1381 1241 ille
1409 1201 1503 1253 Dei,
1532 1201 1598 1250 qui
1622 1202 1754 1240 omnia
1769 1202 1867 1240 haec
1881 1201 1919 1239 in
1935 1201 2116 1240 omnibus

185 1259 324 1305 efficit,
367 1259 601 1298 distribuens
637 1259 817 1309 priuatim
853 1259 1012 1309 singulis
1041 1270 1109 1296 sua
1139 1258 1244 1295 dona
1272 1256 1372 1295 sicut
1399 1256 1502 1306 vult,
1537 1268 1568 1293 1.
1601 1255 1691 1293 Cor.
1727 1268 1785 1292 12.
1814 1266 1855 1293 11.
1884 1256 1919 1293 &
1949 1256 1983 1291 T
1986 1255 2117 1293 heolo-

185 1312 288 1362 giam
327 1313 389 1351 vel
431 1311 604 1350 diuinam
639 1313 741 1350 hanc
787 1312 1016 1362 sapientiam
1063 1323 1144 1349 non
1173 1309 1432 1348 communiter
1459 1309 1608 1357 solum,
1638 1309 1707 1346 sed
1735 1307 1850 1346 etiam
1880 1307 2042 1346 seorsim
2071 1320 2117 1345 ac

185 1364 430 1414 singulariter
457 1376 547 1403 cum
574 1376 813 1414 vnoquoque
841 1365 986 1403 herede
1014 1364 1170 1402 diuinae
1199 1362 1361 1413 gratiae,
1394 1360 1660 1399 communicat
1687 1360 1966 1399 efficacissime.

237 1418 582 1466 Quemadmodum
624 1425 753 1456 autem
793 1418 832 1456 in
873 1428 1112 1467 vnoquoque
1153 1417 1333 1454 membro
1362 1414 1528 1466 Christi,
1562 1413 1773 1463 sapientiae
1800 1413 1913 1452 huius
1943 1413 2122 1452 coelestis

183 1470 391 1521 participe,
431 1477 559 1509 certus
589 1483 669 1508 non
702 1478 833 1520 potest
870 1471 954 1510 dari
988 1471 1129 1509 modus
1158 1468 1418 1519 Theologiae:
1449 1467 1504 1506 sic
1533 1467 1648 1505 etiam
1677 1467 1869 1506 incertum
1897 1468 2013 1516 plane
2040 1479 2123 1505 esse

184 1523 346 1562 modum
382 1530 594 1562 statuamus
622 1536 780 1563 necesse
808 1532 885 1575 est,
914 1524 945 1562 si
973 1524 1165 1562 rationem
1193 1528 1272 1560 tam
1302 1523 1513 1559 multorum
1540 1522 1744 1558 hommum
1773 1532 1872 1569 quos
1900 1521 2009 1558 Deus
2036 1532 2120 1569 par-

182 1576 318 1626 ticipes
347 1576 474 1615 effecit
500 1576 764 1628 Theologiae,
791 1577 890 1616 inter
917 1591 957 1617 se
986 1574 1322 1627 comparabimus:
1352 1586 1470 1624 quam
1492 1586 1574 1611 rem
1598 1574 1717 1611 altera
1730 1574 1805 1611 hac
1819 1584 1977 1612 xxxvn.
2001 1572 2120 1611 Thesi

181 1629 306 1669 visum
335 1637 393 1668 est
419 1642 628 1680 exponere.
655 1631 768 1668 Inter
795 1644 921 1669 omnes
949 1632 1084 1670 variat
1107 1630 1200 1667 haec
1232 1629 1461 1678 Theologz'a,
1491 1628 1582 1676 quia
1605 1628 1695 1675 plus
1708 1628 1747 1664 in
1771 1628 1832 1665 lzis
1852 1628 1966 1676 quc'zm
1988 1628 2028 1663 in
2041 1627 2120 1663 illis

182 1688 328 1721 natura
355 1684 561 1732 minuitur,
590 1684 640 1721 &⁶
666 1685 867 1722 inualescit
885 1686 1046 1733 gratia:
1074 1684 1145 1720 etsi
1166 1683 1227 1720 lzic
1254 1694 1360 1719 nemo
1388 1694 1435 1718 ex
1462 1681 1633 1718 omnibus
1648 1680 1948 1730 totamformam
1964 1684 2119 1717 nostrae

189 1737 417 1784 Theologz'ae
453 1736 624 1786 perfecte
654 1743 728 1786 per
765 1739 892 1775 omnia
920 1737 1210 1786 cmnprelzendit.
1252 1734 1379 1772 Huius
1409 1732 1686 1784 propositionis
1722 1740 1802 1771 tam
1831 1732 1992 1772 euidens
2019 1731 2118 1770 ratio

182 1795 262 1839 est,
302 1795 344 1827 vt
385 1788 651 1839 explicationis
687 1802 800 1840 egere
837 1789 997 1829 minime
1026 1789 1216 1827 videatur.
1257 1789 1359 1826 Nam
1396 1786 1730 1836 quemadmodum
1773 1799 1820 1825 ex
1861 1786 2016 1824 duobus
2045 1785 2118 1823 illis

181 1841 397 1893 principiis,
429 1853 528 1892 quae
563 1844 653 1880 ante
682 1843 907 1894 statuimus,
936 1841 1190 1881 mutationem
1226 1840 1265 1879 in
1293 1839 1427 1890 seipsis
1456 1838 1706 1889 experiuntur
1733 1839 1893 1890 singuli:
1923 1839 1974 1876 ita
2001 1837 2119 1876 etiam

181 1896 231 1933 ab
268 1894 405 1933 iisdem
441 1894 640 1945 principiis
668 1901 815 1934 tactum
843 1904 921 1946 est,
950 1904 992 1935 ut
1021 1895 1230 1945 sapientiae
1260 1893 1374 1932 huius
1402 1893 1543 1931 modus
1571 1893 1670 1930 inter
1699 1905 1837 1931 omnes
1865 1891 2045 1930 homines
2073 1891 2120 1929 sit

179 1947 477 1987 diuersissimus.
511 1947 687 2000 Etenim,
715 1955 757 1987 vt
785 1951 834 1988 de
862 1957 999 1988 natura
1027 1949 1203 1987 dicamus
1230 1946 1360 1997 priore
1388 1944 1694 1998 loco,bifariam
1710 1944 2117 1984 considerarianobis

181 2014 266 2040 eam
295 2014 454 2040 neeesse
481 2008 558 2052 est,
587 2004 664 2050 qua
691 2003 910 2042 communis
940 2002 1138 2051 omnium,
1171 2003 1206 2039 &
1235 2002 1312 2050 qua
1339 1998 1541 2050 singularis
1565 2011 1610 2036 ac
1626 1998 1926 2047 vniuscuiusque
1939 1998 2117 2048 propria,

180 2054 262 2092 siue
297 2056 354 2103 (vt
381 2055 513 2093 Patres
540 2054 734 2105 dixerunt)
764 2056 1085 2107 χαρακτηριςική.
1128 2054 1248 2103 Quod
1277 2053 1308 2092 si
1335 2053 1536 2103 proprium
1567 2052 1602 2088 δι
1634 2052 1960 2103 χαρακτηριςικήν
1989 2050 2118 2100 singu-

179 2108 378 2156 laremque
411 2114 588 2146 naturam
617 2119 726 2147 suam
753 2109 1020 2158 vnusquisque
1047 2107 1251 2146 hominum
1283 2106 1454 2145 obtinet:
1486 2104 1571 2155 quis
1599 2105 1675 2142 iam
1703 2117 1751 2142 ex
1779 2116 1827 2142 eo
1856 2116 1938 2141 non
1966 2103 2117 2154 videat,

179 2167 316 2199 natura
356 2160 515 2210 quidem
557 2161 757 2200 communi
794 2174 932 2200 omnes
970 2161 1114 2199 habere
1154 2160 1254 2198 inter
1292 2172 1332 2198 se
1371 2157 1705 2208 conuenientiam,
1735 2156 1919 2207 singulari
1946 2159 2041 2195 vero
2069 2169 2116 2195 ac

178 2212 339 2264 propria
378 2213 635 2253 differentiam
671 2215 912 2253 intercedere
940 2227 988 2252 ex
1024 2213 1253 2252 necessitate
1280 2210 1464 2251 naturae?
1506 2212 1612 2261 Ergo
1639 2217 1682 2248 vt
1709 2210 1926 2248 secundum
1956 2217 2116 2249 naturae

178 2266 396 2305 eommunis
426 2267 679 2314 mutationes,
709 2280 846 2306 omnes
873 2267 1054 2306 homines
1082 2268 1250 2306 subeunt
1279 2264 1501 2304 mutationis
1529 2266 1635 2314 leges
1659 2263 1938 2314 communiter3
1954 2263 2007 2301 ita
2021 2275 2115 2312 quo—

179 2331 255 2369 que
278 2319 493 2358 secundum
519 2327 680 2359 naturae
708 2320 946 2371 particularis
974 2320 1235 2371 propriaeque
1264 2319 1456 2358 rationem
1484 2329 1572 2356 suas
1602 2317 1835 2355 mutationes
1858 2317 1932 2354 fert
1953 2316 2117 2366 quisque

177 2372 431 2423 singulariter.
474 2374 524 2411 Et
559 2373 659 2412 sicut
696 2373 735 2412 in
770 2375 885 2413 rebus
914 2373 1114 2424 corporeis
1142 2380 1277 2411 natura
1305 2371 1473 2410 hominis
1503 2370 1691 2420 cuiusque
1718 2381 1805 2408 suas
1833 2369 1938 2408 vices
1967 2371 2002 2408 δε
2031 2381 2114 2407 suc·

179 2425 374 2464 cessiones
417 2438 546 2465 rerum
591 2426 726 2465 obiens
769 2426 954 2477 paulatim
996 2426 1179 2465 minuitur
1216 2439 1263 2464 ac
1299 2425 1458 2464 tandem
1486 2423 1635 2475 interit3
1665 2423 1731 2462 tali
1759 2423 1937 2472 profecto
1966 2422 2047 2460 iure
2075 2422 2114 2460 in

178 2479 294 2517 rebus
322 2480 373 2517 ad
400 2479 574 2518 animum
602 2487 781 2519 nostrum
813 2480 1094 2530 pertinentibus
1115 2479 1372 2518 mutationem
1397 2476 1785 2526 deminutionemque
1799 2482 1960 2513 naturae
1974 2487 2112 2525 agnos-

177 2531 314 2570 cimus.
343 2532 464 2580 Quod
492 2540 621 2571 autem
648 2533 688 2571 in
715 2533 864 2572 ratione
893 2532 1096 2583 singularis
1123 2539 1282 2570 naturae
1311 2532 1362 2570 ad
1389 2528 1984 2578 deminutioneminteritumque
2000 2540 2113 2566 suum

177 2585 473 2638 contendentis,
501 2585 605 2624 idem
633 2599 681 2625 ex
709 2587 864 2625 diuerso
893 2586 932 2624 in
960 2586 1111 2625 ratione
1138 2585 1283 2636 gratiae
1310 2584 1349 2623 in
1376 2584 1452 2623 Dei
1480 2583 1600 2623 seruis
1628 2585 1664 2621 &
1690 2582 1762 2632 piis
1777 2581 1960 2620 omnibus
1977 2593 2111 2631 auges-

176 2638 313 2686 centis,
356 2644 473 2687 atque
510 2639 559 2676 ad
586 2639 870 2689 perfectionem
898 2651 1008 2677 suam
1036 2639 1198 2677 feliciter
1225 2637 1478 2688 assurgentis,
1508 2648 1607 2687 opus
1635 2642 1694 2674 est
1720 2634 1995 2684 contemplariz
2021 2633 2113 2683 quia

178 2691 470 2729 decrementum
512 2691 612 2730 illius
649 2700 707 2731 est
741 2692 854 2731 huius
886 2691 1183 2731 incrementum.
1224 2693 1394 2730 Tantiim
1422 2691 1496 2729 hac
1522 2690 1563 2728 in
1591 2702 1632 2727 re
1660 2688 1868 2726 discrimen
1899 2694 1974 2738 est,
2002 2687 2113 2736 quod

177 2743 242 2782 illa
268 2744 520 2782 decrementa
547 2745 912 2796 deminutionesque
940 2753 1100 2784 naturae
1128 2758 1176 2784 ex
1203 2744 1240 2784 vi
1268 2744 1415 2796 gratiae
1443 2741 1959 2793 aduersantis,tandemque
1974 2752 2116 2791 expug-

1954 2800 2114 2831 naturae
