2334 3020
683 130 750 156 na
790 130 1071 157 POLITIAE
1111 130 1279 158 Μο515
1320 130 1513 158 ossan.
1986 130 2059 168 377

133 238 347 277 secundum
376 237 491 287 quid,
520 235 558 275 id
587 244 643 275 est
673 249 746 287 pro
775 236 924 276 ratione
954 236 1317 276 circunstantiarum
1347 238 1398 275 ad
1430 236 1580 276 crimen
1608 237 1880 276 accedentium
1896 242 2064 275 mutatur

131 292 326 330 interdum
354 290 504 341 species
533 289 727 338 maleficij:
759 291 794 328 &
823 289 968 329 crimen
999 291 1119 329 modo
1146 290 1334 341 atrocius,
1363 291 1484 329 modo
1506 290 1629 328 leuius
1642 290 1828 341 efficitur,
1852 290 1956 328 vnde
1970 302 2062 340 poe-

131 357 268 382 narum
296 344 459 383 varietas
489 344 587 381 solet
615 342 790 381 existere.
821 343 898 381 Sed
927 344 1027 381 hanc
1055 343 1280 382 varietatem
1309 356 1447 395 nemo,
1476 343 1548 381 nisi
1577 356 1624 382 ex
1651 343 1821 394 legitima
1845 346 1880 382 δι
1903 342 2063 393 diligen-

132 397 277 436 tissima
318 396 543 447 cognitione
585 396 864 434 maleficiorum
907 398 942 434 ἃ
977 396 1340 435 circunstantiarum
1369 396 1546 435 omnium
1575 396 1863 446 exploratione,
1893 395 2064 446 legitime

131 458 260 500 potest
291 450 490 488 adhibere.
533 450 663 499 Atque
691 449 788 487 haec
818 449 867 487 de
894 448 977 488 iure
1004 450 1205 488 communi
1233 449 1335 489 satis.
1365 450 1466 487 Nam
1496 461 1597 499 quae
1625 450 1788 499 amplius
1817 451 1893 487 huc
1922 448 2065 486 adferri

130 510 310 553 possunt,
339 502 462 553 magis
487 502 537 540 ad
566 501 756 541 rationem
785 501 875 540 iuris
903 503 1144 552 particularis
1168 503 1381 554 pertinent:
1399 503 1449 541 de
1463 514 1543 553 quo
1559 502 1745 553 deinceps
1760 501 1900 541 dicturi
1917 513 2064 540 sumus.

947 800 980 838 C
996 801 1032 837 A
1047 800 1089 838 P.
1133 801 1170 837 V
1184 801 1202 837 I
1217 801 1247 837 Ι.

312 917 421 966 Quid
443 917 495 955 sit
519 917 621 954 iuris
640 918 907 968 particularis
934 918 974 954 in
1001 918 1118 955 ΔΜωε
1144 921 1328 955 mutatum
1357 921 1427 955 aut
1452 917 1631 954 mutabile
1640 915 1889 966 '‘simpliciter.

182 1035 407 1079 POSTQvAM
441 1034 490 1073 de
518 1034 562 1073 iis
590 1033 757 1072 diximus
785 1045 885 1084 quae
912 1035 963 1073 ad
991 1034 1183 1073 rationem
1212 1033 1304 1073 iuris
1332 1033 1553 1072 communis
1584 1033 1748 1071 ciuiliter
1775 1033 1815 1071 in
1842 1034 1956 1071 Mose
1984 1044 2069 1082 per-

129 1087 277 1138 tinent⁷
318 1099 423 1126 nunc
460 1088 510 1126 de
546 1088 627 1126 iure
664 1087 884 1137 particulari
911 1087 1026 1126 nobis
1052 1088 1264 1126 dicendum
1291 1094 1368 1126 est:
1398 1086 1437 1125 in
1468 1097 1548 1137 quo
1576 1086 1852 1136 distinguendo
1881 1085 2069 1124 iudicium

128 1152 228 1190 opus
257 1147 314 1179 est
342 1140 548 1190 prudentia
576 1142 611 1178 δι
640 1140 887 1179 accuratione
913 1152 1064 1179 summa
1091 1140 1280 1179 adhiberi
1309 1141 1372 1178 De
1398 1140 1458 1179 his
1473 1147 1603 1178 autem
1617 1140 1694 1177 hoc
1710 1139 1830 1178 modo
1846 1138 2068 1177 statuimus:

129 1194 247 1232 Thes.
277 1207 340 1243 31.
384 1194 640 1244 Quaecunque
673 1196 734 1242 leg
712 1207 774 1232 σεε
801 1195 902 1232 i'urzs
920 1201 1008 1245 par
1010 1196 1185 1232 tzcularis
1212 1199 1320 1243 sunt,
1357 1207 1396 1231 272
1425 1194 1564 1232 rztzbus
1592 1206 1637 1231 ac
1664 1194 1878 1231 ceremoniis
1896 1193 2071 1243 posztae,

128 1260 255 1284 omnes
275 1248 450 1296 fuerunt
473 1249 688 1286 mutabizles
707 1249 921 1298 pleraeque
941 1249 1018 1285 iam
1045 1253 1214 1285 mutatae
1240 1251 1351 1297 sunt,
1382 1260 1457 1284 non
1481 1248 1591 1285 modi)
1618 1260 1658 1284 m
1673 1247 1992 1293 α”,νεπῃιςίαῑιίιίς
2006 1246 2075 1282 sed

128 1302 239 1337 ettam
266 1313 309 1337 re
337 1302 440 1351 ipsa·
466 1302 698 1350 praesertim
726 1313 970 1350 quaecunque
998 1304 1049 1338 ad
1076 1301 1250 1339 vmbram
1270 1300 1506 1349 futurorum
1526 1300 1700 1350 fuerant
1723 1301 1929 1337 irzstthatae
1959 1299 2069 1336 Nam

127 1354 226 1390 recti·
254 1355 340 1391 olzm
370 1354 589 1392 scholasticz
595 1359 839 1404 ‚praecepta
866 1355 996 1392 Moszs
1026 1354 1235 1392 ludicialza
1264 1366 1342 1391 esse
1373 1358 1546 1402 mom‘ua7
1574 1354 1843 1391 ceremonialza
1863 1353 1955 1390 haec
1970 1364 2070 1388 mm-

128 1406 261 1454 siser-,a
299 1406 397 1444 Iuris
425 1419 519 1457 ergo
546 1406 786 1457 particularis
813 1419 957 1457 genera
985 1407 1063 1445 duo
1092 1413 1197 1445 sunt:
1229 1408 1450 1456 Vtrumque
1478 1383 1569 1444 iuris
1598 1405 1756 1444 moralis
1780 1403 2070 1443 administrum:

127 1460 230 1496 Nam
258 1459 331 1497 iuri
355 1459 494 1498 morali
521 1460 573 1498 ad
601 1459 829 1498 societatem
858 1460 1068 1498 humanam
1096 1459 1318 1519 respicienti
1339 1459 1500 1498 inseruit
1526 1459 1585 1497 ius
1606 1459 1719 1498 ciuile
1749 1458 1831 1497 siue
1846 1457 2071 1508 politicum7

128 1524 199 1561 pro
253 1511 374 1550 modo
421 1512 724 1562 vniuscuiusque
771 1512 1007 1562 reipublicae
1042 1512 1281 1563 institutum,
1310 1513 1419 1563 quod
1446 1512 1695 1562 particulare:
1722 1511 1866 1550 Morali
1893 1513 1985 1550 vero
2013 1511 2062 1548 ad

127 1566 274 1603 cultum
302 1564 377 1604 Dei
402 1567 438 1604 &
462 1565 646 1616 pietatem
673 1565 880 1615 pertinenti
908 1565 1067 1605 inseruit
1094 1565 1152 1604 ius
1180 1565 1521 1617 Ecclesiasticum7
1549 1566 1659 1616 quod
1674 1564 1935 1604 ceremoniale
1950 1565 2068 1614 vulgo

128 1619 353 1677 appellatur.
397 1619 647 1669 Quapropter
683 1618 799 1657 etiam
830 1618 945 1670 ritus,
973 1620 1009 1657 &
1038 1619 1283 1658 ceremonias
1311 1619 1411 1658 inter
1440 1632 1481 1657 se
1512 1618 1781 1668 distinximus3
1811 1617 1902 1668 quia
1929 1616 1968 1655 in
1992 1617 2073 1655 ime

128 1670 291 1721 politico
319 1671 377 1709 sui
405 1679 494 1731 sunt
521 1671 698 1722 imperati
726 1674 762 1710 &
789 1673 983 1711 solemnes
1009 1672 1120 1711 ritus:
1150 1672 1398 1711 ceremoniae
1426 1675 1518 1711 vero
1547 1672 1703 1732 proprie
1731 1684 1811 1711 non
1840 1671 1912 1709 nisi
1940 1682 2073 1709 sacrae

128 1724 423 1764 obseruationes
452 1724 492 1763 in
520 1726 628 1763 cultu
656 1724 791 1763 diuino
818 1727 1078 1775 appellantur.
1111 1727 1172 1764 Ac
1200 1725 1358 1764 moralis
1387 1725 1546 1775 quidem
1575 1725 1666 1764 iuris
1695 1739 1740 1764 ea
1765 1731 1901 1763 natura
1928 1731 2002 1770 est,
2031 1730 2071 1761 vt

129 1777 255 1827 ipsum
284 1791 354 1827 per
381 1791 421 1817 se
450 1786 634 1817 constans
662 1778 710 1816 sit
738 1779 774 1816 &
802 1778 1068 1818 immutabile:
1097 1792 1197 1829 quae
1225 1782 1318 1818 vero
1347 1786 1510 1830 propter
1537 1778 1634 1817 illud
1661 1778 1872 1817 constituta
1900 1783 2008 1828 sunt,
2038 1778 2074 1814 ἃ*

129 1831 179 1868 ad
208 1830 334 1880 ipsum
363 1831 572 1882 respiciunt
599 1838 784 1881 tanquam
812 1832 863 1870 ad
891 1833 1011 1870 finem
1039 1844 1173 1881 suum,
1192 1845 1238 1871 ea
1252 1832 1335 1871 iura
1351 1832 1553 1871 mutabilia
1569 1844 1652 1871 esse
1667 1833 1730 1870 vel
1745 1844 1793 1870 eo
1809 1831 1895 1881 ipso
1911 1831 2073 1869 demon-

129 1890 288 1935 stratur,
326 1886 435 1934 quod
464 1892 551 1923 sunt
578 1892 739 1935 propter
767 1885 893 1923 aliud:
923 1885 1247 1936 quandoquidem
1275 1885 1463 1936 quicquid
1491 1892 1652 1936 propter
1680 1885 1786 1923 aliud
1814 1891 1894 1935 est,
1923 1883 1963 1921 id
1992 1890 2075 1921 tum

130 1937 265 1975 saltem
295 1945 463 1976 mutatur
491 1937 689 1989 νηίιιθτεὲ,
719 1949 809 1976 cum
837 1939 955 1977 finem
985 1939 1065 1977 eius
1094 1939 1226 1989 adepti
1253 1951 1397 1978 sumus.
1426 1941 1540 1977 Haec
1567 1946 1698 1977 autem
1723 1939 1806 1977 iura
1821 1940 1878 1986 (vt
1892 1936 2075 1984 diximus)

130 1991 251 2028 duum
279 1998 368 2030 sunt
396 2002 606 2041 generum,
635 2003 736 2040 quae
763 1991 960 2030 iudicialia
983 1993 1100 2043 vulgo
1116 1992 1445 2032 &ceremonialia
1458 1993 1714 2043 appellantur.
1744 1990 1925 2041 Exempli
1941 2001 2074 2028 causa.

129 2044 212 2081 Lex
241 2043 384 2095 ciuilis,
415 2049 538 2095 eaque
565 2044 808 2094 particularis
837 2051 894 2084 est
920 2045 971 2084 ad
999 2046 1246 2084 honestatem
1268 2045 1488 2097 pertinens
1511 2047 1601 2083 cum
1619 2044 1822 2083 mandauit
1842 2045 1971 2083 Deus:
1987 2055 2078 2081 eum

130 2095 248 2135 exibit
278 2096 468 2136 exercitus
497 2104 635 2136 contra
661 2098 795 2136 hostes
823 2105 932 2150 tuos,
961 2098 1130 2149 spatium
1163 2106 1246 2138 esto
1275 2099 1347 2139 tibi
1373 2106 1481 2138 extra
1509 2105 1652 2149 castra,
1682 2104 1723 2137 vt
1751 2097 1961 2149 egrediaris
1985 2096 2077 2134 illuc

130 2151 252 2200 foras,
281 2150 464 2190 videlicet
491 2157 724 2210 purgaturus
753 2152 885 2190 aluum
912 2128 1038 2190 tilam:
1069 2154 1104 2191 δε
1131 2152 1296 2202 paxillus
1325 2159 1409 2191 esto
1439 2151 1676 2202 tibipraeter
1689 2164 1798 2190 arma
1812 2157 1897 2189 tua:
1927 2154 2076 2199 eritque

131 2214 221 2241 curn
251 2215 426 2242 sessurus
453 2204 527 2243 eris
555 2203 669 2255 foris,
698 2211 739 2243 vt
767 2217 816 2243 eo
845 2205 993 2255 fodias7
1022 2207 1058 2244 &
1087 2217 1217 2244 rursus
1244 2212 1352 2257 tegas
1381 2212 1674 2245 excrementum
1702 2211 1824 2243 tuum.
1862 2205 1980 2242 Deut.
2014 2216 2074 2252 23.

136 2269 288 2305 12.13.
330 2258 381 2295 Et
422 2258 500 2296 hoc
542 2269 663 2307 quoq.
705 2257 910 2308 politicum
946 2265 1004 2297 est
1037 2259 1088 2297 ad
1117 2259 1399 2298 humanitatem
1432 2258 1652 2310 pertinens,
1681 2269 1772 2297 cum
1800 2256 1926 2307 inquit
1953 2258 2080 2305 Deus3

131 2321 181 2347 ne
223 2309 368 2348 tradito
413 2321 569 2349 seruum
610 2310 774 2350 domino
817 2323 910 2362 5110,
951 2311 1018 2361 qui
1047 2312 1276 2362 confugiens
1313 2314 1365 2351 ad
1399 2319 1437 2351 te
1465 2311 1649 2361 eripuerit
1676 2324 1717 2350 se
1745 2314 1768 2349 a
1797 2322 1867 2349 suo
1896 2309 2079 2349 domino:

131 2369 264 2400 tecum
295 2371 453 2402 maneto
483 2363 522 2401 in
555 2363 686 2403 medio
716 2365 757 2413 (f.
791 2366 908 2414 1520)
937 2365 1011 2416 tui,
1040 2367 1114 2404 &c.
1141 2366 1258 2404 Deut.
1289 2379 1350 2416 23.
1383 2376 1443 2416 15.
1471 2367 1649 2415 Itemque
1675 2364 1791 2415 illud,
1807 2378 1839 2403 51
1852 2362 2081 2414 ingredians

131 2414 287 2454 vineam
325 2416 496 2467 proximi
537 2416 612 2455 tui.
652 2418 840 2456 comedes
869 2417 1029 2468 quidem
1056 2429 1152 2457 vuas
1179 2431 1251 2468 pro
1281 2418 1475 2458 desiderio
1502 2425 1571 2456 tuo
1605 2418 1656 2457 ad
1685 2417 1924 2456 saturitatem
1951 2423 2079 2465 tuam,

132 2474 170 2506 at
213 2468 254 2506 in
283 2468 584 2509 instrumentum
613 2477 722 2509 tuum
750 2483 801 2509 ne
829 2470 976 2523 indito,
1004 2473 1077 2510 &Q
1105 2473 1221 2509 Deut.
1254 2485 1314 2522 23
1347 2486 1408 2520 24.
1450 2470 1736 2510 Ceremonialia
1763 2473 1857 2509 vero
1881 2470 1945 2508 illa
1972 2475 2080 2508 sunt:

134 2521 235 2560 Cum
264 2522 387 2561 exibit
415 2523 607 2562 exercitus
635 2530 775 2562 contra
802 2524 935 2563 hostes
967 2532 1076 2575 tuos,
1106 2524 1137 2563 si
1164 2525 1279 2564 fuerit
1302 2526 1341 2564 in
1366 2533 1405 2564 te
1434 2524 1627 2575 quispiam
1655 2524 1816 2584 quinon
1831 2523 1903 2562 erit
1915 2523 2084 2561 mundus

133 2586 226 2612 casu
257 2583 479 2627 nocturno,
510 2576 541 2615 is
569 2576 674 2615 exito
702 2584 809 2615 extra
839 2584 966 2616 castra
993 2591 1042 2616 ne
1069 2577 1287 2628 ingreditor
1313 2578 1352 2616 in
1367 2585 1512 2617 castra:
1529 2578 1599 2617 sed
1614 2577 1685 2616 erit
1699 2583 1907 2628 appetente
1921 2588 2085 2626 vespera

133 2634 174 2665 vt
209 2629 312 2666 lauet
345 2642 386 2667 se
413 2641 537 2680 aqua,
567 2629 710 2668 deinde
739 2642 829 2668 cum
859 2630 1006 2669 occidit
1032 2632 1112 2681 501,
1140 2631 1272 2670 veniat
1298 2631 1398 2670 intra
1426 2638 1564 2670 castra.
1592 2631 1710 2670 Deut
1737 2644 1797 2681 23.
1818 2644 1876 2669 11.
1904 2631 1956 2668 Et
1969 2629 2084 2667 111ud

133 2680 194 2718 Ne
234 2681 380 2721 inferto
414 2682 638 2722 mercedem
667 2683 805 2733 scorti,
834 2690 900 2722 aut
927 2683 1094 2735 pretium
1123 2684 1229 2723 canis
1256 2684 1296 2722 in
1325 2686 1489 2724 domum
1517 2685 1688 2723 Iehouae
1716 2684 1793 2723 Dei
1819 2683 1876 2722 tui
1902 2696 1974 2733 pro
2003 2683 2084 2721 vllo

133 2740 252 2772 voto:
301 2736 404 2774 Nam
445 2735 729 2774 abominationi
772 2737 943 2776 Iehouae
983 2739 1072 2776 Deo
1113 2743 1181 2775 tuo
1221 2744 1309 2776 sunt
1346 2738 1488 2788 pariter
1515 2739 1635 2776 ambo
1664 2737 1748 2775 ista.
1785 2739 1902 2775 Deut.
1934 2750 1994 2786 23.
2026 2737 2085 2772 18.

134 2787 248 2825 Haec
296 2788 427 2826 omnia
474 2790 651 2839 exempla
690 2789 726 2826 in
757 2789 862 2827 hunc
900 2791 1031 2828 locum
1059 2790 1184 2828 visum
1217 2799 1274 2829 est
1303 2803 1536 2841 congerere„
1565 2797 1605 2829 vt
1633 2792 1761 2840 palam
1790 2792 1855 2828 fiat
1883 2790 2086 2835 omnibus,

1098 2848 1146 2889 48
1844 2850 2085 2892 quantopere
