2334 3020
253 137 324 162 222
866 127 1080 156 THESES
1121 125 1552 154 THEOLOGICAE.

244 242 369 287 ciunt.
410 249 652 288 quaeramus.
694 249 729 284 3.
772 237 811 274 Si
838 236 933 284 quid
962 235 1145 283 prospere
1174 232 1306 282 cedat,
1337 235 1422 271 Deo
1453 247 1532 271 non
1561 234 1673 272 nobis
1701 234 1951 283 imputemus.
1983 248 2020 280 4.
2050 234 2089 272 Si
2118 248 2166 273 ex

245 294 375 331 animo
404 305 483 329 non
512 291 712 338 succedat,
740 290 791 327 ab
819 287 1058 338 impatientia
1086 285 1371 335 abstineamus,
1402 299 1526 336 neque
1556 287 1645 325 ideo
1674 300 1745 325 nos
1782 286 1941 325 miseros
1981 286 2172 325 existime-

246 358 330 383 mus
360 352 492 382 nostra
520 351 623 382 sorte
652 355 730 381 non
758 341 951 391 contenti,
981 340 1049 379 sed
1080 339 1129 377 de
1158 338 1341 377 omnibus
1369 339 1402 377 ei
1430 339 1573 389 gratias
1603 352 1775 390 agamus.

295 412 330 446 4.
387 398 470 435 Nec
497 398 646 434 tantilm
676 397 772 433 haec
799 396 927 433 Deum
956 392 1187 442 respiciunt,
1217 392 1285 429 sed
1311 391 1426 430 etiam
1450 393 1650 443 homines,
1674 391 1851 442 quamuis
1867 392 2167 441 secundariQ&

246 458 436 500 quatenus
473 450 551 488 eius
591 447 800 498 imaginem
841 448 1028 485 referunt:
1069 445 1169 484 adeo
1202 452 1239 481 vt
1267 444 1477 482 Christiani
1506 445 1622 493 officij
1654 446 1719 495 sit3
1752 459 1780 483 1.
1812 444 1985 494 Quosvis
2016 447 2167 483 honore

245 503 482 552 praeuenire.
524 516 557 541 2.
599 501 638 539 in
681 501 928 551 procuranda
967 499 1132 537 aliorum
1175 497 1388 536 commoda
1427 497 1517 536 totis
1563 499 1704 537 viribus
1748 498 1984 536 incumbere.
2017 511 2053 547 3.
2075 511 2166 548 erga

245 565 468 597 extraneos.
507 554 701 603 abiectos,
729 554 962 602 immeritos,
990 550 1332 599 imo&inimicos‚
1350 550 1403 588 vti
1417 551 1780 602 liberalitate7quae
1797 550 1941 588 nemini
1956 553 2171 600 noceat7&

245 608 425 659 precibus
452 621 523 657 pro
548 609 606 647 his
636 609 854 646 obsecrare.
893 606 957 644 Ad
984 617 1082 655 quae
1111 603 1242 642 omnia
1271 617 1387 642 nemo
1416 604 1635 653 perueniet„
1665 604 1736 642 nisi
1764 604 1831 653 qui
1855 604 2027 642 animum
2059 607 2082 642 a
2106 605 2163 642 sui

243 662 556 701 consideratione
584 659 801 699 abduxerit.

295 727 330 765 5.
385 716 541 753 Horum
570 717 689 764 porro
717 712 972 752 terminorum
1001 710 1128 749 media
1156 709 1364 760 praecipua
1379 715 1467 747 sunt
1483 709 1564 747 tria.
1581 711 1767 759 Primam,
1784 709 2008 748 Tolerantia
2024 709 2163 759 crucis⁷

239 781 305 807 seu
333 779 461 806 rerum
488 767 761 814 aduersarum„
790 777 954 816 quarum
983 775 1119 802 causas
1148 762 1389 812 sapientibus
1419 762 1531 801 huius
1562 762 1682 800 seculi
1709 774 1866 811 prorsus
1895 763 2047 812 ignotas
2061 764 2169 800 Deus

238 823 275 861 in
306 820 484 859 Ecclesia
512 832 580 858 sua
608 819 810 870 patefecit,
839 828 878 856 vt
907 831 954 856 ex
981 817 1025 855 iis
1050 817 1165 855 etiam
1187 815 1476 854 consolationes
1494 817 1622 853 firmas
1638 823 1867 865 peteremus.
1885 815 2114 854 Consolatio
2137 829 2167 852 1.

239 885 313 923 est,
341 881 382 912 vt
409 873 671 912 obedientiam
698 872 905 911 discamus.
938 885 970 909 2.
1002 878 1042 908 vt
1071 868 1316 908 imbecillitas
1344 876 1478 907 nostra
1508 867 1622 906 nobis
1652 870 1705 906 ob
1735 869 1871 906 oculos
1900 876 2085 906 versetur.
2131 881 2167 916 3.

238 937 277 965 vt
306 934 487 978 augescat
514 926 552 964 in
582 925 695 965 nobis
727 925 943 973 inuocatio‚
972 922 1179 973 patientia7
1207 921 1308 960 vitae
1337 921 1502 960 nouitas.
1521 935 1556 968 4.
1576 930 1612 958 vt
1627 924 1850 959 conformes
1866 922 2020 959 Christo
2036 922 2171 958 redda-

238 993 344 1027 mur„
375 979 576 1018 doctrinae
607 979 687 1018 eius
716 977 981 1016 testimonium
1010 977 1166 1025 dantes7
1189 974 1290 1014 &ita
1306 974 1553 1013 haereditatis
1569 976 1718 1012 futurae
1734 974 1877 1012 indicia
1892 976 2170 1023 praeferamus.

289 1036 325 1071 6.
380 1035 482 1070 Vera
513 1032 716 1071 tolerantia
758 1031 838 1070 siue
870 1032 1060 1079 pallentia
1088 1042 1169 1066 non
1197 1035 1255 1066 est
1285 1030 1454 1066 ἀπάθεια
1488 1035 1554 1065 aut
1582 1028 1845 1075 ἀναισθησία,
1877 1039 1976 1076 quae
2009 1040 2168 1064 onmem

241 1085 388 1125 doloris
417 1098 573 1124 sensum
601 1087 769 1135 auferat„
799 1085 955 1134 qualem
984 1082 1103 1122 Stoici
1132 1081 1345 1129 somniant,
1375 1079 1653 1118 simulachrum
1682 1079 2010 1129 magnanimitatis
2036 1080 2169 1129 depin-

241 1148 396 1190 gentes„
426 1140 534 1188 quod
563 1150 754 1188 nusquam
783 1144 978 1188 repertum
1008 1143 1081 1174 est:
1112 1135 1181 1174 sed
1208 1135 1245 1172 in
1271 1147 1317 1172 eo
1347 1141 1526 1182 apparet,
1556 1133 1587 1171 si
1616 1133 1757 1179 fidelis,
1787 1133 2017 1181 grauissimo
2049 1133 2166 1170 afflic-

243 1194 394 1231 tionum
440 1193 613 1242 pondere
655 1203 828 1241 pressus.
858 1189 1007 1228 timoris
1035 1188 1110 1227 Dei
1138 1189 1334 1226 cancellos
1363 1199 1442 1224 non
1472 1193 1715 1236 perrumpat:
1746 1185 1992 1224 considerata
2021 1185 2169 1224 scilicet

247 1245 440 1294 aequitate
482 1246 517 1283 &
557 1244 765 1283 clementia
806 1245 880 1282 Dei
907 1243 946 1281 in
975 1243 1089 1281 nobis
1118 1239 1373 1290 castigandis5
1403 1253 1559 1278 necnon
1589 1238 1754 1277 consilio
1784 1239 1865 1277 eius
1896 1246 2059 1288 paterno
2090 1250 2169 1288 quo

241 1298 353 1338 saluti
381 1305 538 1336 nostrae
567 1298 620 1336 ita
650 1298 854 1336 consulere
883 1298 976 1335 vult.

299 1364 331 1400 7.
362 1352 479 1389 Vnde
508 1352 753 1401 perspicuum
783 1357 858 1397 est7
889 1358 970 1388 tum
996 1348 1184 1386 Ethnicos
1212 1349 1396 1396 (quorum
1425 1347 1488 1394 e(f.
1525 1344 1786 1395 1694.)gregia
1815 1346 1916 1382 facta
1945 1352 2173 1394 superarunt

242 1403 415 1455 praemia
443 1405 478 1442 δί
509 1406 602 1442 fines
632 1403 873 1453 propositos.
903 1402 1048 1453 quique
1077 1414 1166 1438 vera
1194 1400 1464 1438 consolatione
1492 1397 1664 1436 destituti
1693 1397 1913 1436 necessitati
1944 1398 2170 1436 succumbe-

242 1460 352 1505 bant)
396 1460 419 1495 ἐι
448 1471 537 1496 vera
567 1457 749 1506 patientia
775 1457 892 1506 longe
919 1455 1108 1494 abfuisse:
1139 1462 1220 1491 tum
1249 1453 1365 1490 etiam
1398 1452 1627 1490 Haereticos
1656 1453 1691 1489 δε
1720 1450 1963 1498 Libertinos,
1992 1450 2170 1499 aliosque

242 1509 451 1556 eiusmodi.
480 1510 547 1560 qui
575 1511 680 1548 nulla
709 1508 896 1548 charitate
925 1522 1017 1558 erga
1046 1510 1174 1545 Deum
1203 1514 1267 1543 aut
1296 1505 1474 1543 homines
1503 1504 1620 1551 moti„
1651 1515 1742 1542 suos
1757 1517 1905 1542 errores
1926 1503 2171 1553 pertinaciter

242 1565 292 1603 ad
336 1570 503 1601 mortem
545 1575 665 1612 vsque
707 1563 942 1611 defendunt7
985 1563 1149 1600 Satanae
1191 1558 1339 1609 potius⁷
1381 1560 1416 1596 &
1458 1564 1730 1607 portentorum
1772 1569 1931 1595 suorum
1961 1563 2168 1604 martyres,

245 1618 364 1667 quam
392 1615 536 1654 Christi
567 1629 662 1654 esse.

298 1672 334 1708 8,
377 1669 552 1708 Medium
592 1671 774 1716 alterum,
816 1673 873 1706 est
913 1672 1100 1704 venturae
1127 1664 1320 1704 beatitatis
1349 1664 1447 1703 seria
1477 1663 1698 1710 meditatio,
1728 1674 1829 1711 quae
1858 1662 2022 1700 comites
2051 1662 2169 1699 habet

240 1722 434 1761 fastidium
476 1725 511 1761 &
549 1728 819 1771 contemptum
846 1719 946 1757 vitae
977 1718 1181 1769 terrestris3
1209 1724 1398 1768 quatenus
1426 1718 1533 1755 Deus
1563 1723 1644 1754 tum
1674 1716 1723 1753 de
1753 1716 1863 1753 huius
1897 1715 1995 1753 vitae
2017 1715 2169 1753 vmbra-

238 1776 314 1814 tilis
345 1775 529 1824 vanitate,
560 1775 721 1813 miseriis
749 1772 910 1812 assiduis
927 1802 936 1815 .
964 1773 999 1810 Sc
1024 1772 1072 1809 de
1101 1771 1349 1820 corruptione
1379 1777 1510 1808 nostra
1537 1768 1701 1806 naturali
1730 1781 1798 1818 per
1826 1767 2077 1818 quotidianos
2091 1768 2169 1816 lap-

238 1841 301 1867 sus
330 1842 401 1867 nos
429 1827 601 1872 instruit.
630 1836 712 1866 tum
756 1827 855 1864 vitae
878 1827 1029 1863 futurae
1056 1825 1197 1873 gaudia
1226 1838 1293 1874 per
1316 1822 1498 1873 Spiritum
1515 1833 1626 1859 suum
1640 1821 1755 1860 nobis
1774 1821 1982 1859 delibanda
1996 1821 2168 1870 praebet.

292 1896 326 1931 9.
383 1883 460 1919 Ista
493 1882 571 1919 duo
600 1888 751 1930 autem,
782 1879 1005 1917 moderatus
1030 1884 1276 1927 contemptus
1306 1875 1561 1922 terrestrium„
1592 1877 1627 1913 δι
1651 1874 1930 1913 immoderatus
1960 1887 2071 1911 amor
2087 1872 2168 1918 sui,

239 1935 339 1972 adeo
368 1933 623 1983 repugnantia
651 1940 759 1980 sunt„
791 1939 829 1970 vt
856 1931 928 1970 illis
956 1930 1068 1968 simul
1096 1930 1259 1968 detineri
1287 1931 1413 1968 nullus
1434 1928 1567 1978 possit.
1612 1929 1863 1966 Moderatum
1888 1927 2070 1965 dicimus:
2100 1939 2173 1963 nec

240 1988 343 2026 enim
383 1987 434 2025 ita
478 1987 571 2025 odio
599 1986 780 2025 habenda
807 1992 864 2023 est
891 1996 1073 2034 praesens
1102 1983 1195 2033 vita,
1227 1990 1264 2020 vt
1293 1995 1372 2021 non
1400 1995 1487 2020 eam
1517 1980 1856 2019 benedictionibus
1885 1980 1959 2017 Dei
1987 1979 2171 2017 adnume-

240 2051 395 2089 remus7
423 2041 513 2078 cum
542 2040 592 2078 ad
622 2047 793 2078 nostram
821 2039 983 2076 salutem
1013 2037 1325 2086 promouendam
1352 2035 1486 2073 faciat:
1517 2033 1657 2083 partim
1689 2033 1780 2083 quia
1809 2035 1914 2071 Deus
1929 2032 2044 2071 nobis
2059 2030 2173 2070 variis

240 2093 439 2132 beneficiis
478 2095 513 2131 &
554 2092 798 2131 documentis
840 2102 949 2130 suam
977 2089 1015 2128 in
1038 2104 1082 2128 ea
1111 2090 1326 2128 bonitatem
1353 2095 1533 2126 testatur:
1563 2086 1703 2136 partim
1737 2090 1831 2124 vero
1857 2086 1948 2135 quia
1976 2099 2043 2135 per
2072 2084 2177 2122 varia

243 2146 456 2185 certamina
484 2146 534 2184 ad
562 2159 751 2184 coronam
779 2145 988 2183 coelestem
1013 2156 1084 2181 nos
1112 2148 1328 2192 praeparat.
1357 2142 1468 2189 Quae
1496 2140 1526 2178 si
1555 2139 1772 2189 exceperis,
1802 2152 1894 2177 cum
1909 2139 1953 2177 iis
1977 2137 2174 2177 verissime

245 2199 406 2244 senties,
450 2199 516 2248 qui
556 2199 749 2249 optimum
784 2211 866 2236 esse
894 2196 1074 2235 dixerunt
1104 2197 1164 2234 vel
1191 2208 1270 2234 non
1300 2193 1427 2243 nasci,
1455 2195 1516 2232 vel
1544 2193 1622 2231 cito
1649 2192 1769 2231 vitam
1799 2204 1890 2230 cum
1920 2199 2045 2230 morte
2075 2204 2176 2228 com-

250 2260 411 2290 mutare.

305 2319 361 2343 10.
418 2305 518 2342 Cum
547 2311 676 2342 autem
706 2303 837 2341 fideles
866 2302 906 2340 id
928 2303 1016 2340 Deo
1046 2302 1232 2350 debeant7
1260 2308 1301 2339 vt
1329 2312 1472 2338 nomen
1502 2299 1582 2337 eius
1614 2299 1673 2336 vel
1702 2311 1771 2348 per
1800 2304 1987 2345 mortem,
2016 2298 2077 2334 vel
2107 2309 2176 2345 per

249 2359 368 2397 vitam
411 2357 647 2407 glorificent:
692 2356 808 2406 ipsius
838 2357 928 2394 vero
958 2354 1005 2392 sit
1033 2354 1240 2393 decernere
1272 2353 1398 2391 media
1426 2363 1517 2390 suae
1547 2351 1693 2401 gloriae
1723 2350 1991 2389 illustrandae:
2017 2348 2069 2386 ita
2097 2348 2177 2386 eius

250 2411 407 2449 arbitrio
438 2411 570 2448 mortis
600 2410 778 2458 vitaeque
807 2408 1015 2447 terminum
1044 2407 1259 2456 relinquere
1287 2406 1452 2456 debent,
1480 2412 1521 2442 vt
1548 2411 1714 2442 mortem
1742 2403 1816 2442 sibi
1831 2410 1977 2441 temere
1992 2415 2072 2440 non
2087 2414 2178 2439 con-

250 2464 435 2513 sciscant7
486 2476 594 2501 more
631 2463 834 2501 hominum
864 2474 953 2499 vera
982 2460 1168 2510 religione
1199 2459 1491 2505 destitutorum.
1521 2471 1594 2495 nec
1623 2471 1709 2495 earn
1739 2458 1823 2507 plus
1851 2467 1977 2505 aequo
2006 2454 2178 2493 reformi-

250 2519 358 2555 dent:
388 2517 455 2554 sed
485 2515 656 2555 medium
685 2522 877 2563 tenentes7
907 2514 1016 2563 quod
1043 2513 1214 2551 ostendit
1244 2514 1401 2561 Paulus,
1436 2525 1467 2549 1.
1501 2512 1674 2550 Corinth.
1706 2521 1741 2560 5.
1764 2509 1995 2548 R0112.8.ad
2011 2510 2180 2545 mortem

249 2569 427 2608 alacriter
456 2576 636 2619 pergant„
666 2581 746 2606 non
776 2567 866 2616 quia
898 2566 1015 2604 velint
1044 2566 1150 2616 exui,
1174 2566 1242 2603 sed
1274 2565 1363 2614 quia
1388 2562 1611 2614 superindui
1638 2563 1808 2613 cupiant.

305 2636 365 2661 11.
420 2622 525 2671 Quin
555 2624 589 2660 &
617 2635 663 2659 ex
693 2621 757 2658 illa
784 2619 1115 2669 contemplatione
1142 2620 1246 2656 hunc
1274 2619 1442 2656 fructum
1470 2623 1760 2664 consequuntur
1777 2646 1785 2662 ,
1806 2622 1845 2652 vt
1860 2614 1974 2652 etiam
1991 2612 2021 2650 si
2036 2613 2180 2661 opes&

251 2677 421 2713 honores
462 2674 670 2724 impiorum
712 2673 970 2722 amplissimos
999 2672 1236 2719 intueantur,
1266 2671 1296 2709 si
1324 2670 1593 2720 splendorem,
1624 2668 1655 2706 si
1684 2671 1835 2716 luxum,
1865 2667 1895 2705 si
1919 2667 2178 2704 delectamen-

250 2736 379 2766 torum
421 2728 588 2777 denique
629 2726 805 2765 omnium
840 2724 1078 2763 affluentiam
1107 2731 1286 2774 cernant,
1314 2731 1418 2762 sorte
1448 2734 1517 2760 sua
1545 2721 1717 2759 contenti
1745 2720 1890 2759 laetitia
1919 2719 2092 2765 exiliant,
2121 2728 2179 2754 su-

249 2780 449 2819 biicientes
476 2781 613 2818 animis
642 2780 717 2818 suis
746 2779 848 2816 diem
873 2790 952 2827 quo
982 2778 1175 2815 Dominus
1203 2779 1405 2826 abstergetg
1416 2778 1466 2814 ab
1482 2786 1618 2813 eorum
1634 2774 1757 2813 oculis
1772 2786 1930 2813 omnem
1944 2774 2177 2859 lacrymarri,

2067 2828 2141 2860 -sto
2158 2835 2181 2859 a
