2334 3020
837 131 1103 157 mRENict
1150 130 1287 157 PARS
1332 130 1356 157 1.
1986 128 2056 164 437

116 240 357 279 ceremonias
387 241 624 278 habuerunt:
655 250 819 288 quarum
847 238 945 277 aliae
972 249 1201 276 communes
1229 244 1317 275 sunt
1345 235 1521 275 omnium
1549 241 1740 280 aetatum,
1773 241 1864 283 puta
1880 245 1979 283 quae
1999 232 2050 270 ad

117 295 359 332 honestatem
401 295 437 332 &
479 293 621 331 iustum
663 292 842 330 ordinem
884 291 922 329 in
962 290 1080 329 sacris
1112 292 1228 328 rebus
1257 290 1416 340 agendis
1446 290 1664 339 pertinent:
1697 288 1807 325 Aliae
1836 286 2051 336 singulares

115 347 215 385 illius
244 346 431 397 temporis
459 346 509 384 ad
539 346 716 383 vmbram
747 347 961 383 futurarum
990 355 1118 382 rerum
1146 343 1403 393 pertinentes,
1433 341 1770 391 quemadmodum
1799 340 1894 378 scite
1923 338 2056 377 distin-

116 408 254 438 xerunt
283 400 464 450 Apostoli
492 398 530 437 in
559 398 703 437 celebri
733 398 800 436 illo
830 405 1027 436 conuentu
1056 396 1346 445 Hierosolymis
1375 395 1535 440 habito,
1563 396 1668 444 (Act.
1691 405 1749 444 15,
1769 395 1846 442 29.)
1864 395 1898 431 &
1917 394 2056 430 Paulus

114 453 164 491 ad
207 454 365 491 Galatas
407 454 442 491 &
470 452 723 491 Colossenses
757 452 1002 489 demonstrat
1030 450 1329 488 euidentissime.
1358 448 1531 487 Omnino
1559 457 1689 485 tamen
1713 455 1941 497 perpetuum
1960 446 2056 483 illud

115 513 191 555 est,
229 506 338 555 quod
374 518 509 543 omnes
539 505 589 555 pij
620 504 658 542 in
689 504 970 543 communione
999 511 1223 542 sanctorum
1253 509 1485 552 comparent
1514 514 1649 539 coram
1681 500 1777 538 facie
1817 498 1978 538 Domini
2008 498 2059 536 ad

117 558 382 597 testimonium
418 558 558 608 ipsius,
595 559 630 595 δι
660 558 860 596 celebrant
889 569 1035 595 nomen
1065 555 1195 606 ipsius.
1226 557 1294 594 Est
1322 555 1437 605 igitur
1466 554 1543 592 iam
1573 553 1668 592 olim
1696 553 1851 603 piorum
1880 552 1919 590 in
1949 564 2061 589 com-

118 611 304 650 munione
337 619 562 650 sanctorum
598 610 774 649 officium
813 611 976 660 duplex:
1009 622 1147 658 vnum,
1189 617 1227 646 vt
1262 609 1478 658 percipiant
1513 610 1537 645 a
1577 609 1662 645 Deo
1695 607 1856 644 verbum
1886 607 2051 644 salutare

114 664 213 714 eius,
243 667 278 704 &
307 665 534 714 loquentem
548 663 732 702 audiant:
763 665 959 712 Alterum,
989 670 1031 701 vt
1046 662 1123 701 suis
1140 662 1382 700 orationibus
1399 662 1595 711 appellent
1612 660 1759 709 ipsum,
1791 662 1826 698 δι
1847 658 2059 709 gratiarum

112 718 269 756 actione
312 722 497 767 omnique
533 717 761 767 posessione
799 724 935 755 sancta
970 723 1185 766 agnoscant
1215 714 1449 754 beneficium
1478 713 1571 752 eius.
1613 715 1744 762 Atque
1773 715 1870 750 haec
1898 711 2057 761 quidem

112 771 192 810 duo
220 771 350 809 officia
378 770 518 821 singuli
547 770 652 820 apud
679 783 720 809 se
749 772 784 809 δε
813 771 912 808 intra
940 769 1114 818 priuatos
1143 768 1309 818 parietes
1339 775 1519 806 tenentur
1547 774 1743 816 praestare
1769 765 1964 815 Domino,
1987 764 2057 802 sed

114 826 204 862 cum
247 824 310 862 hic
345 831 482 874 agatur
510 837 557 862 ex
585 825 761 874 professo
792 825 840 861 de
870 822 1006 861 ordine
1037 821 1195 872 publico
1225 820 1263 859 in
1293 820 1419 871 prisca
1449 819 1625 858 Ecclesia
1653 819 1703 857 ad
1733 817 2056 856 communionem

113 885 341 916 sanctorum
369 876 543 916 instituto
573 884 688 926 atque
715 878 947 926 obseruato,
975 876 1189 913 commode
1204 876 1400 924 Propheta
1417 872 1613 923 vsurpauit
1627 873 1857 910 ascendendi
1871 872 2054 909 verbum:

114 938 154 968 vt
183 943 231 968 eo
260 930 492 980 significaret
523 930 697 968 officium
728 930 883 980 publice
911 928 934 966 a
962 928 1034 978 piis
1062 928 1289 978 praestitum
1319 927 1385 977 qui
1414 940 1461 965 ex
1490 926 1569 964 suis
1598 925 1804 973 domibus,
1830 924 2009 971 sedibus,
2026 924 2060 961 δε

115 983 291 1022 tribubus
320 983 436 1022 etiam
465 983 796 1033 longinquissimis
824 982 1034 1032 prodibant
1062 983 1182 1030 vltro,
1211 988 1251 1018 vt
1280 981 1331 1018 ad
1360 982 1457 1018 haec
1488 981 1565 1018 duo
1590 979 1719 1017 officia
1735 991 1869 1016 coram
1886 976 2062 1015 Domino

115 1037 348 1086 praestanda
376 1039 480 1075 caste
509 1039 545 1075 &
574 1036 753 1086 religiose
782 1036 1029 1074 accederent.

170 1089 245 1128 His
287 1090 425 1128 officiis
466 1089 761 1139 adiungendum
803 1096 860 1127 est
901 1096 1082 1138 quartum
1111 1087 1207 1125 illud
1237 1087 1368 1136 capud
1396 1085 1506 1135 quod
1535 1087 1623 1123 ante
1653 1084 1842 1133 diximus,
1872 1083 2054 1121 nimirum

113 1142 513 1191 circumstantiarum,
543 1155 643 1192 quae
671 1142 709 1180 in
738 1143 854 1180 rebus
882 1141 1067 1180 omnibus
1095 1139 1256 1190 agendis
1286 1142 1414 1177 solent
1442 1150 1669 1186 occurrere,
1699 1138 1796 1175 aliae
1827 1145 2058 1186 perpetuae,

114 1195 211 1234 aliae
240 1199 334 1235 vero
363 1209 435 1246 pro
465 1195 673 1234 occasione
688 1195 892 1233 variantes.
922 1196 1131 1244 Perpetuas
1145 1194 1387 1243 appellamus
1403 1205 1489 1239 eas,
1518 1191 1600 1230 sine
1617 1191 1759 1241 quibus
1775 1203 1848 1228 nec
1864 1202 2062 1240 personae

113 1255 272 1298 agentes
312 1262 387 1288 nec
429 1249 602 1288 actiones
643 1248 796 1286 illarum
837 1255 1016 1286 constare
1058 1255 1241 1296 possunt:
1286 1244 1507 1284 cuiusmodi
1544 1252 1632 1283 sunt
1661 1243 1872 1293 temporis,
1903 1245 1938 1281 δι
1968 1242 2057 1281 loci.

113 1302 317 1341 Variantes
359 1310 489 1340 autem
528 1315 614 1350 eas,
653 1314 752 1351 quae
782 1302 903 1339 modo
939 1314 1023 1339 sese
1052 1301 1221 1338 offerunt
1253 1299 1291 1337 in
1322 1298 1466 1337 nostris
1494 1297 1736 1340 actionibus,
1766 1297 1889 1335 modo
1919 1297 2061 1334 absunt

113 1357 164 1394 ab
203 1356 294 1394 illis:
333 1359 368 1394 ἃ
406 1357 495 1393 cum
525 1356 686 1404 adsunt,
715 1355 808 1393 alias
838 1355 915 1392 hoc
944 1354 1066 1392 modo
1095 1354 1256 1400 adsunt,
1285 1351 1379 1390 alias
1407 1351 1474 1389 illo
1505 1352 1648 1389 modo:
1679 1350 1770 1399 quia
1797 1357 1838 1387 vt
1865 1349 1995 1387 adsint
2022 1348 2062 1386 in

113 1408 275 1459 agendis
313 1410 448 1457 rebus,
492 1421 566 1446 nec
606 1421 677 1458 per
718 1408 846 1458 ipsas,
889 1420 961 1445 nec
1003 1420 1072 1457 per
1116 1419 1187 1445 nos
1228 1414 1333 1444 certa
1375 1411 1433 1443 est
1470 1405 1682 1442 necessitas
1711 1411 1829 1452 atque
1857 1410 2060 1452 perpetua.

115 1461 341 1510 Quinetiam
383 1462 469 1500 illae
511 1461 617 1511 ipsae
659 1462 760 1499 duae
803 1473 899 1510 quas
936 1460 1103 1498 diximus
1138 1459 1393 1507 necessarias,
1423 1458 1500 1496 suis
1529 1469 1689 1506 quoque
1720 1455 1954 1494 ceremoniis
1985 1468 2065 1493 non

115 1515 342 1565 simpliciter
378 1523 444 1553 aut
480 1528 548 1565 per
576 1527 616 1553 se
633 1545 643 1565 ,
685 1514 753 1552 sed
781 1521 941 1564 propter
969 1513 1295 1563 significationem
1324 1513 1495 1561 ipsarum
1525 1509 1752 1549 necessariis
1782 1509 1877 1548 olim
1905 1511 2062 1547 fuerunt

114 1569 225 1618 quasi
251 1569 411 1607 vestitae
441 1568 627 1606 mandato
658 1568 756 1617 Dei,
788 1575 828 1605 vt
856 1568 945 1605 cum
976 1566 1159 1616 (exempli
1187 1568 1318 1613 causa)
1349 1565 1501 1603 dierum
1532 1563 1731 1602 distinctio
1761 1565 1846 1612 lege
1875 1561 2066 1612 imperata

117 1629 195 1672 est,
238 1624 273 1660 &
315 1621 432 1660 feriae
473 1620 759 1659 anniuersariae
803 1619 1062 1658 constitutae:
1098 1619 1361 1668 Similiterque
1403 1619 1441 1656 in
1484 1617 1634 1656 ratione
1679 1616 1779 1661 loci,
1822 1617 1912 1653 cum
1954 1617 2067 1653 locus

119 1675 490 1724 Hierosolymorum
533 1682 590 1712 est
633 1674 894 1712 conuentibus
937 1672 1055 1711 sacris
1099 1673 1333 1721 destinatus,
1373 1674 1408 1710 δε
1450 1682 1707 1721 quaecunque
1752 1669 1946 1708 eiusmodi
1984 1671 2068 1718 lege

117 1728 253 1767 indixit
281 1730 387 1767 Deus
416 1737 456 1766 vt
484 1728 568 1777 typi
596 1740 727 1765 rerum
757 1728 972 1765 futurarum
1002 1734 1140 1764 essent.
1170 1726 1234 1763 Ad
1262 1726 1365 1763 hanc
1392 1724 1697 1763 ambulatoriam
1732 1726 1788 1772 (vt
1817 1725 1907 1760 ante
1935 1724 2065 1771 appel-

116 1781 297 1830 lauimus)
324 1781 591 1820 ceremoniam
620 1782 817 1830 Propheta
843 1779 1030 1830 respexit,
1060 1780 1151 1817 cum
1167 1778 1334 1826 diceret,
1365 1779 1579 1816 Namz‘llnc
1596 1778 1827 1825 ascendunt,
1857 1776 1907 1814 ad
1923 1776 2059 1814 vrbem

116 1843 209 1885 puta
236 1835 624 1884 Hierosolymorum,
654 1834 763 1872 cuius
791 1834 947 1872 duobus
975 1832 1304 1882 praecedentibus
1334 1831 1511 1870 versibus
1539 1830 1716 1881 proxime
1747 1828 1989 1867 meminerat.

170 1888 230 1926 Ex
259 1888 318 1926 his
347 1895 478 1926 autem
506 1887 688 1926 omnibus
718 1899 818 1937 quae
847 1887 896 1925 de
924 1886 1054 1936 prisca
1082 1886 1320 1924 Iudaeorum
1351 1884 1529 1923 Ecclesia
1556 1883 1715 1934 proprie
1744 1883 1926 1921 hocloco
1943 1893 2062 1920 enun-

118 1941 218 1980 ciata
246 1949 353 1989 sunt,
382 1942 472 1979 cum
502 1940 659 1990 Spiritui
688 1948 824 1979 sancto
857 1941 979 1979 visum
1007 1939 1122 1978 fuerit
1151 1940 1248 1977 haec
1276 1938 1362 1988 ipsa
1392 1938 1544 1975 cantica
1571 1937 1622 1975 ad
1650 1936 1900 1975 Catholicam
1928 1936 2064 1973 Eccle-

117 1994 213 2033 siam
248 1995 283 2032 &
322 1994 582 2033 Christianam
617 1994 896 2044 transmittere,
931 1993 984 2031 ita
1018 1992 1238 2043 colligimus
1266 1992 1432 2030 eandem
1464 2002 1623 2040 quoque
1650 1989 1842 2028 rationem
1871 1988 1910 2026 in
1938 1990 2065 2026 forma

118 2054 296 2095 externa,
339 2047 536 2098 personis,
579 2047 799 2086 actionibus
834 2049 868 2085 δι
910 2045 1229 2095 circumstantiis,
1273 2057 1373 2095 quae
1415 2044 1575 2094 quidem
1618 2057 1685 2093 per
1721 2056 1761 2081 se
1789 2050 1854 2080 aut
1883 2048 2065 2091 respectu

119 2100 276 2139 alterius
317 2101 558 2139 necessariae
586 2108 695 2151 sunt,
733 2099 934 2138 obseruari
975 2102 998 2137 a
1027 2099 1100 2149 piis
1129 2107 1326 2149 oportere.
1368 2100 1513 2136 Forma
1542 2105 1702 2135 externa
1729 2095 1760 2135 si
1788 2095 1859 2133 fuit
1887 2095 1960 2133 illis
1993 2102 2065 2133 tes—

120 2154 326 2193 timonium
361 2157 384 2192 a
421 2155 508 2192 Deo
545 2154 679 2192 datum
720 2153 876 2192 Israeli:
912 2154 1019 2203 Ergo
1054 2153 1223 2191 formam
1262 2159 1462 2190 externam
1500 2150 1700 2188 Ecclesiae
1739 2148 1957 2187 catholicae
1984 2149 2064 2186 hoc

119 2207 237 2246 etiam
278 2215 455 2257 tempore
496 2208 536 2245 in
565 2207 787 2246 testimonio
816 2207 1029 2256 scripturae
1057 2219 1188 2244 sacrae
1214 2217 1332 2255 quam
1362 2205 1579 2254 prophetae
1608 2205 1643 2242 δι
1671 2201 1856 2253 Apostoli
1883 2201 2066 2239 diuinitus

121 2260 295 2311 inspirati
337 2260 617 2310 consignarunt
657 2259 809 2310 scriptis
850 2261 885 2297 δι
928 2259 1126 2297 Ecclesiae
1155 2259 1400 2297 tradiderunt
1429 2255 1663 2307 recognosci
1694 2262 1889 2305 oportere.
1931 2256 2066 2293 Perso-

120 2326 257 2352 narum
294 2313 324 2352 si
359 2313 430 2351 fuit
458 2313 656 2352 distinctio
685 2326 733 2351 ex
760 2313 875 2352 donis
902 2314 938 2351 &
967 2311 1240 2350 vocationibus
1268 2314 1291 2349 a
1320 2313 1406 2349 Deo
1435 2309 1702 2359 institutis,ad
1718 2307 2064 2347 commoditatem:

121 2368 238 2405 etiam
272 2375 456 2405 externae
498 2367 648 2405 formae
676 2374 792 2416 atque
819 2366 994 2404 internae
1023 2365 1247 2414 veritatem,
1276 2366 1382 2414 Ergo
1413 2365 1551 2402 eadem
1579 2362 1756 2402 Ecclesia
1786 2361 1990 2400 Catholica
2018 2374 2066 2399 ex

123 2420 239 2458 donis
275 2422 310 2458 &
352 2420 626 2458 vocationibus
654 2422 678 2458 a
704 2421 792 2458 Deo
820 2418 967 2458 testatis
996 2418 1182 2468 distingui
1211 2431 1398 2468 personas
1427 2423 1623 2467 oportere.
1653 2416 1692 2454 Si
1721 2415 1917 2463 actiones,
1947 2414 2068 2453 offici-

122 2479 224 2523 aque
253 2481 336 2511 tum
365 2473 564 2512 Ecclesiae
592 2472 734 2523 ipsius,
762 2481 845 2512 turn
875 2473 1145 2510 membrorum
1174 2471 1352 2509 omnium
1381 2473 1428 2508 eo
1457 2469 1725 2520 pertinebant,
1756 2476 1795 2506 vt
1824 2470 1931 2506 Deus
1958 2467 2065 2505 audi-

122 2535 223 2565 retur
254 2527 431 2565 homines
457 2527 497 2565 in
526 2528 647 2565 verbo
677 2538 747 2564 suo
776 2528 999 2576 alloquens,
1039 2526 1075 2563 δι
1102 2523 1156 2562 illi
1184 2526 1315 2562 Deum
1346 2523 1516 2562 vicissim
1545 2524 1837 2572 alloquerentur
1865 2520 2066 2571 precibus,

123 2581 158 2618 St
199 2579 411 2630 gratiarum
439 2579 594 2618 actione
623 2593 783 2618 omnem
811 2581 1006 2617 honorem
1035 2577 1069 2616 ei
1098 2577 1347 2625 exhiberent,
1375 2584 1492 2626 atque
1521 2577 1572 2614 ad
1601 2577 1703 2614 hanc
1732 2588 1815 2613 rem
1843 2582 2064 2613 conuentus

120 2646 252 2672 sacros
280 2634 455 2672 colerent
482 2634 873 2682 frequentarentque:
902 2644 996 2681 ergo
1025 2631 1141 2669 nobis
1169 2631 1341 2668 dandam
1357 2643 1440 2668 esse
1456 2643 1636 2680 operam,
1660 2637 1701 2667 vt
1716 2631 1845 2667 Deum
1860 2627 2064 2666 audiamus

120 2688 366 2736 loquentem,
406 2686 534 2724 eidem
563 2686 744 2736 precibus
772 2687 806 2723 St
835 2684 1046 2736 gratiarum
1075 2683 1295 2722 actionibus
1328 2684 1522 2722 honorem
1552 2683 1787 2729 habeamus,
1818 2681 1989 2731 denique
2017 2680 2068 2718 ad

125 2741 202 2778 hoc
231 2751 330 2789 opus
358 2739 534 2789 religiose
562 2739 844 2778 conueniamus
872 2739 971 2776 inter
998 2750 1093 2783 nos,
1116 2737 1254 2775 facturi
1283 2736 1545 2775 communiter
1560 2748 1762 2774 seruorum
1780 2734 1855 2773 Dei
1871 2733 2065 2782 officium,

127 2805 215 2830 cum
245 2792 447 2831 audiemus
477 2793 660 2831 mandata
686 2806 732 2831 ac
760 2791 1039 2842 promissiones
1068 2790 1168 2842 eius,
1197 2789 1363 2840 gratiam
1391 2790 1687 2840 implorabimus
1711 2789 1749 2827 in
1765 2790 1880 2827 rebus
1895 2786 2068 2826 aduersis

1966 2843 2000 2879 &
2030 2840 2067 2878 in
