2334 3020
276 113 350 151 254
885 110 1098 137 THESES
1140 108 1572 138 THEOLOGICAE.

271 231 353 278 que
372 220 413 256 fit
441 220 476 256 δι
504 219 667 255 habetur
689 226 770 255 rata
798 230 867 266 per
893 216 1102 254 internam:
1133 219 1168 255 &
1197 216 1263 265 qui
1290 216 1494 266 legitime'
1485 230 1524 255 m
1538 216 1683 256 terrise
1700 217 1978 257 communione
1994 220 2200 260 Ecclesiae

269 271 492 318 eiiciuntur
521 270 625 308 iuxta
653 269 950 319 promissionem
979 269 1137 314 Christi,
1169 283 1392 319 quacunque
1417 272 1635 319 ligaueritis
1663 272 1703 308 in
1731 270 1858 319 terra
1874 278 1988 310 erant
2008 274 2133 321 ligata
2156 287 2199 311 m

269 326 380 362 coelo.
410 324 554 361 Alattlz.
590 326 645 361 18.
678 325 735 361 18.
764 324 896 382 16.-19.
924 324 1038 360 Ioan.
1070 335 1129 360 20.
1159 335 1219 371 23.
1261 323 1330 360 Est
1358 331 1490 361 autem
1519 325 1616 362 haec
1644 322 1782 362 eiectio
1811 336 1891 362 non
1919 325 2098 363 absoluta
2129 327 2200 364 sed

269 375 562 425 conditionalis,
592 375 736 414 scilicet
764 375 859 426 nisi,
888 374 1075 424 tantisper
1104 376 1198 413 dum
1226 374 1456 414 interueniat
1487 376 1770 426 resipiscentia,
1810 376 1888 425 qua
1917 376 2200 417 interueniente

268 430 628 468 excommunicatus
663 428 909 477 recipiendus
951 435 1032 477 est
1062 440 1111 466 ne
1140 429 1192 466 ob
1221 428 1355 466 veniae
1380 442 1490 478 spem
1513 429 1727 478 praecisam
1756 429 1906 467 tristitia
1933 431 2200 471 absorbeatur.

272 496 305 521 2.
354 484 440 520 Cor.
476 483 517 530 (f.
559 487 654 530 1721)
691 494 725 519 2.
765 493 798 530 7.
841 481 957 520 Vnde
984 481 1193 540 sequitur,
1235 482 1451 520 secundum
1492 482 1842 521 immutabilitatem
1880 482 2100 533 electionis,
2131 497 2200 533 per

267 543 465 574 externam
506 533 705 573 Ecclesiae
746 533 1190 573 excommunicationem
1233 536 1378 573 electos
1407 547 1488 573 non
1516 535 1691 574 desinere
1718 547 1801 573 esse
1831 537 2008 574 membra
2036 536 2199 587 Christi,

266 587 443 638 quamuis
483 588 534 626 ad
575 595 727 637 tempus
769 587 935 638 ἀτροφίᾳ
974 586 1216 637 laborantia,
1259 594 1296 626 et
1335 588 1470 636 quoad
1509 587 1589 626 vim
1623 596 1660 627 et
1690 587 1904 627 efficaciam
1932 588 2088 639 spiritus
2116 602 2199 629 non

269 641 429 680 virentia
457 640 532 679 sint
559 642 745 688 membra,
774 639 919 678 nedum
946 639 1156 679 fructifera.

327 708 383 732 12.
441 695 550 731 Finis
575 692 871 731 Ecclesiasticae
900 692 1012 731 huius
1041 692 1265 742 disciplinae
1294 699 1350 732 est
1376 693 1543 743 duplex,
1568 693 2074 745 eommunis&singularis.
2093 697 2197 733 Com-

268 749 392 785 munis
419 754 477 785 est
504 745 579 784 Dei
606 745 753 796 gloriae
776 745 957 796 assertio,
987 753 1025 784 vt
1057 759 1088 783 1.
1119 757 1210 784 cum
1238 745 1475 784 contumelia
1505 748 1541 784 δι
1570 746 1905 796 blasphematione
1934 747 2056 786 diuini
2080 747 2203 786 nomi—

268 801 327 839 nis
354 800 453 838 inter
481 800 658 839 membra
690 798 888 837 Ecclesiae
904 811 984 837 non
999 806 1250 838 numerentur
1266 799 1308 848 ij,
1326 799 1393 849 qui
1414 807 1568 849 turpem
1583 801 1618 838 &
1634 800 1905 838 scandalosam
1922 799 2039 838 vitam
2055 807 2176 850 agunt
2192 815 2200 838 ε

273 868 304 891 1.
337 855 485 902 Oor.5.
520 867 551 891 1.
579 854 692 890 Rom.
725 866 758 891 2.
792 865 850 898 14.
878 853 1028 890 lescna.
1059 862 1120 901 52.
1152 862 1187 902 5.
1215 853 1385 890 [ecliesk.
1415 854 1478 901 36.
1509 866 1568 902 23.
1603 866 1636 891 2.
1667 852 1964 903 impoenitentes
1989 854 2203 892 reddantur

267 908 560 957 α’ναηολόγητοι.
587 906 813 954 Singularis
838 913 911 943 est
921 905 1118 943 Ecclesiae
1142 906 1266 955 salus,
1295 912 1336 943 vt
1369 919 1400 943 1.
1430 912 1682 944 contumaces
1711 906 1861 956 pudore
1891 905 2025 944 suffusi
2053 905 2203 956 resipis-

268 966 356 997 cant
386 960 421 997 &
450 958 625 1009 castigati
657 958 808 996 discant
837 970 916 996 non
963 971 1150 1007 peccare
1196 972 1227 996 1.
1262 960 1347 996 Cor.
1380 969 1414 1008 5.
1441 970 1475 1008 5.
1507 972 1541 997 2.
1578 960 1688 997 Tlces.
1717 972 1752 1007 3.
1788 972 1845 1005 14.
1879 972 1910 997 1.
1945 960 2043 996 Tim
2079 973 2109 998 1.
2141 973 2201 997 20.

267 1013 391 1050 [adae
431 1022 466 1049 v.
499 1024 560 1060 23.
587 1025 678 1049 nam
708 1010 859 1049 vexatio
889 1013 945 1059 (vt
975 1011 1097 1060 aiunt)
1126 1012 1192 1049 dat
1221 1011 1473 1049 intellectum.
1507 1025 1540 1050 2.
1569 1012 1756 1061 exemplis
1785 1013 1822 1050 δι
1851 1011 1971 1050 nimia
1999 1019 2203 1050 consuetu-

268 1065 358 1102 dine
389 1066 581 1102 malorum
612 1064 706 1103 boni
733 1077 814 1102 non
842 1071 1158 1113 corrumpantur,
1193 1078 1224 1103 1.
1258 1065 1347 1102 Cor.
1379 1075 1413 1114 5.
1442 1066 1479 1103 6.
1511 1077 1546 1113 7.
1582 1076 1639 1115 15.
1669 1078 1735 1114 33.
1760 1077 1851 1102 nam
1880 1067 1936 1112 (vt
1970 1064 2022 1103 ait
2051 1067 2202 1115 Augus-

267 1117 380 1156 tinus.
417 1119 481 1155 De
517 1124 665 1166 correp.
696 1118 745 1155 ἐφ’
769 1124 878 1165 grat.
909 1131 938 1156 c.
974 1120 1047 1167 15.)
1076 1118 1300 1155 pastoralis
1328 1119 1530 1156 necessitas
1558 1119 1686 1167 nabet,
1714 1131 1760 1156 ne
1784 1124 1857 1166 per
1874 1120 2016 1167 plnres
2043 1125 2204 1167 serpant

268 1172 358 1209 dira
398 1173 592 1219 contagia7
622 1177 811 1221 separare
842 1172 891 1208 ab
927 1172 1059 1208 onibus
1086 1172 1193 1208 sanis
1221 1171 1455 1220 morbidam,
1485 1172 1533 1208 ab
1561 1172 1650 1221 illo,
1679 1173 1742 1209 cni
1763 1171 1869 1208 nillil
1891 1175 1948 1208 est
1973 1172 2203 1222 impossibile

267 1223 354 1275 ipsa
372 1225 552 1273 forsitan
581 1225 824 1272 separatione
850 1225 1080 1262 sanandam.
1110 1237 1146 1273 3.
1176 1223 1238 1271 alij
1268 1223 1306 1261 in
1335 1224 1468 1262 officio
1498 1223 1792 1273 contineantur,
1822 1225 1858 1262 δι
1884 1225 1908 1261 ὲ.
1930 1223 2102 1273 peccatis
2117 1225 2201 1262 abs-

267 1284 492 1315 terreantur.
535 1291 565 1315 1.
601 1278 699 1315 Tim.
730 1287 764 1326 5.
796 1290 855 1314 20.
886 1278 1137 1315 Sacramenta
1165 1280 1199 1316 δι
1228 1278 1373 1328 άγοὶπαι
1403 1289 1484 1315 non
1514 1276 1859 1327 polluantur&ira
1874 1276 1950 1315 Dei
1963 1277 2203 1315 accendatur

266 1342 292 1368 1.
324 1330 413 1368 Cor.
445 1343 502 1368 10.
535 1343 593 1367 21.
628 1343 689 1368 22.
720 1341 759 1367 11.
794 1332 856 1368 28.
888 1344 948 1380 29·
979 1331 1115 1368 luciae.
1143 1344 1178 1369 v.
1209 1343 1269 1368 12.

1131 1437 1362 1474 Corollaria.

321 1545 351 1580 Ι.
406 1541 559 1579 Tertiae
601 1544 636 1580 δι
665 1549 858 1580 extremae
896 1540 1347 1590 Excommunicationis,
1386 1553 1503 1591 quam
1544 1541 1715 1580 Rabbini
1742 1542 1967 1579 Sclietnotlta
1996 1544 2048 1590 (q.
2081 1542 2119 1579 d.
2148 1542 2201 1580 ibi

269 1609 392 1642 mors
421 1594 630 1644 interprete
659 1594 744 1632 Elia
772 1594 908 1632 Leuita
935 1597 975 1632 in
1010 1596 1156 1643 Tliisb.)
1185 1596 1219 1632 &
1237 1595 1374 1633 Paulus
1390 1607 1438 1632 ex
1454 1595 1660 1633 traditione
1678 1594 1950 1643 proculdubio
1967 1595 2202 1633 Iudaeorum

265 1664 400 1699 μαραν
392 1648 480 1685 οὶθοὶ
511 1649 565 1697 (q.
597 1649 636 1686 d.
666 1647 847 1686 dominus
879 1647 1000 1697 venit
1031 1659 1054 1685 1
1089 1648 1620 1697 Cor.16.22.)appellant
1637 1655 1702 1685 aut
1718 1649 1844 1685 nullus
1861 1650 1968 1695 (cum
1983 1648 2201 1696 Chrysost)

266 1708 331 1738 aut
359 1714 411 1738 ra.
412 1712 465 1738 us
494 1714 582 1739 vsus
610 1708 667 1739 est
695 1700 975 1750 admittendus7
1006 1700 1096 1750 quia
1123 1708 1273 1739 tantum
1301 1700 1486 1750 infligitur
1514 1702 1567 1740 ob
1595 1709 1799 1750 peccatum
1828 1700 1868 1738 in
1898 1699 2135 1749 SpiritumS.
2152 1701 2200 1738 de

267 1765 347 1803 quo
378 1766 456 1792 non
486 1762 632 1792 temere
659 1767 705 1792 ac
734 1766 813 1791 non
842 1753 912 1792 nisi
939 1756 962 1791 a
990 1754 1193 1803 posteriori
1223 1754 1260 1791 in
1290 1765 1528 1803 quemquam
1561 1753 1753 1792 viuentem
1781 1753 2114 1803 pronuntiandum
2130 1761 2200 1801 est

265 1808 355 1845 clun
384 1820 464 1844 non
494 1807 662 1845 cuiusuis
706 1807 753 1844 sit
782 1806 877 1845 illud
909 1807 1145 1846 discernere.

319 1862 368 1897 ΙΙ.
425 1859 639 1909 Disciplina
667 1859 938 1898 Ecclesiastica
966 1873 1045 1897 non
1074 1868 1131 1899 est
1160 1867 1252 1898 nota
1280 1859 1439 1909 propria
1469 1859 1685 1907 Ecclesiae,
1715 1873 1739 1896 a
1770 1872 1846 1909 qua
1873 1858 2043 1908 separari
2060 1865 2206 1908 potest⁷

265 1915 370 1951 salua
410 1912 491 1950 cius
530 1912 762 1959 substantia3
805 1925 885 1950 non
914 1912 1018 1951 enim
1045 1913 1097 1951 ad
1125 1927 1228 1956 esse.
1258 1913 1328 1950 sed
1357 1913 1406 1951 ad
1439 1915 1536 1951 bene
1567 1926 1649 1951 esse
1682 1912 1901 1960 Ecclesiae,
1932 1912 2083 1961 absque
2112 1911 2201 1960 illa,

266 1967 295 2004 si
340 1979 418 2004 non
460 1965 609 2015 subito7
638 1966 781 2004 sensim
810 1973 962 2012 tamen„
991 1965 1176 2013 ruiturae,
1209 1975 1264 2004 est
1294 1965 1534 2013 necessaria.
1565 1979 1654 2003 nam
1684 1966 1847 2006 εὐταξία
1878 1971 1935 2003 est
1964 1976 2094 2003 rerum
2120 1978 2203 2002 om-

268 2018 374 2057 nium
403 2018 687 2069 conseruatrix,
718 2020 753 2056 &
782 2019 863 2057 sine
892 2031 935 2056 ea
966 2027 1065 2057 stare
1095 2019 1161 2057 diu
1188 2032 1269 2057 non
1299 2026 1428 2068 potest
1455 2019 1685 2068 quicquam,
1716 2017 1787 2056 nisi
1816 2017 2124 2056 extraordinaria
2139 2031 2203 2055 ac-

270 2072 384 2110 cedat
412 2072 486 2111 Dei
514 2072 633 2110 actio.

518 2327 700 2366 XLVIII.
742 2327 828 2364 DE
870 2325 1308 2365 MINISTERIO
1351 2324 1951 2364 ECCLESIASTICO.

328 2447 557 2488 Ecclesiae
589 2453 737 2495 notas,
767 2452 1031 2499 potestatem
1064 2448 1143 2487 ὅτ.
1178 2444 1429 2498 dignoscere
1470 2459 1553 2485 non
1582 2445 1834 2499 sufficeret,
1879 2458 1954 2484 nec
1984 2442 2206 2484 admodum

271 2509 375 2549 vsni
406 2514 539 2557 esset,
574 2507 667 2547 nisi
699 2507 1075 2547 constituerentur
1108 2506 1289 2559 qnidam
1321 2505 1475 2559 onibus
1509 2519 1665 2545 earnm
1688 2504 2027 2545 administratio
2044 2503 2206 2544 incam-

271 2569 408 2617 bcret,
438 2570 481 2609 ξφ
513 2567 709 2620 regimen
741 2566 954 2621 quoddam
987 2573 1218 2607 externam
1254 2566 1302 2606 in
1328 2565 1534 2605 Ecclesia
1556 2565 1736 2606 visibili
1751 2571 1885 2613 esset,
1903 2579 1981 2619 qno
1999 2570 2207 2617 tanquam

272 2629 566 2668 instrumento
599 2628 812 2675 omnibns,
848 2627 885 2667 &
919 2627 1112 2679 singnlis
1148 2626 1378 2666 Ecclesiae
1409 2625 1613 2666 membris
1649 2625 1852 2665 tlcesanri
1884 2623 2209 2665 illidistribne-

273 2695 453 2728 rentur:
488 2688 581 2728 ideo
606 2694 713 2740 post
744 2687 885 2727 tlieses
913 2687 1192 2740 generaliter
1225 2686 1276 2726 de
1310 2685 1370 2726 iis
1402 2699 1506 2739 qnae
1537 2685 1600 2725 ad
1622 2685 1872 2725 Ecclesiam
1900 2683 2208 2738 positas,iam

275 2749 326 2788 de
355 2747 614 2789 Ministerio
648 2747 984 2796 Ecclesiastico,
1019 2762 1119 2788 vero
1151 2747 1233 2787 illo
1267 2745 1429 2794 medio,
1460 2745 1612 2787 acturi
1638 2759 1802 2786 snmus.

1949 2801 2206 2840 Ministerium
