2334 3020
274 151 348 192 312
894 150 1113 179 THESES
1156 150 1588 180 THEOLOGICAE.

359 292 444 327 DE
496 291 880 328 CANoNICAE
930 292 1356 330 SCRIPTURAE
1405 292 2117 334 INTERPRETATIONE.

1097 411 1312 446 THEs1s
1353 411 1382 447 I.

323 524 415 562 CvM
458 538 589 563 sacrae
624 526 837 576 scripturae
879 538 1006 564 canon
1049 525 1096 563 sit
1137 525 1252 563 nobis
1290 526 1454 563 vtendus
1488 529 1511 564 a
1546 527 1633 564 Deo
1671 527 1804 578 datus,
1847 531 1882 567 δι
1910 541 1982 566 nos
2010 528 2033 578 ij
2064 530 2202 578 simus7

268 589 368 627 quos
397 578 447 614 ad
476 591 670 617 canonem
700 580 780 617 siue
810 582 982 629 regulam
1011 581 1034 616 a
1062 580 1149 616 Deo
1179 579 1310 616 datam
1341 586 1498 628 oportet
1521 581 1784 618 conformari:
1817 581 1980 619 omnino
2005 583 2054 619 de
2081 584 2202 620 modo

266 629 398 668 vtendi
427 632 588 669 canonis
617 640 796 670 constare
826 632 941 670 nobis
971 645 1129 670 necesse
1158 639 1226 669 est.

324 697 357 721 2.
414 684 541 722 Huius
563 685 724 724 canonis
746 686 878 724 vtendi
903 686 1044 723 modus
1066 692 1131 722 aut
1153 685 1253 722 intus
1277 684 1547 722 consideratur
1570 685 1608 722 in
1633 693 1782 735 mente„
1807 695 1872 725 aut
1894 687 1987 726 foris
2009 687 2045 725 in
2070 700 2202 737 opere.

320 749 357 784 3.
414 738 521 775 Intus
558 739 689 776 vtendi
720 740 861 777 modus
889 739 1025 776 vnicus
1054 744 1136 787 est,
1180 738 1300 775 fides:
1343 751 1389 775 ac
1418 738 1583 787 proinde
1611 738 1799 788 quicquid
1828 753 1909 778 non
1939 747 1996 778 est
2024 753 2071 778 ex
2100 741 2198 790 fide,

266 797 470 839 peccatum
500 798 579 840 est⁷
610 793 714 829 velut
743 793 936 841 quaedam
965 791 1158 829 aberratio
1187 793 1209 827 a
1237 803 1400 828 canone.

319 855 356 888 4.
411 843 520 881 Foris
559 845 692 883 vtendi
729 846 870 883 modus
906 852 963 882 est
994 844 1091 881 iusta
1119 843 1381 882 conformatio
1412 844 1447 881 δι
1476 844 1751 882 conuenientia
1777 857 1866 883 cum
1896 859 2069 895 canone,
2111 847 2202 883 doc-

265 895 387 932 trinae
417 898 588 947 cultura7
623 898 658 934 &
689 898 967 936 exercitatione
996 897 1109 935 vitae.

320 958 354 997 5.
412 949 598 987 Culturae
628 951 767 989 modus
798 958 855 989 est
886 952 1055 1000 duplex:
1091 950 1207 988 lectio
1237 949 1459 999 Scripturae
1488 962 1642 1000 sacrae,
1671 952 1706 988 ἃ
1736 950 2016 1001 interpretatiO.

319 1003 355 1039 6.
410 1003 547 1041 Lectio
576 1003 658 1042 siue
695 1004 900 1042 nobiscum
930 1005 1017 1053 fiat„
1060 1003 1142 1040 siue
1170 1003 1276 1052 apud
1304 1003 1400 1041 alios
1428 1004 1478 1040 ad
1508 1003 1839 1054 aedificationem,
1882 1012 1946 1042 aut
1974 1005 2011 1042 in
2041 1004 2199 1054 propria

264 1054 394 1104 lingua
423 1055 490 1104 sit7
522 1069 598 1105 qua
630 1057 810 1095 canonici
837 1057 925 1095 libri
954 1055 1166 1105 conscripti
1195 1062 1305 1105 sunt,
1334 1063 1400 1093 aut
1428 1056 1467 1093 in
1496 1056 1635 1094 aliena.

319 1119 354 1155 7.
410 1109 572 1158 Propria
601 1109 755 1160 lingua7
795 1121 871 1159 qua
900 1109 1039 1148 veteris
1068 1109 1311 1147 Testamenti
1339 1109 1541 1146 vniuersus
1569 1121 1697 1147 canon
1726 1109 1876 1159 priscae
1906 1110 2127 1158 Ecclesiae,
2163 1110 2202 1147 id

264 1168 348 1209 est7
377 1161 591 1209 Hebraeis„
623 1164 734 1201 datus
758 1171 836 1211 est7
865 1162 1067 1201 Hebraica
1095 1163 1213 1212 vulgo
1242 1163 1470 1211 appellatur.

316 1215 352 1251 8.
407 1215 568 1264 Propria
597 1215 746 1266 lingua⁷
775 1228 853 1266 qua
881 1215 975 1254 noui
998 1214 1238 1253 Testamenti
1262 1214 1464 1252 vniuersus
1486 1227 1614 1253 canon
1636 1215 1835 1253 Ecclesiae
1856 1223 2032 1266 nostrae,
2061 1215 2100 1253 id
2123 1223 2202 1265 est,

262 1266 445 1305 omnibus
473 1269 653 1317 gentibus
683 1270 796 1307 datus
825 1276 904 1319 est⁷
936 1270 1053 1318 vulgo
1082 1270 1300 1317 appellatur
1329 1269 1495 1306 Graeca.

312 1332 348 1367 9.
406 1322 493 1358 Hae
522 1321 676 1372 linguae
706 1324 755 1360 ab
784 1322 966 1360 omnibus
996 1333 1122 1370 neque
1151 1322 1331 1371 leguntur
1359 1332 1486 1370 neque
1515 1320 1802 1371 intelliguntur⁷
1844 1329 2002 1372 propter
2032 1321 2196 1359 inscien-

261 1371 354 1408 tiam
384 1373 584 1422 ipsorum:
615 1375 779 1424 proinde
809 1387 937 1424 neque
966 1388 1045 1423 ῑθε,
1074 1387 1144 1424 per
1169 1387 1232 1412 eas
1257 1374 1444 1424 traditae7
1474 1375 1524 1412 ab
1549 1374 1732 1411 omnibus
1754 1374 1793 1412 in
1816 1375 1870 1412 eis
1891 1381 2196 1425 cognoscuntur.

319 1438 377 1463 10.
420 1427 605 1477 Cognitio
620 1436 750 1466 autem
765 1429 855 1465 cum
870 1428 917 1466 sit
933 1427 1115 1466 omnibus
1134 1434 1213 1464 tam
1230 1427 1447 1465 necessaria
1467 1428 1585 1476 quam
1610 1428 1712 1464 salus
1728 1426 1917 1476 ipsorum:
1935 1430 1969 1466 δε
1981 1426 2196 1466 necessaria

262 1485 319 1515 est
348 1478 566 1529 linguarum
596 1485 803 1530 rertjmque
827 1480 1111 1531 interpretatio⁷
1141 1481 1190 1517 ad
1213 1480 1453 1529 singulorum
1475 1482 1510 1518 δι
1533 1492 1786 1517 communem
1809 1488 1980 1531 captum.

319 1544 378 1569 11.
435 1534 767 1584 Interpretationis
797 1534 877 1572 duo
906 1542 993 1572 sunt
1022 1545 1183 1583 genera:
1212 1546 1288 1570 vna
1318 1541 1375 1571 est
1402 1533 1557 1582 linguae
1586 1534 1895 1583 verborumque,
1925 1537 2045 1572 altera
2072 1540 2200 1570 autem

259 1596 406 1634 rerum⁷
451 1599 551 1636 quae
595 1588 723 1626 verbis
760 1595 945 1636 tanquam
985 1585 1172 1636 symbolis
1211 1593 1475 1635 exponuntur:
1504 1588 1524 1623 e
1553 1585 1693 1635 quibus
1722 1586 1825 1624 illam
1853 1589 2094 1637 μετᾶφρασιν
2121 1585 2200 1623 siue

260 1638 573 1677 translationem:
604 1641 705 1678 hanc
733 1642 826 1678 vero
859 1642 1061 1691 ἐξήγησιν,
1091 1638 1131 1676 id
1160 1646 1236 1689 est,
1267 1639 1552 1677 enarrationem
1581 1640 1837 1688 appellamus.

318 1703 376 1729 12.
432 1692 570 1730 Omnis
609 1694 779 1731 humana
818 1692 1105 1742 interpretatio,
1137 1703 1215 1741 quo
1245 1692 1406 1742 propius
1435 1704 1628 1729 canonem
1657 1705 1698 1730 se
1726 1693 1865 1741 habet7
1895 1704 1943 1729 eo
1973 1691 2101 1729 verior
2128 1699 2198 1729 est.

317 1756 374 1792 13.
432 1748 476 1783 In
509 1746 702 1796 capienda
724 1747 854 1794 itaque
882 1745 991 1783 omni
1020 1745 1339 1793 interpretatione
1355 1746 1435 1783 duo
1451 1743 1565 1782 nobis
1581 1752 1669 1782 sunt
1684 1756 1805 1794 opus7
1820 1745 2025 1793 iudicium,
2041 1746 2076 1782 ἃ*
2090 1745 2198 1782 fides.

318 1809 376 1843 14.
432 1798 646 1836 Iudicium:
677 1811 756 1850 quo
789 1798 828 1836 id
858 1799 966 1847 quod
996 1798 1156 1835 humani
1191 1798 1319 1847 operis
1347 1805 1403 1836 est
1430 1799 1453 1835 a
1481 1798 1596 1835 rebus
1614 1797 1754 1836 diuinis
1769 1811 1837 1847 per
1853 1811 1892 1836 se
1908 1796 2200 1847 distinguimus,

259 1850 493 1899 probamus7
523 1853 557 1890 &
588 1861 779 1901 quatenus
808 1852 925 1889 rebus
955 1850 1094 1889 diuinis
1123 1851 1308 1888 conuenit
1336 1850 1515 1900 religiose
1549 1850 1793 1900 suscipimus.

319 1914 376 1952 15.
433 1905 569 1951 Fides,
617 1917 695 1954 qua
736 1918 796 1943 res
838 1918 906 1954 per
947 1917 987 1941 se
1023 1903 1173 1941 diuinas
1208 1910 1247 1940 vt
1286 1903 1438 1941 diuinas
1468 1903 1702 1953 accipimus7
1730 1903 1996 1952 iudiciumque
2025 1903 2198 1940 nostrum

258 1954 407 1994 eisdem
439 1960 788 2006 αἰχμαλωτίζοντες
816 1958 878 2007 pie
907 1958 942 1994 ἅν
971 1959 1103 1994 sancte
1132 1956 1372 1996 subiicimus.

323 2011 381 2048 16.
435 2011 623 2060 Alioquin
661 2013 768 2048 nulla
794 2011 996 2049 hominum
1026 2009 1293 2058 interpretatio
1324 2011 1384 2048 vel
1412 2010 1571 2060 scriptio
1600 2009 1761 2047 veritate
1789 2011 1823 2047 &
1853 2008 2082 2047 auctoritate
2110 2020 2198 2045 cum

259 2075 413 2101 canone
442 2063 663 2113 comparari
692 2064 726 2100 &
755 2064 912 2114 aequari
939 2069 1079 2113 potest.

321 2127 378 2163 17.
436 2117 537 2153 Nam
576 2116 614 2154 in
645 2129 798 2154 canone
828 2117 959 2155 diuina
989 2123 1078 2153 sunt
1107 2116 1260 2164 omnia7
1293 2123 1333 2153 vt
1359 2116 1397 2153 in
1427 2117 1535 2153 fonte
1556 2115 1784 2165 purissimo:
1816 2115 1853 2152 in
1886 2113 2200 2164 interpretatione

258 2177 389 2207 autem
429 2169 619 2215 humana,
650 2177 706 2207 est
733 2169 988 2219 perfectionis
1018 2168 1117 2206 illius
1146 2168 1301 2207 diuinae
1329 2169 1511 2206 imitatio:
1541 2169 1603 2206 cui
1631 2176 1672 2206 vt
1701 2168 1737 2205 in
1769 2180 1871 2217 aqua
1897 2170 1920 2205 a
1949 2169 2056 2205 fonte
2085 2168 2201 2203 ducta

257 2222 356 2260 inter
394 2223 689 2271 profluendum,
720 2223 774 2260 sic
802 2223 969 2261 alienum
1003 2221 1098 2272 quid
1127 2223 1226 2259 solet
1254 2223 1304 2260 ab
1332 2222 1592 2259 instrumento
1621 2223 1794 2259 humano
1823 2221 1861 2259 in
1891 2221 1980 2258 riuis
2009 2219 2198 2257 ducendis

262 2275 464 2313 accedere.

318 2329 375 2365 18.
434 2329 572 2377 Itaque
602 2328 778 2366 diuinum
808 2341 1002 2367 canonem
1032 2327 1186 2376 assequi
1214 2340 1286 2365 nec
1316 2328 1443 2366 verbis
1472 2328 1607 2377 plane,
1635 2340 1707 2365 nec
1735 2328 1850 2366 rebu'.
1880 2327 2051 2376 perfecte
2072 2331 2198 2374 potest

258 2387 392 2419 nostra
420 2380 697 2430 interpretatio.

316 2447 375 2483 19.
431 2434 515 2471 Etsi
540 2447 620 2472 non
651 2447 698 2472 eo
729 2435 856 2472 minus
885 2435 993 2484 quod
1022 2435 1070 2471 ad
1101 2435 1264 2471 salutem
1294 2434 1382 2471 satis
1414 2440 1469 2471 est
1494 2433 1888 2483 nobi57assequimur
1904 2430 2197 2469 humanainter—

258 2485 498 2536 pretatione:
531 2486 620 2536 quia
652 2487 783 2525 diuina
811 2487 865 2525 rei
893 2487 1082 2536 perfectio
1111 2497 1239 2536 neque
1267 2486 1457 2525 sermonis
1486 2497 1613 2535 neque
1644 2493 1779 2535 captus
1802 2485 1961 2522 humani
1976 2482 2198 2522 infirmitate

261 2539 420 2588 eluitur,
451 2541 486 2577 &
514 2540 624 2589 quod
653 2540 718 2577 vni
747 2542 836 2578 loco
866 2541 990 2588 deest„
1020 2540 1120 2577 inest
1147 2539 1267 2577 alteri.

316 2606 376 2630 20.
435 2593 537 2629 Nam
580 2599 704 2630 totum
745 2594 934 2631 habemus
971 2592 1008 2630 in
1050 2591 1250 2642 principiis
1292 2599 1477 2642 tanquam
1515 2591 1689 2642 partibus
1727 2590 1993 2629 essentialibus
2020 2589 2117 2627 eius:
2148 2589 2196 2625 de

262 2645 372 2683 cuius
403 2645 567 2683 essentia
596 2646 631 2683 &
661 2645 821 2684 veritate
850 2645 944 2683 nihil
972 2653 1135 2695 propter
1163 2645 1375 2695 singulares
1402 2645 1495 2682 istos
1525 2644 1606 2694 (qui
1634 2647 1656 2681 a
1683 2644 1756 2693 piis
1785 2643 2057 2693 interpretibus
2085 2642 2197 2679 adue-

262 2697 390 2746 niunt)
422 2698 596 2736 defectus
625 2700 770 2736 locales
799 2699 899 2737 adeo
930 2698 1130 2747 minuitur,
1158 2705 1199 2735 vt
1228 2697 1377 2735 desinat
1406 2710 1488 2735 esse
1517 2698 1649 2734 diuina
1678 2697 1829 2734 veritas.
2175 2745 2182 2751 ‘

324 2764 383 2788 21.
441 2751 808 2801 Interpretationum
847 2763 943 2801 quas
978 2751 1201 2790 tralationes
1237 2750 1424 2799 dicimus,
1453 2762 1552 2800 quae
1580 2751 1705 2799 prima
1733 2750 1869 2799 legitur
1896 2751 1933 2787 in
1962 2750 2079 2797 vulgo
2109 2753 2196 2783 exti-

261 2803 374 2853 fisse,
412 2811 467 2841 est
499 2804 702 2842 Seniorum
732 2805 885 2842 illorum
920 2815 1044 2841 Lxxu.
1073 2804 1224 2841 Graeca
1254 2804 1296 2851 (f.
1331 2805 1457 2851 1772).
2069 2854 2106 2889 H
2143 2851 2149 2856 ⁵

1952 2867 2012 2890 22.
2093 2863 2197 2888 ,utus
