<?xml version="1.0" encoding="UTF-8"?>
<!DOCTYPE html PUBLIC "-//W3C//DTD XHTML 1.0 Transitional//EN"
    "http://www.w3.org/TR/xhtml1/DTD/xhtml1-transitional.dtd">
<html xmlns="http://www.w3.org/1999/xhtml" xml:lang="en" lang="en">
 <head>
  <title>
</title>
<meta http-equiv="Content-Type" content="text/html;charset=utf-8" />
  <meta name='ocr-system' content='tesseract 3.04.00' />
  <meta name='ocr-capabilities' content='ocr_page ocr_carea ocr_par ocr_line ocrx_word'/>
</head>
<body>
  <div class='ocr_page' id='page_1' title='image "./opusculatheologi00juni/opusculatheologi00juni_0182.png"; bbox 0 0 2334 3020; ppageno 0'>
   <div class='ocr_carea' id='block_1_1' title="bbox 207 99 1564 150">
    <p class='ocr_par' dir='ltr' id='par_1_1' title="bbox 207 99 1564 150">
     <span class='ocr_line' id='line_1_1' title="bbox 207 99 1564 150; baseline 0.001 -12"><span class='ocrx_word' id='word_1_1' title='bbox 207 110 280 150; x_wconf 88' lang='lat'>150</span> <span class='ocrx_word' id='word_1_2' title='bbox 818 110 1035 138; x_wconf 77' lang='lat' dir='ltr'>THESES</span> <span class='ocrx_word' id='word_1_3' title='bbox 1077 99 1564 139; x_wconf 75' lang='lat' dir='ltr'><strong>THEOLOGICAE.‘</strong></span> 
     </span>
    </p>
   </div>
   <div class='ocr_carea' id='block_1_2' title="bbox 203 216 2188 1744">
    <p class='ocr_par' dir='ltr' id='par_1_2' title="bbox 203 216 2142 1204">
     <span class='ocr_line' id='line_1_2' title="bbox 259 216 2134 268; baseline 0.003 -15"><span class='ocrx_word' id='word_1_4' title='bbox 259 218 326 254; x_wconf 90' lang='lat' dir='ltr'><strong>IV.</strong></span> <span class='ocrx_word' id='word_1_5' title='bbox 383 216 629 265; x_wconf 79' lang='lat' dir='ltr'>Subiectum,</span> <span class='ocrx_word' id='word_1_6' title='bbox 658 228 726 254; x_wconf 90' lang='lat' dir='ltr'>seu</span> <span class='ocrx_word' id='word_1_7' title='bbox 753 216 914 254; x_wconf 85' lang='lat' dir='ltr'>materia</span> <span class='ocrx_word' id='word_1_8' title='bbox 943 217 1046 254; x_wconf 90' lang='lat' dir='ltr'>circa</span> <span class='ocrx_word' id='word_1_9' title='bbox 1073 228 1211 266; x_wconf 69' lang='lat' dir='ltr'>quam.</span> <span class='ocrx_word' id='word_1_10' title='bbox 1240 225 1297 255; x_wconf 89' lang='lat' dir='ltr'>est</span> <span class='ocrx_word' id='word_1_11' title='bbox 1325 220 1512 256; x_wconf 88' lang='lat' dir='ltr'>mundus:</span> <span class='ocrx_word' id='word_1_12' title='bbox 1540 230 1617 267; x_wconf 88' lang='lat' dir='ltr'>qua</span> <span class='ocrx_word' id='word_1_13' title='bbox 1645 230 1745 255; x_wconf 82' lang='lat' dir='ltr'>voce</span> <span class='ocrx_word' id='word_1_14' title='bbox 1759 217 1798 254; x_wconf 91' lang='lat' dir='ltr'>in</span> <span class='ocrx_word' id='word_1_15' title='bbox 1811 218 1890 255; x_wconf 94' lang='lat' dir='ltr'>hoc</span> <span class='ocrx_word' id='word_1_16' title='bbox 1904 226 2134 268; x_wconf 89' lang='lat' dir='ltr'>argumento</span> 
     </span>
     <span class='ocr_line' id='line_1_3' title="bbox 209 269 2134 328; baseline 0.002 -22"><span class='ocrx_word' id='word_1_17' title='bbox 209 282 288 307; x_wconf 90' lang='lat' dir='ltr'>non</span> <span class='ocrx_word' id='word_1_18' title='bbox 324 270 478 307; x_wconf 90' lang='lat' dir='ltr'>coelum</span> <span class='ocrx_word' id='word_1_19' title='bbox 516 271 572 316; x_wconf 86' lang='lat' dir='ltr'>(vt</span> <span class='ocrx_word' id='word_1_20' title='bbox 609 275 759 307; x_wconf 88' lang='lat' dir='ltr'>veteres</span> <span class='ocrx_word' id='word_1_21' title='bbox 791 280 1089 328; x_wconf 82' lang='lat' dir='ltr'>nonnumquam</span> <span class='ocrx_word' id='word_1_22' title='bbox 1129 285 1197 306; x_wconf 81' lang='grc' dir='ltr'>κατ</span> <span class='ocrx_word' id='word_1_23' title='bbox 1248 270 1399 318; x_wconf 76' lang='grc' dir='ltr'>ὲξοχήν)</span> <span class='ocrx_word' id='word_1_24' title='bbox 1434 272 1469 309; x_wconf 84' lang='lat'>&amp;</span> <span class='ocrx_word' id='word_1_25' title='bbox 1505 277 1646 308; x_wconf 88' lang='lat' dir='ltr'>terram</span> <span class='ocrx_word' id='word_1_26' title='bbox 1687 269 1822 320; x_wconf 85' lang='lat' dir='ltr'>simul,</span> <span class='ocrx_word' id='word_1_27' title='bbox 1864 278 1930 308; x_wconf 89' lang='lat' dir='ltr'>aut</span> <span class='ocrx_word' id='word_1_28' title='bbox 1956 272 2134 310; x_wconf 89' lang='lat' dir='ltr'>homines</span> 
     </span>
     <span class='ocr_line' id='line_1_4' title="bbox 208 321 2138 382; baseline 0.002 -23"><span class='ocrx_word' id='word_1_29' title='bbox 208 321 296 360; x_wconf 86' lang='lat' dir='ltr'>trita</span> <span class='ocrx_word' id='word_1_30' title='bbox 324 321 590 370; x_wconf 85' lang='lat' dir='ltr'>synecdoche</span> <span class='ocrx_word' id='word_1_31' title='bbox 620 321 689 359; x_wconf 89' lang='lat' dir='ltr'>sed</span> <span class='ocrx_word' id='word_1_32' title='bbox 718 333 848 360; x_wconf 90' lang='lat' dir='ltr'>rerum</span> <span class='ocrx_word' id='word_1_33' title='bbox 876 321 1166 360; x_wconf 89' lang='lat' dir='ltr'>vniuersitatem</span> <span class='ocrx_word' id='word_1_34' title='bbox 1196 333 1262 359; x_wconf 92' lang='lat' dir='ltr'>seu</span> <span class='ocrx_word' id='word_1_35' title='bbox 1290 322 1510 361; x_wconf 87' lang='lat' dir='ltr'>vniuersam</span> <span class='ocrx_word' id='word_1_36' title='bbox 1525 322 1624 362; x_wconf 83' lang='lat' dir='ltr'>coeli</span> <span class='ocrx_word' id='word_1_37' title='bbox 1638 323 1808 373; x_wconf 89' lang='lat' dir='ltr'>sohque</span> <span class='ocrx_word' id='word_1_38' title='bbox 1832 324 2138 382; x_wconf 73' lang='lat' dir='ltr'>&amp;quaecunque</span> 
     </span>
     <span class='ocr_line' id='line_1_5' title="bbox 209 373 2136 437; baseline 0.002 -26"><span class='ocrx_word' id='word_1_39' title='bbox 209 384 342 412; x_wconf 88' lang='lat' dir='ltr'>eorum</span> <span class='ocrx_word' id='word_1_40' title='bbox 371 374 578 437; x_wconf 83' lang='lat' dir='ltr'>complexu</span> <span class='ocrx_word' id='word_1_41' title='bbox 606 373 856 412; x_wconf 89' lang='lat' dir='ltr'>continentur</span> <span class='ocrx_word' id='word_1_42' title='bbox 884 386 1116 423; x_wconf 84' lang='lat' dir='ltr'>compagem</span> <span class='ocrx_word' id='word_1_43' title='bbox 1146 374 1431 412; x_wconf 90' lang='lat' dir='ltr'>ornatissimam</span> <span class='ocrx_word' id='word_1_44' title='bbox 1459 377 1495 413; x_wconf 82' lang='lat'>&amp;</span> <span class='ocrx_word' id='word_1_45' title='bbox 1522 375 1732 414; x_wconf 90' lang='lat' dir='ltr'>inanimem</span> <span class='ocrx_word' id='word_1_46' title='bbox 1761 375 2021 425; x_wconf 84' lang='lat' dir='ltr'>intelligimus.</span> <span class='ocrx_word' id='word_1_47' title='bbox 2050 379 2136 415; x_wconf 89' lang='lat' dir='ltr'>Ma—</span> 
     </span>
     <span class='ocr_line' id='line_1_6' title="bbox 206 425 2136 479; baseline 0.002 -15"><span class='ocrx_word' id='word_1_48' title='bbox 206 425 301 464; x_wconf 89' lang='lat' dir='ltr'>teria</span> <span class='ocrx_word' id='word_1_49' title='bbox 327 428 419 464; x_wconf 72' lang='lat' dir='ltr'>vere</span> <span class='ocrx_word' id='word_1_50' title='bbox 449 438 496 464; x_wconf 92' lang='lat' dir='ltr'>ex</span> <span class='ocrx_word' id='word_1_51' title='bbox 523 437 600 475; x_wconf 87' lang='lat' dir='ltr'>qua</span> <span class='ocrx_word' id='word_1_52' title='bbox 626 428 734 465; x_wconf 90' lang='lat' dir='ltr'>Deus</span> <span class='ocrx_word' id='word_1_53' title='bbox 761 426 953 464; x_wconf 91' lang='lat' dir='ltr'>mundum</span> <span class='ocrx_word' id='word_1_54' title='bbox 982 427 1128 476; x_wconf 83' lang='lat' dir='ltr'>effecit,</span> <span class='ocrx_word' id='word_1_55' title='bbox 1156 427 1262 464; x_wconf 89' lang='lat' dir='ltr'>nulla</span> <span class='ocrx_word' id='word_1_56' title='bbox 1289 426 1370 464; x_wconf 92' lang='lat' dir='ltr'>fuit.</span> <span class='ocrx_word' id='word_1_57' title='bbox 1401 429 1479 466; x_wconf 88' lang='lat' dir='ltr'>Sed</span> <span class='ocrx_word' id='word_1_58' title='bbox 1507 428 1589 477; x_wconf 90' lang='lat' dir='ltr'>ipse</span> <span class='ocrx_word' id='word_1_59' title='bbox 1616 434 1767 466; x_wconf 84' lang='lat' dir='ltr'>vastam</span> <span class='ocrx_word' id='word_1_60' title='bbox 1790 428 1914 479; x_wconf 90' lang='lat' dir='ltr'>illam,</span> <span class='ocrx_word' id='word_1_61' title='bbox 1938 430 2076 467; x_wconf 91' lang='lat' dir='ltr'>rudem</span> <span class='ocrx_word' id='word_1_62' title='bbox 2099 432 2136 468; x_wconf 85' lang='lat'>&amp;</span> 
     </span>
     <span class='ocr_line' id='line_1_7' title="bbox 205 456 2134 538; baseline 0.002 -22"><span class='ocrx_word' id='word_1_63' title='bbox 205 478 435 528; x_wconf 86' lang='lat' dir='ltr'>indigestam</span> <span class='ocrx_word' id='word_1_64' title='bbox 461 479 626 529; x_wconf 83' lang='lat' dir='ltr'>molem,</span> <span class='ocrx_word' id='word_1_65' title='bbox 655 490 772 528; x_wconf 89' lang='lat' dir='ltr'>quam</span> <span class='ocrx_word' id='word_1_66' title='bbox 801 480 934 517; x_wconf 90' lang='lat' dir='ltr'>Moses</span> <span class='ocrx_word' id='word_1_67' title='bbox 962 481 1019 527; x_wconf 87' lang='lat' dir='ltr'>(vt</span> <span class='ocrx_word' id='word_1_68' title='bbox 1042 456 1246 528; x_wconf 84' lang='lat' dir='ltr'>analogice</span> <span class='ocrx_word' id='word_1_69' title='bbox 1275 478 1466 538; x_wconf 80' lang='lat' dir='ltr'>dicamus)</span> <span class='ocrx_word' id='word_1_70' title='bbox 1495 482 1584 519; x_wconf 72' lang='lat' dir='ltr'>tolca</span> <span class='ocrx_word' id='word_1_71' title='bbox 1614 483 1649 519; x_wconf 85' lang='lat'>&amp;</span> <span class='ocrx_word' id='word_1_72' title='bbox 1676 481 1774 518; x_wconf 74' lang='lat' dir='ltr'>bolca</span> <span class='ocrx_word' id='word_1_73' title='bbox 1789 488 1926 531; x_wconf 87' lang='lat' dir='ltr'>vocat,</span> <span class='ocrx_word' id='word_1_74' title='bbox 1949 482 1998 520; x_wconf 89' lang='lat' dir='ltr'>de</span> <span class='ocrx_word' id='word_1_75' title='bbox 2014 482 2134 521; x_wconf 88' lang='lat' dir='ltr'>nihilo</span> 
     </span>
     <span class='ocr_line' id='line_1_8' title="bbox 208 531 2136 584; baseline 0.002 -15"><span class='ocrx_word' id='word_1_76' title='bbox 208 537 355 581; x_wconf 88' lang='lat' dir='ltr'>creata,</span> <span class='ocrx_word' id='word_1_77' title='bbox 395 531 575 570; x_wconf 89' lang='lat' dir='ltr'>vniuersa</span> <span class='ocrx_word' id='word_1_78' title='bbox 615 542 714 580; x_wconf 92' lang='lat' dir='ltr'>quae</span> <span class='ocrx_word' id='word_1_79' title='bbox 756 538 845 570; x_wconf 91' lang='lat' dir='ltr'>sunt</span> <span class='ocrx_word' id='word_1_80' title='bbox 886 531 926 569; x_wconf 92' lang='lat' dir='ltr'>in</span> <span class='ocrx_word' id='word_1_81' title='bbox 953 532 1028 570; x_wconf 86' lang='lat' dir='ltr'>hac</span> <span class='ocrx_word' id='word_1_82' title='bbox 1057 538 1195 570; x_wconf 90' lang='lat' dir='ltr'>natura</span> <span class='ocrx_word' id='word_1_83' title='bbox 1225 534 1260 570; x_wconf 67' lang='lat'>31</span> <span class='ocrx_word' id='word_1_84' title='bbox 1288 531 1470 584; x_wconf 89' lang='lat' dir='ltr'>existunt,</span> <span class='ocrx_word' id='word_1_85' title='bbox 1499 545 1565 571; x_wconf 85' lang='lat' dir='ltr'>sex</span> <span class='ocrx_word' id='word_1_86' title='bbox 1593 533 1728 572; x_wconf 90' lang='lat' dir='ltr'>diebus</span> <span class='ocrx_word' id='word_1_87' title='bbox 1757 533 1934 572; x_wconf 86' lang='lat' dir='ltr'>condidit</span> <span class='ocrx_word' id='word_1_88' title='bbox 1961 537 1996 573; x_wconf 84' lang='lat'>&amp;</span> <span class='ocrx_word' id='word_1_89' title='bbox 2024 535 2136 573; x_wconf 89' lang='lat' dir='ltr'>effor-</span> 
     </span>
     <span class='ocr_line' id='line_1_9' title="bbox 205 584 2136 636; baseline 0.002 -15"><span class='ocrx_word' id='word_1_90' title='bbox 205 584 335 622; x_wconf 87' lang='lat' dir='ltr'>mauit.</span> <span class='ocrx_word' id='word_1_91' title='bbox 379 585 469 622; x_wconf 92' lang='lat' dir='ltr'>Non</span> <span class='ocrx_word' id='word_1_92' title='bbox 499 585 605 633; x_wconf 70' lang='lat' dir='ltr'>qued</span> <span class='ocrx_word' id='word_1_93' title='bbox 634 591 766 634; x_wconf 85' lang='lat' dir='ltr'>egeret</span> <span class='ocrx_word' id='word_1_94' title='bbox 792 591 969 634; x_wconf 90' lang='lat' dir='ltr'>tempore</span> <span class='ocrx_word' id='word_1_95' title='bbox 997 586 1048 623; x_wconf 88' lang='lat' dir='ltr'>ad</span> <span class='ocrx_word' id='word_1_96' title='bbox 1074 584 1386 623; x_wconf 84' lang='lat' dir='ltr'>efformationem</span> <span class='ocrx_word' id='word_1_97' title='bbox 1414 597 1564 636; x_wconf 87' lang='grc'><strong>16111111,</strong></span> <span class='ocrx_word' id='word_1_98' title='bbox 1594 593 1660 623; x_wconf 91' lang='lat' dir='ltr'>aut</span> <span class='ocrx_word' id='word_1_99' title='bbox 1688 586 1797 635; x_wconf 66' lang='lat' dir='ltr'>quod</span> <span class='ocrx_word' id='word_1_100' title='bbox 1823 586 1969 635; x_wconf 81' lang='lat' dir='ltr'>alioqui</span> <span class='ocrx_word' id='word_1_101' title='bbox 2000 587 2136 626; x_wconf 74' lang='lat' dir='ltr'>virium</span> 
     </span>
     <span class='ocr_line' id='line_1_10' title="bbox 205 636 2137 690; baseline 0.002 -16"><span class='ocrx_word' id='word_1_102' title='bbox 205 637 359 675; x_wconf 85' lang='lat' dir='ltr'>defectu</span> <span class='ocrx_word' id='word_1_103' title='bbox 387 636 676 687; x_wconf 68' lang='lat' dir='ltr'>defatigaretur,</span> <span class='ocrx_word' id='word_1_104' title='bbox 704 649 840 675; x_wconf 89' lang='lat' dir='ltr'>verum</span> <span class='ocrx_word' id='word_1_105' title='bbox 867 644 908 675; x_wconf 90' lang='lat' dir='ltr'>vt</span> <span class='ocrx_word' id='word_1_106' title='bbox 937 648 1026 675; x_wconf 91' lang='lat' dir='ltr'>cum</span> <span class='ocrx_word' id='word_1_107' title='bbox 1055 644 1162 676; x_wconf 85' lang='lat' dir='ltr'>certo</span> <span class='ocrx_word' id='word_1_108' title='bbox 1194 637 1376 688; x_wconf 85' lang='grc'><strong>601151110,</strong></span> <span class='ocrx_word' id='word_1_109' title='bbox 1406 638 1555 677; x_wconf 89' lang='lat' dir='ltr'>ratione</span> <span class='ocrx_word' id='word_1_110' title='bbox 1582 639 1618 676; x_wconf 86' lang='lat'>&amp;</span> <span class='ocrx_word' id='word_1_111' title='bbox 1645 638 1831 688; x_wconf 82' lang='lat' dir='ltr'>sapientia</span> <span class='ocrx_word' id='word_1_112' title='bbox 1858 640 1994 677; x_wconf 87' lang='lat' dir='ltr'>fecisse</span> <span class='ocrx_word' id='word_1_113' title='bbox 2021 653 2137 690; x_wconf 86' lang='lat' dir='ltr'>appa-</span> 
     </span>
     <span class='ocr_line' id='line_1_11' title="bbox 205 689 2139 741; baseline 0.002 -14"><span class='ocrx_word' id='word_1_114' title='bbox 205 696 315 728; x_wconf 89' lang='lat' dir='ltr'>reret.</span> <span class='ocrx_word' id='word_1_115' title='bbox 344 689 672 728; x_wconf 88' lang='lat' dir='ltr'>Praeexistentem</span> <span class='ocrx_word' id='word_1_116' title='bbox 701 693 794 729; x_wconf 83' lang='lat' dir='ltr'>vero</span> <span class='ocrx_word' id='word_1_117' title='bbox 824 691 972 728; x_wconf 89' lang='lat' dir='ltr'>nullam</span> <span class='ocrx_word' id='word_1_118' title='bbox 1001 689 1265 741; x_wconf 80' lang='lat' dir='ltr'>agnoscimus:</span> <span class='ocrx_word' id='word_1_119' title='bbox 1296 690 1387 740; x_wconf 83' lang='lat' dir='ltr'>quia</span> <span class='ocrx_word' id='word_1_120' title='bbox 1414 704 1503 729; x_wconf 91' lang='lat' dir='ltr'>cum</span> <span class='ocrx_word' id='word_1_121' title='bbox 1519 692 1625 729; x_wconf 85' lang='lat' dir='ltr'>Deus</span> <span class='ocrx_word' id='word_1_122' title='bbox 1641 692 1746 729; x_wconf 89' lang='lat' dir='ltr'>solus</span> <span class='ocrx_word' id='word_1_123' title='bbox 1760 691 2139 730; x_wconf 84' lang='lat' dir='ltr'>aeternus&amp;immu—</span> 
     </span>
     <span class='ocr_line' id='line_1_12' title="bbox 203 741 2136 802; baseline 0.002 -22"><span class='ocrx_word' id='word_1_124' title='bbox 203 741 330 781; x_wconf 86' lang='lat' dir='ltr'>tabilis</span> <span class='ocrx_word' id='word_1_125' title='bbox 358 741 425 792; x_wconf 82' lang='lat' dir='ltr'>sit,</span> <span class='ocrx_word' id='word_1_126' title='bbox 454 742 663 792; x_wconf 84' lang='lat' dir='ltr'>omniaque</span> <span class='ocrx_word' id='word_1_127' title='bbox 691 743 773 781; x_wconf 87' lang='lat' dir='ltr'>sine</span> <span class='ocrx_word' id='word_1_128' title='bbox 801 743 1032 793; x_wconf 81' lang='lat' dir='ltr'>exceptione</span> <span class='ocrx_word' id='word_1_129' title='bbox 1053 754 1181 802; x_wconf 80' lang='lat' dir='ltr'>eoque</span> <span class='ocrx_word' id='word_1_130' title='bbox 1203 745 1238 781; x_wconf 84' lang='lat'>&amp;</span> <span class='ocrx_word' id='word_1_131' title='bbox 1262 743 1462 782; x_wconf 86' lang='lat' dir='ltr'>materiam</span> <span class='ocrx_word' id='word_1_132' title='bbox 1485 743 1727 794; x_wconf 86' lang='lat' dir='ltr'>condiderit,</span> <span class='ocrx_word' id='word_1_133' title='bbox 1753 744 1925 793; x_wconf 89' lang='lat' dir='ltr'>sequitur</span> <span class='ocrx_word' id='word_1_134' title='bbox 1948 745 2136 784; x_wconf 88' lang='lat' dir='ltr'>mundum</span> 
     </span>
     <span class='ocr_line' id='line_1_13' title="bbox 204 793 2140 860; baseline 0.002 -28"><span class='ocrx_word' id='word_1_135' title='bbox 204 808 283 833; x_wconf 90' lang='lat' dir='ltr'>non</span> <span class='ocrx_word' id='word_1_136' title='bbox 319 807 367 833; x_wconf 86' lang='lat' dir='ltr'>ex</span> <span class='ocrx_word' id='word_1_137' title='bbox 395 794 554 833; x_wconf 85' lang='lat' dir='ltr'>materia</span> <span class='ocrx_word' id='word_1_138' title='bbox 582 795 710 845; x_wconf 88' lang='lat' dir='ltr'>aliqua</span> <span class='ocrx_word' id='word_1_139' title='bbox 739 803 914 860; x_wconf 77' lang='lat' dir='ltr'>aeterna,</span> <span class='ocrx_word' id='word_1_140' title='bbox 945 798 1068 834; x_wconf 88' lang='lat' dir='ltr'>multo</span> <span class='ocrx_word' id='word_1_141' title='bbox 1098 796 1225 834; x_wconf 86' lang='lat' dir='ltr'>minus</span> <span class='ocrx_word' id='word_1_142' title='bbox 1253 808 1300 833; x_wconf 89' lang='lat' dir='ltr'>ex</span> <span class='ocrx_word' id='word_1_143' title='bbox 1327 797 1403 835; x_wconf 88' lang='lat' dir='ltr'>Dei</span> <span class='ocrx_word' id='word_1_144' title='bbox 1431 796 1613 846; x_wconf 75' lang='lat' dir='ltr'>essentia,</span> <span class='ocrx_word' id='word_1_145' title='bbox 1645 803 1685 834; x_wconf 90' lang='lat' dir='ltr'>vt</span> <span class='ocrx_word' id='word_1_146' title='bbox 1712 803 1838 846; x_wconf 86' lang='lat' dir='ltr'>pote.</span> <span class='ocrx_word' id='word_1_147' title='bbox 1834 793 2140 856; x_wconf 73' lang='lat' dir='ltr'>simplicissima,</span> 
     </span>
     <span class='ocr_line' id='line_1_14' title="bbox 204 848 2140 900; baseline 0.002 -15"><span class='ocrx_word' id='word_1_148' title='bbox 204 848 369 898; x_wconf 81' lang='lat' dir='ltr'>infinita,</span> <span class='ocrx_word' id='word_1_149' title='bbox 407 848 658 897; x_wconf 89' lang='lat' dir='ltr'>immutabili,</span> <span class='ocrx_word' id='word_1_150' title='bbox 695 849 764 886; x_wconf 91' lang='lat' dir='ltr'>sed</span> <span class='ocrx_word' id='word_1_151' title='bbox 799 851 819 886; x_wconf 88' lang='lat' dir='ltr'>e</span> <span class='ocrx_word' id='word_1_152' title='bbox 858 848 999 899; x_wconf 92' lang='lat' dir='ltr'>nihilo,</span> <span class='ocrx_word' id='word_1_153' title='bbox 1038 856 1224 898; x_wconf 82' lang='lat' dir='ltr'>tanquam</span> <span class='ocrx_word' id='word_1_154' title='bbox 1259 849 1444 900; x_wconf 83' lang='lat' dir='ltr'>termino,</span> <span class='ocrx_word' id='word_1_155' title='bbox 1474 849 1648 899; x_wconf 88' lang='lat' dir='ltr'>potentia</span> <span class='ocrx_word' id='word_1_156' title='bbox 1678 848 1752 887; x_wconf 89' lang='lat' dir='ltr'>Dei</span> <span class='ocrx_word' id='word_1_157' title='bbox 1779 849 1959 888; x_wconf 86' lang='lat' dir='ltr'>extitisse.</span> <span class='ocrx_word' id='word_1_158' title='bbox 2003 852 2140 900; x_wconf 87' lang='lat' dir='ltr'>Itaque</span> 
     </span>
     <span class='ocr_line' id='line_1_15' title="bbox 204 899 2139 954; baseline 0.002 -16"><span class='ocrx_word' id='word_1_159' title='bbox 204 899 390 950; x_wconf 88' lang='lat' dir='ltr'>quicquid</span> <span class='ocrx_word' id='word_1_160' title='bbox 417 908 474 939; x_wconf 91' lang='lat' dir='ltr'>est</span> <span class='ocrx_word' id='word_1_161' title='bbox 499 900 618 951; x_wconf 86' lang='lat' dir='ltr'>illud,</span> <span class='ocrx_word' id='word_1_162' title='bbox 646 909 711 939; x_wconf 88' lang='lat' dir='ltr'>aut</span> <span class='ocrx_word' id='word_1_163' title='bbox 736 900 961 939; x_wconf 83' lang='lat' dir='ltr'>immediate</span> <span class='ocrx_word' id='word_1_164' title='bbox 990 908 1031 939; x_wconf 94' lang='lat' dir='ltr'>vt</span> <span class='ocrx_word' id='word_1_165' title='bbox 1059 903 1234 952; x_wconf 87' lang='lat' dir='ltr'>coelum,</span> <span class='ocrx_word' id='word_1_166' title='bbox 1262 909 1382 952; x_wconf 85' lang='lat' dir='ltr'>terra,</span> <span class='ocrx_word' id='word_1_167' title='bbox 1411 902 1560 954; x_wconf 85' lang='lat' dir='ltr'>anima,</span> <span class='ocrx_word' id='word_1_168' title='bbox 1589 901 1749 952; x_wconf 87' lang='lat' dir='ltr'>Angeli,</span> <span class='ocrx_word' id='word_1_169' title='bbox 1781 909 1847 940; x_wconf 91' lang='lat' dir='ltr'>aut</span> <span class='ocrx_word' id='word_1_170' title='bbox 1861 902 2027 941; x_wconf 85' lang='lat' dir='ltr'>mediate</span> <span class='ocrx_word' id='word_1_171' title='bbox 2042 903 2139 941; x_wconf 88' lang='lat' dir='ltr'>aliae</span> 
     </span>
     <span class='ocr_line' id='line_1_16' title="bbox 204 953 2142 1014; baseline 0.002 -23"><span class='ocrx_word' id='word_1_172' title='bbox 204 967 264 992; x_wconf 91' lang='lat' dir='ltr'>res</span> <span class='ocrx_word' id='word_1_173' title='bbox 292 966 446 999; x_wconf 88' lang='lat' dir='ltr'>omnes,</span> <span class='ocrx_word' id='word_1_174' title='bbox 476 953 624 992; x_wconf 90' lang='lat' dir='ltr'>ratione</span> <span class='ocrx_word' id='word_1_175' title='bbox 651 954 800 1004; x_wconf 85' lang='lat' dir='ltr'>primae</span> <span class='ocrx_word' id='word_1_176' title='bbox 827 954 1031 1005; x_wconf 86' lang='lat' dir='ltr'>materiae,</span> <span class='ocrx_word' id='word_1_177' title='bbox 1060 962 1296 1004; x_wconf 83' lang='lat' dir='ltr'>promanant</span> <span class='ocrx_word' id='word_1_178' title='bbox 1324 968 1370 993; x_wconf 82' lang='lat' dir='ltr'>ex</span> <span class='ocrx_word' id='word_1_179' title='bbox 1397 955 1531 994; x_wconf 91' lang='lat' dir='ltr'>nihilo.</span> <span class='ocrx_word' id='word_1_180' title='bbox 1561 956 1705 1014; x_wconf 42' lang='lat' dir='ltr'>Quare.</span> <span class='ocrx_word' id='word_1_181' title='bbox 1721 955 1853 993; x_wconf 91' lang='lat' dir='ltr'>tritum</span> <span class='ocrx_word' id='word_1_182' title='bbox 1876 955 1972 994; x_wconf 88' lang='lat' dir='ltr'>illud</span> <span class='ocrx_word' id='word_1_183' title='bbox 1986 956 2142 994; x_wconf 83' lang='lat' dir='ltr'>axioma</span> 
     </span>
     <span class='ocr_line' id='line_1_17' title="bbox 205 1006 2141 1058; baseline 0.001 -14"><span class='ocrx_word' id='word_1_184' title='bbox 205 1006 648 1058; x_wconf 71' lang='lat' dir='ltr'>1)liilosophoruni,Eae</span> <span class='ocrx_word' id='word_1_185' title='bbox 677 1008 795 1045; x_wconf 76' lang='lat' dir='ltr'>ni&#39;lzzlo</span> <span class='ocrx_word' id='word_1_186' title='bbox 824 1008 926 1045; x_wconf 79' lang='lat' dir='ltr'>ni&#39;lzzl</span> <span class='ocrx_word' id='word_1_187' title='bbox 941 1009 1015 1057; x_wconf 89' lang='lat' dir='ltr'><em>s</em></span> <span class='ocrx_word' id='word_1_188' title='bbox 966 1014 999 1045; x_wconf 85' lang='lat' dir='ltr'>t</span> <span class='ocrx_word' id='word_1_189' title='bbox 1043 1008 1121 1046; x_wconf 92' lang='lat' dir='ltr'>huc</span> <span class='ocrx_word' id='word_1_190' title='bbox 1149 1021 1230 1046; x_wconf 89' lang='lat' dir='ltr'>non</span> <span class='ocrx_word' id='word_1_191' title='bbox 1263 1009 1445 1057; x_wconf 87' lang='lat' dir='ltr'>quadrat.</span> <span class='ocrx_word' id='word_1_192' title='bbox 1475 1008 1567 1058; x_wconf 90' lang='lat' dir='ltr'>quia</span> <span class='ocrx_word' id='word_1_193' title='bbox 1581 1019 1816 1057; x_wconf 85' lang='lat' dir='ltr'>prlnclplum</span> <span class='ocrx_word' id='word_1_194' title='bbox 1830 1007 1924 1046; x_wconf 86' lang='lat' dir='ltr'>111ud</span> <span class='ocrx_word' id='word_1_195' title='bbox 1939 1008 1988 1046; x_wconf 89' lang='lat' dir='ltr'>de</span> <span class='ocrx_word' id='word_1_196' title='bbox 2004 1009 2141 1047; x_wconf 90' lang='lat' dir='ltr'>ordine</span> 
     </span>
     <span class='ocr_line' id='line_1_18' title="bbox 203 1059 2142 1111; baseline 0.001 -14"><span class='ocrx_word' id='word_1_197' title='bbox 203 1059 366 1097; x_wconf 86' lang='lat' dir='ltr'>naturali</span> <span class='ocrx_word' id='word_1_198' title='bbox 393 1071 530 1098; x_wconf 87' lang='lat' dir='ltr'>verum</span> <span class='ocrx_word' id='word_1_199' title='bbox 558 1067 616 1098; x_wconf 91' lang='lat' dir='ltr'>est</span> <span class='ocrx_word' id='word_1_200' title='bbox 642 1059 681 1097; x_wconf 90' lang='lat' dir='ltr'>in</span> <span class='ocrx_word' id='word_1_201' title='bbox 710 1066 846 1098; x_wconf 88' lang='lat' dir='ltr'>natura</span> <span class='ocrx_word' id='word_1_202' title='bbox 874 1060 1104 1111; x_wconf 84' lang='lat' dir='ltr'>constituta,</span> <span class='ocrx_word' id='word_1_203' title='bbox 1133 1060 1173 1098; x_wconf 92' lang='lat' dir='ltr'>in</span> <span class='ocrx_word' id='word_1_204' title='bbox 1201 1060 1476 1099; x_wconf 79' lang='lat' dir='ltr'>constituenda</span> <span class='ocrx_word' id='word_1_205' title='bbox 1491 1060 1661 1099; x_wconf 81' lang='lat' dir='ltr'>mmlme.</span> <span class='ocrx_word' id='word_1_206' title='bbox 1691 1062 1792 1098; x_wconf 90' lang='lat' dir='ltr'>Nam</span> <span class='ocrx_word' id='word_1_207' title='bbox 1808 1061 1939 1098; x_wconf 87' lang='lat' dir='ltr'>omnia</span> <span class='ocrx_word' id='word_1_208' title='bbox 1952 1060 2142 1111; x_wconf 88' lang='lat' dir='ltr'>principia</span> 
     </span>
     <span class='ocr_line' id='line_1_19' title="bbox 205 1112 2142 1164; baseline 0.001 -14"><span class='ocrx_word' id='word_1_209' title='bbox 205 1113 255 1151; x_wconf 86' lang='lat' dir='ltr'>ad</span> <span class='ocrx_word' id='word_1_210' title='bbox 296 1112 617 1151; x_wconf 89' lang='lat' dir='ltr'>constitutionem</span> <span class='ocrx_word' id='word_1_211' title='bbox 655 1112 913 1151; x_wconf 89' lang='lat' dir='ltr'>vniuersitatis</span> <span class='ocrx_word' id='word_1_212' title='bbox 955 1113 1091 1158; x_wconf 75' lang='lat' dir='ltr'>huius,</span> <span class='ocrx_word' id='word_1_213' title='bbox 1134 1115 1216 1151; x_wconf 86' lang='lat' dir='ltr'>sola</span> <span class='ocrx_word' id='word_1_214' title='bbox 1258 1125 1326 1151; x_wconf 90' lang='lat' dir='ltr'>sua</span> <span class='ocrx_word' id='word_1_215' title='bbox 1355 1114 1530 1164; x_wconf 85' lang='lat' dir='ltr'>potentia</span> <span class='ocrx_word' id='word_1_216' title='bbox 1556 1113 1684 1152; x_wconf 87' lang='lat' dir='ltr'>effecit</span> <span class='ocrx_word' id='word_1_217' title='bbox 1710 1114 1818 1151; x_wconf 90' lang='lat' dir='ltr'>Deus</span> <span class='ocrx_word' id='word_1_218' title='bbox 1845 1121 2005 1163; x_wconf 89' lang='lat' dir='ltr'>propter</span> <span class='ocrx_word' id='word_1_219' title='bbox 2032 1113 2142 1153; x_wconf 89' lang='lat' dir='ltr'>boni-</span> 
     </span>
     <span class='ocr_line' id='line_1_20' title="bbox 207 1172 481 1204; baseline 0.004 -1"><span class='ocrx_word' id='word_1_220' title='bbox 207 1172 327 1204; x_wconf 84' lang='lat' dir='ltr'>tatem</span> <span class='ocrx_word' id='word_1_221' title='bbox 360 1177 481 1204; x_wconf 88' lang='lat' dir='ltr'>suam.</span> 
     </span>
    </p>

    <p class='ocr_par' dir='ltr' id='par_1_3' title="bbox 206 1217 2188 1638">
     <span class='ocr_line' id='line_1_21' title="bbox 258 1217 2143 1268; baseline 0.002 -13"><span class='ocrx_word' id='word_1_222' title='bbox 258 1220 307 1255; x_wconf 91' lang='lat' dir='ltr'>V.</span> <span class='ocrx_word' id='word_1_223' title='bbox 363 1219 508 1256; x_wconf 87' lang='lat' dir='ltr'>Forma</span> <span class='ocrx_word' id='word_1_224' title='bbox 531 1225 589 1257; x_wconf 89' lang='lat' dir='ltr'>est</span> <span class='ocrx_word' id='word_1_225' title='bbox 611 1217 905 1257; x_wconf 81' lang='lat' dir='ltr'>innumerabilis</span> <span class='ocrx_word' id='word_1_226' title='bbox 926 1219 991 1256; x_wconf 89' lang='lat' dir='ltr'>illa</span> <span class='ocrx_word' id='word_1_227' title='bbox 1015 1219 1243 1268; x_wconf 85' lang='lat' dir='ltr'>multitudo,</span> <span class='ocrx_word' id='word_1_228' title='bbox 1267 1219 1520 1258; x_wconf 85' lang='lat' dir='ltr'>admirandus</span> <span class='ocrx_word' id='word_1_229' title='bbox 1544 1219 1666 1268; x_wconf 87' lang='lat' dir='ltr'>ordo,</span> <span class='ocrx_word' id='word_1_230' title='bbox 1690 1218 1932 1268; x_wconf 86' lang='lat' dir='ltr'>pulchraque</span> <span class='ocrx_word' id='word_1_231' title='bbox 1947 1218 2143 1258; x_wconf 88' lang='lat' dir='ltr'>distinctio</span> 
     </span>
     <span class='ocr_line' id='line_1_22' title="bbox 207 1270 2144 1323; baseline 0.001 -15"><span class='ocrx_word' id='word_1_232' title='bbox 207 1284 253 1309; x_wconf 85' lang='lat' dir='ltr'>ac</span> <span class='ocrx_word' id='word_1_233' title='bbox 291 1270 493 1309; x_wconf 89' lang='lat' dir='ltr'>diuersitas</span> <span class='ocrx_word' id='word_1_234' title='bbox 528 1271 704 1310; x_wconf 90' lang='lat' dir='ltr'>omnium</span> <span class='ocrx_word' id='word_1_235' title='bbox 739 1271 1017 1323; x_wconf 85' lang='lat' dir='ltr'>essentiarum,</span> <span class='ocrx_word' id='word_1_236' title='bbox 1053 1274 1102 1310; x_wconf 90' lang='lat' dir='ltr'>ab</span> <span class='ocrx_word' id='word_1_237' title='bbox 1143 1285 1220 1310; x_wconf 90' lang='lat' dir='ltr'>vno</span> <span class='ocrx_word' id='word_1_238' title='bbox 1258 1279 1346 1311; x_wconf 91' lang='lat' dir='ltr'>ente</span> <span class='ocrx_word' id='word_1_239' title='bbox 1383 1272 1532 1322; x_wconf 80' lang='lat' dir='ltr'>primo,</span> <span class='ocrx_word' id='word_1_240' title='bbox 1562 1273 1758 1322; x_wconf 84' lang='lat' dir='ltr'>perfecto,</span> <span class='ocrx_word' id='word_1_241' title='bbox 1787 1283 1964 1322; x_wconf 90' lang='lat' dir='ltr'>summo,</span> <span class='ocrx_word' id='word_1_242' title='bbox 1993 1272 2144 1322; x_wconf 88' lang='lat' dir='ltr'>sapien-</span> 
     </span>
     <span class='ocr_line' id='line_1_23' title="bbox 209 1323 2143 1375; baseline 0.001 -14"><span class='ocrx_word' id='word_1_243' title='bbox 209 1325 250 1372; x_wconf 91' lang='lat' dir='ltr'><strong>(f.</strong></span> <span class='ocrx_word' id='word_1_244' title='bbox 283 1323 586 1372; x_wconf 88' lang='lat' dir='ltr'>1632.)tissimo,</span> <span class='ocrx_word' id='word_1_245' title='bbox 613 1337 685 1375; x_wconf 93' lang='lat' dir='ltr'>pro</span> <span class='ocrx_word' id='word_1_246' title='bbox 715 1324 837 1363; x_wconf 89' lang='lat' dir='ltr'>libera</span> <span class='ocrx_word' id='word_1_247' title='bbox 864 1323 983 1373; x_wconf 87' lang='lat' dir='ltr'>ipsius</span> <span class='ocrx_word' id='word_1_248' title='bbox 1011 1327 1232 1374; x_wconf 85' lang='lat' dir='ltr'>voluntate,</span> <span class='ocrx_word' id='word_1_249' title='bbox 1261 1327 1297 1363; x_wconf 86' lang='lat'>&amp;</span> <span class='ocrx_word' id='word_1_250' title='bbox 1324 1324 1476 1363; x_wconf 87' lang='lat' dir='ltr'>infinita</span> <span class='ocrx_word' id='word_1_251' title='bbox 1488 1325 1664 1364; x_wconf 85' lang='lat' dir='ltr'>bonitate</span> <span class='ocrx_word' id='word_1_252' title='bbox 1679 1324 1945 1374; x_wconf 79' lang='lat' dir='ltr'>sapientiaque</span> <span class='ocrx_word' id='word_1_253' title='bbox 1959 1327 2143 1374; x_wconf 86' lang='lat' dir='ltr'>perfecta.</span> 
     </span>
     <span class='ocr_line' id='line_1_24' title="bbox 210 1376 2144 1427; baseline 0.001 -13"><span class='ocrx_word' id='word_1_254' title='bbox 210 1376 395 1415; x_wconf 86' lang='lat' dir='ltr'>Consistit</span> <span class='ocrx_word' id='word_1_255' title='bbox 421 1384 549 1416; x_wconf 88' lang='lat' dir='ltr'>autem</span> <span class='ocrx_word' id='word_1_256' title='bbox 576 1378 674 1416; x_wconf 90' lang='lat' dir='ltr'>haec</span> <span class='ocrx_word' id='word_1_257' title='bbox 702 1379 828 1415; x_wconf 83' lang='lat' dir='ltr'>forma</span> <span class='ocrx_word' id='word_1_258' title='bbox 855 1377 918 1414; x_wconf 88' lang='lat' dir='ltr'>vel</span> <span class='ocrx_word' id='word_1_259' title='bbox 945 1377 1094 1416; x_wconf 89' lang='lat' dir='ltr'>interne</span> <span class='ocrx_word' id='word_1_260' title='bbox 1123 1378 1161 1416; x_wconf 90' lang='lat' dir='ltr'>in</span> <span class='ocrx_word' id='word_1_261' title='bbox 1188 1378 1321 1416; x_wconf 92' lang='lat' dir='ltr'>abdita</span> <span class='ocrx_word' id='word_1_262' title='bbox 1348 1377 1518 1416; x_wconf 86' lang='lat' dir='ltr'>vniuersi</span> <span class='ocrx_word' id='word_1_263' title='bbox 1545 1384 1706 1427; x_wconf 84' lang='lat' dir='ltr'>natura,</span> <span class='ocrx_word' id='word_1_264' title='bbox 1735 1378 1796 1415; x_wconf 93' lang='lat' dir='ltr'>vel</span> <span class='ocrx_word' id='word_1_265' title='bbox 1825 1380 1981 1416; x_wconf 78' lang='lat' dir='ltr'>externe</span> <span class='ocrx_word' id='word_1_266' title='bbox 2009 1377 2048 1415; x_wconf 92' lang='lat' dir='ltr'>in</span> <span class='ocrx_word' id='word_1_267' title='bbox 2071 1378 2144 1416; x_wconf 88' lang='lat' dir='ltr'>dis-</span> 
     </span>
     <span class='ocr_line' id='line_1_25' title="bbox 206 1429 2144 1495; baseline 0.001 -28"><span class='ocrx_word' id='word_1_268' title='bbox 206 1429 408 1479; x_wconf 87' lang='lat' dir='ltr'>putatione</span> <span class='ocrx_word' id='word_1_269' title='bbox 437 1431 611 1469; x_wconf 89' lang='lat' dir='ltr'>omnium</span> <span class='ocrx_word' id='word_1_270' title='bbox 639 1430 826 1495; x_wconf 81' lang='lat' dir='ltr'>partium,</span> <span class='ocrx_word' id='word_1_271' title='bbox 854 1435 937 1467; x_wconf 90' lang='lat' dir='ltr'>tum</span> <span class='ocrx_word' id='word_1_272' title='bbox 965 1430 1002 1468; x_wconf 89' lang='lat' dir='ltr'>in</span> <span class='ocrx_word' id='word_1_273' title='bbox 1032 1438 1202 1481; x_wconf 83' lang='grc'><strong>56,111111</strong></span> <span class='ocrx_word' id='word_1_274' title='bbox 1229 1430 1327 1469; x_wconf 91' lang='lat' dir='ltr'>inter</span> <span class='ocrx_word' id='word_1_275' title='bbox 1349 1443 1390 1469; x_wconf 91' lang='lat' dir='ltr'>se</span> <span class='ocrx_word' id='word_1_276' title='bbox 1411 1431 1670 1469; x_wconf 86' lang='lat' dir='ltr'>ornatissima:</span> <span class='ocrx_word' id='word_1_277' title='bbox 1695 1429 1797 1467; x_wconf 91' lang='lat' dir='ltr'>vnde</span> <span class='ocrx_word' id='word_1_278' title='bbox 1826 1431 1966 1479; x_wconf 79' lang='grc' dir='ltr'><em>κόσμος</em></span> <span class='ocrx_word' id='word_1_279' title='bbox 1982 1430 2144 1469; x_wconf 89' lang='lat' dir='ltr'>Graecis</span> 
     </span>
     <span class='ocr_line' id='line_1_26' title="bbox 207 1481 2188 1534; baseline 0.001 -14.001"><span class='ocrx_word' id='word_1_280' title='bbox 207 1483 443 1532; x_wconf 81' lang='lat' dir='ltr'>appellatur,</span> <span class='ocrx_word' id='word_1_281' title='bbox 487 1486 585 1534; x_wconf 79' lang='grc' dir='ltr'><em>παρὰ</em></span> <span class='ocrx_word' id='word_1_282' title='bbox 615 1484 658 1520; x_wconf 80' lang='grc' dir='ltr'>τό</span> <span class='ocrx_word' id='word_1_283' title='bbox 687 1486 837 1532; x_wconf 77' lang='grc' dir='ltr'><em>κοσμεῖν</em></span> <span class='ocrx_word' id='word_1_284' title='bbox 867 1483 887 1518; x_wconf 86' lang='grc' dir='ltr'>ό</span> <span class='ocrx_word' id='word_1_285' title='bbox 917 1486 962 1520; x_wconf 79' lang='grc' dir='ltr'>τά</span> <span class='ocrx_word' id='word_1_286' title='bbox 995 1487 1117 1521; x_wconf 78' lang='grc' dir='ltr'><strong><em>πάντα</em></strong></span> <span class='ocrx_word' id='word_1_287' title='bbox 1146 1484 1187 1520; x_wconf 79' lang='grc' dir='ltr'>ἐν</span> <span class='ocrx_word' id='word_1_288' title='bbox 1219 1483 1344 1521; x_wconf 78' lang='grc' dir='ltr'><em>ἑαυτῶ</em></span> <span class='ocrx_word' id='word_1_289' title='bbox 1375 1483 1470 1530; x_wconf 72' lang='grc' dir='ltr'>ἔχων</span> <span class='ocrx_word' id='word_1_290' title='bbox 1501 1484 1773 1532; x_wconf 73' lang='grc' dir='ltr'><em>κεκοσμημένα</em></span> <span class='ocrx_word' id='word_1_291' title='bbox 1816 1483 1982 1531; x_wconf 81' lang='lat' dir='ltr'>Etymol.</span> <span class='ocrx_word' id='word_1_292' title='bbox 2011 1497 2140 1532; x_wconf 76' lang='lat' dir='ltr'>magn.</span> <span class='ocrx_word' id='word_1_293' title='bbox 2184 1481 2188 1486; x_wconf 56' lang='grc'><em>’</em></span> 
     </span>
     <span class='ocr_line' id='line_1_27' title="bbox 207 1534 2143 1585; baseline 0.001 -12"><span class='ocrx_word' id='word_1_294' title='bbox 207 1537 371 1574; x_wconf 45' lang='lat' dir='ltr'>Asztot</span> <span class='ocrx_word' id='word_1_295' title='bbox 399 1536 443 1572; x_wconf 80' lang='lat' dir='ltr'>de</span> <span class='ocrx_word' id='word_1_296' title='bbox 469 1536 634 1574; x_wconf 78' lang='lat' dir='ltr'><strong>Mundo.</strong></span> <span class='ocrx_word' id='word_1_297' title='bbox 663 1536 698 1572; x_wconf 84' lang='lat'>&amp;</span> <span class='ocrx_word' id='word_1_298' title='bbox 727 1534 1060 1584; x_wconf 89' lang='lat' dir='ltr'>quemadmodum</span> <span class='ocrx_word' id='word_1_299' title='bbox 1090 1535 1232 1574; x_wconf 86' lang='lat' dir='ltr'>Graeci</span> <span class='ocrx_word' id='word_1_300' title='bbox 1261 1540 1401 1584; x_wconf 79' lang='grc' dir='ltr'><em>κόσμον</em></span> <span class='ocrx_word' id='word_1_301' title='bbox 1423 1543 1643 1574; x_wconf 67' lang='lat' dir='ltr'>ornamentl</span> <span class='ocrx_word' id='word_1_302' title='bbox 1658 1547 1818 1573; x_wconf 89' lang='lat' dir='ltr'>nomme</span> <span class='ocrx_word' id='word_1_303' title='bbox 1833 1536 2143 1585; x_wconf 86' lang='lat' dir='ltr'>appellauerunt:</span> 
     </span>
     <span class='ocr_line' id='line_1_28' title="bbox 207 1587 1806 1638; baseline 0 -13"><span class='ocrx_word' id='word_1_304' title='bbox 207 1587 261 1626; x_wconf 85' lang='lat' dir='ltr'>ita</span> <span class='ocrx_word' id='word_1_305' title='bbox 288 1600 378 1638; x_wconf 88' lang='lat' dir='ltr'>nos,</span> <span class='ocrx_word' id='word_1_306' title='bbox 405 1589 428 1624; x_wconf 78' lang='lat' dir='ltr'>a</span> <span class='ocrx_word' id='word_1_307' title='bbox 455 1589 627 1637; x_wconf 88' lang='lat' dir='ltr'>perfecta</span> <span class='ocrx_word' id='word_1_308' title='bbox 655 1589 911 1636; x_wconf 84' lang='lat' dir='ltr'>absolutaque</span> <span class='ocrx_word' id='word_1_309' title='bbox 939 1588 1149 1638; x_wconf 80' lang='lat' dir='ltr'>elegantia,</span> <span class='ocrx_word' id='word_1_310' title='bbox 1178 1588 1385 1626; x_wconf 91' lang='lat' dir='ltr'>Mundum.</span> <span class='ocrx_word' id='word_1_311' title='bbox 1413 1589 1516 1626; x_wconf 48' lang='lat' dir='ltr'>Plzssn</span> <span class='ocrx_word' id='word_1_312' title='bbox 1548 1589 1611 1627; x_wconf 46' lang='lat' dir='ltr'>lzssb</span> <span class='ocrx_word' id='word_1_313' title='bbox 1644 1601 1676 1625; x_wconf 91' lang='lat'><strong>2.</strong></span> <span class='ocrx_word' id='word_1_314' title='bbox 1707 1600 1735 1625; x_wconf 88' lang='lat' dir='ltr'>c.</span> <span class='ocrx_word' id='word_1_315' title='bbox 1767 1601 1806 1636; x_wconf 86' lang='lat'><strong>3.</strong></span> 
     </span>
    </p>

    <p class='ocr_par' dir='ltr' id='par_1_4' title="bbox 207 1639 2144 1744">
     <span class='ocr_line' id='line_1_29' title="bbox 257 1639 2144 1700; baseline 0.002 -23"><span class='ocrx_word' id='word_1_316' title='bbox 257 1642 324 1678; x_wconf 92' lang='lat' dir='ltr'><strong>VI.</strong></span> <span class='ocrx_word' id='word_1_317' title='bbox 381 1639 599 1679; x_wconf 90' lang='lat' dir='ltr'>Creationis</span> <span class='ocrx_word' id='word_1_318' title='bbox 642 1643 761 1690; x_wconf 82' lang='lat' dir='ltr'>porro</span> <span class='ocrx_word' id='word_1_319' title='bbox 803 1641 902 1678; x_wconf 88' lang='lat' dir='ltr'>duae</span> <span class='ocrx_word' id='word_1_320' title='bbox 944 1648 1032 1679; x_wconf 90' lang='lat' dir='ltr'>sunt</span> <span class='ocrx_word' id='word_1_321' title='bbox 1054 1647 1206 1700; x_wconf 81' lang='lat' dir='ltr'>partes,</span> <span class='ocrx_word' id='word_1_322' title='bbox 1235 1640 1445 1700; x_wconf 84' lang='lat' dir='ltr'>productio</span> <span class='ocrx_word' id='word_1_323' title='bbox 1474 1642 1510 1679; x_wconf 68' lang='grc' dir='ltr'>δι</span> <span class='ocrx_word' id='word_1_324' title='bbox 1538 1639 1741 1699; x_wconf 84' lang='lat' dir='ltr'>dispositio</span> <span class='ocrx_word' id='word_1_325' title='bbox 1771 1640 2064 1689; x_wconf 88' lang='lat' dir='ltr'>sapientissima.</span> <span class='ocrx_word' id='word_1_326' title='bbox 2097 1655 2144 1680; x_wconf 92' lang='lat' dir='ltr'>ex</span> 
     </span>
     <span class='ocr_line' id='line_1_30' title="bbox 207 1692 2143 1744; baseline 0.001 -13"><span class='ocrx_word' id='word_1_327' title='bbox 207 1693 347 1743; x_wconf 87' lang='lat' dir='ltr'>quibus</span> <span class='ocrx_word' id='word_1_328' title='bbox 374 1692 612 1732; x_wconf 86' lang='lat' dir='ltr'>admirabilis</span> <span class='ocrx_word' id='word_1_329' title='bbox 641 1693 716 1732; x_wconf 89' lang='lat' dir='ltr'>Dei</span> <span class='ocrx_word' id='word_1_330' title='bbox 744 1692 940 1732; x_wconf 85' lang='lat' dir='ltr'>Creatoris</span> <span class='ocrx_word' id='word_1_331' title='bbox 968 1693 1142 1744; x_wconf 84' lang='lat' dir='ltr'>bonitas,</span> <span class='ocrx_word' id='word_1_332' title='bbox 1170 1693 1375 1744; x_wconf 79' lang='lat' dir='ltr'>sapientia,</span> <span class='ocrx_word' id='word_1_333' title='bbox 1404 1694 1579 1744; x_wconf 86' lang='lat' dir='ltr'>potentia</span> <span class='ocrx_word' id='word_1_334' title='bbox 1607 1694 1781 1743; x_wconf 82' lang='lat' dir='ltr'>elucent,</span> <span class='ocrx_word' id='word_1_335' title='bbox 1811 1704 1980 1742; x_wconf 85' lang='lat' dir='ltr'>quorum</span> <span class='ocrx_word' id='word_1_336' title='bbox 1994 1693 2143 1744; x_wconf 88' lang='lat' dir='ltr'>agnitio</span> 
     </span>
    </p>
   </div>
   <div class='ocr_carea' id='block_1_3' title="bbox 206 1724 2147 1853">
    <p class='ocr_par' dir='ltr' id='par_1_5' title="bbox 206 1724 2147 1853">
     <span class='ocr_line' id='line_1_31' title="bbox 207 1724 2144 1800; baseline 0.001 -12"><span class='ocrx_word' id='word_1_337' title='bbox 207 1752 242 1788; x_wconf 86' lang='lat'>&amp;</span> <span class='ocrx_word' id='word_1_338' title='bbox 271 1749 481 1789; x_wconf 90' lang='lat' dir='ltr'>celebratio</span> <span class='ocrx_word' id='word_1_339' title='bbox 510 1750 596 1788; x_wconf 87' lang='lat' dir='ltr'>finis</span> <span class='ocrx_word' id='word_1_340' title='bbox 629 1749 847 1789; x_wconf 86' lang='lat' dir='ltr'>Creationis</span> <span class='ocrx_word' id='word_1_341' title='bbox 876 1767 907 1791; x_wconf 83' lang='grc' dir='ltr'><strong><em>ω</em></strong></span> <span class='ocrx_word' id='word_1_342' title='bbox 941 1762 1009 1790; x_wconf 90' lang='grc'><strong>5611</strong></span> <span class='ocrx_word' id='word_1_343' title='bbox 1036 1724 1192 1789; x_wconf 80' lang='lat' dir='ltr'>vltirrius</span> <span class='ocrx_word' id='word_1_344' title='bbox 1220 1750 1364 1788; x_wconf 77' lang='lat' dir='ltr'>existit:</span> <span class='ocrx_word' id='word_1_345' title='bbox 1396 1750 1605 1800; x_wconf 77' lang='lat' dir='ltr'>respiciunt</span> <span class='ocrx_word' id='word_1_346' title='bbox 1634 1750 1739 1787; x_wconf 90' lang='lat' dir='ltr'>enim</span> <span class='ocrx_word' id='word_1_347' title='bbox 1766 1749 1934 1800; x_wconf 85' lang='lat' dir='ltr'>gloriam</span> <span class='ocrx_word' id='word_1_348' title='bbox 1967 1751 2059 1795; x_wconf 82' lang='lat' dir='ltr'>Dei,</span> <span class='ocrx_word' id='word_1_349' title='bbox 2093 1752 2144 1789; x_wconf 91' lang='lat' dir='ltr'>ad</span> 
     </span>
     <span class='ocr_line' id='line_1_32' title="bbox 206 1793 2147 1853; baseline 0.001 -12"><span class='ocrx_word' id='word_1_350' title='bbox 206 1815 323 1853; x_wconf 87' lang='lat' dir='ltr'>quam</span> <span class='ocrx_word' id='word_1_351' title='bbox 351 1803 482 1840; x_wconf 87' lang='lat' dir='ltr'>omnia</span> <span class='ocrx_word' id='word_1_352' title='bbox 510 1816 609 1852; x_wconf 87' lang='lat' dir='ltr'>quae</span> <span class='ocrx_word' id='word_1_353' title='bbox 637 1803 797 1842; x_wconf 90' lang='lat' dir='ltr'>condita</span> <span class='ocrx_word' id='word_1_354' title='bbox 825 1793 915 1844; x_wconf 88' lang='lat' dir='ltr'>su1it</span> <span class='ocrx_word' id='word_1_355' title='bbox 941 1805 976 1842; x_wconf 67' lang='grc' dir='ltr'>δι</span> <span class='ocrx_word' id='word_1_356' title='bbox 1006 1805 1118 1850; x_wconf 85' lang='lat' dir='ltr'>fiunt,</span> <span class='ocrx_word' id='word_1_357' title='bbox 1148 1803 1228 1842; x_wconf 86' lang='grc'><strong>11110</strong></span> <span class='ocrx_word' id='word_1_358' title='bbox 1258 1803 1373 1841; x_wconf 89' lang='lat' dir='ltr'>etiam</span> <span class='ocrx_word' id='word_1_359' title='bbox 1397 1805 1499 1842; x_wconf 89' lang='lat' dir='ltr'>salus</span> <span class='ocrx_word' id='word_1_360' title='bbox 1523 1804 1754 1851; x_wconf 88' lang='lat' dir='ltr'>electorum,</span> <span class='ocrx_word' id='word_1_361' title='bbox 1780 1804 2011 1841; x_wconf 90' lang='lat' dir='ltr'>referuntur.</span> <span class='ocrx_word' id='word_1_362' title='bbox 2041 1803 2147 1842; x_wconf 91' lang='lat' dir='ltr'>Finis</span> 
     </span>
    </p>
   </div>
   <div class='ocr_carea' id='block_1_4' title="bbox 204 1859 2153 2848">
    <p class='ocr_par' dir='ltr' id='par_1_6' title="bbox 204 1859 2149 2005">
     <span class='ocr_line' id='line_1_33' title="bbox 204 1859 2149 1911; baseline 0 -13"><span class='ocrx_word' id='word_1_363' title='bbox 204 1860 346 1899; x_wconf 87' lang='lat' dir='ltr'>deinde</span> <span class='ocrx_word' id='word_1_364' title='bbox 374 1874 424 1899; x_wconf 87' lang='grc' dir='ltr'>ου</span> <span class='ocrx_word' id='word_1_365' title='bbox 455 1872 522 1898; x_wconf 89' lang='grc'><strong>5611</strong></span> <span class='ocrx_word' id='word_1_366' title='bbox 550 1860 770 1909; x_wconf 74' lang='lat' dir='ltr'>proximus,</span> <span class='ocrx_word' id='word_1_367' title='bbox 799 1868 875 1911; x_wconf 89' lang='lat' dir='ltr'>est,</span> <span class='ocrx_word' id='word_1_368' title='bbox 904 1868 945 1900; x_wconf 92' lang='lat' dir='ltr'>vt</span> <span class='ocrx_word' id='word_1_369' title='bbox 972 1861 1141 1899; x_wconf 88' lang='lat' dir='ltr'>mundus</span> <span class='ocrx_word' id='word_1_370' title='bbox 1170 1867 1269 1899; x_wconf 89' lang='lat' dir='ltr'>esset</span> <span class='ocrx_word' id='word_1_371' title='bbox 1296 1861 1511 1910; x_wconf 87' lang='lat' dir='ltr'>perfectus,</span> <span class='ocrx_word' id='word_1_372' title='bbox 1541 1871 1667 1910; x_wconf 90' lang='lat' dir='ltr'>eoque</span> <span class='ocrx_word' id='word_1_373' title='bbox 1696 1859 1747 1897; x_wconf 90' lang='grc'>3(1</span> <span class='ocrx_word' id='word_1_374' title='bbox 1774 1861 1977 1910; x_wconf 89' lang='lat' dir='ltr'>proprium</span> <span class='ocrx_word' id='word_1_375' title='bbox 1992 1860 2149 1911; x_wconf 89' lang='lat' dir='ltr'>generis</span> 
     </span>
     <span class='ocr_line' id='line_1_34' title="bbox 204 1912 2146 1972; baseline 0.001 -22"><span class='ocrx_word' id='word_1_376' title='bbox 204 1913 385 1964; x_wconf 81' lang='lat' dir='ltr'>humani,</span> <span class='ocrx_word' id='word_1_377' title='bbox 426 1912 636 1972; x_wconf 77' lang='lat' dir='ltr'>praecipue</span> <span class='ocrx_word' id='word_1_378' title='bbox 678 1916 770 1951; x_wconf 73' lang='lat' dir='ltr'>vere</span> <span class='ocrx_word' id='word_1_379' title='bbox 814 1913 1015 1953; x_wconf 87' lang='grc' dir='ltr'><strong>Ε66165136</strong></span> <span class='ocrx_word' id='word_1_380' title='bbox 1057 1924 1124 1951; x_wconf 86' lang='grc'><strong>5611</strong></span> <span class='ocrx_word' id='word_1_381' title='bbox 1162 1914 1375 1952; x_wconf 89' lang='lat' dir='ltr'>electorum</span> <span class='ocrx_word' id='word_1_382' title='bbox 1416 1925 1528 1952; x_wconf 90' lang='lat' dir='ltr'>vsum</span> <span class='ocrx_word' id='word_1_383' title='bbox 1569 1913 1890 1952; x_wconf 88' lang='lat' dir='ltr'>accommodatus</span> <span class='ocrx_word' id='word_1_384' title='bbox 1925 1924 2146 1962; x_wconf 90' lang='lat' dir='ltr'>eorumque</span> 
     </span>
     <span class='ocr_line' id='line_1_35' title="bbox 208 1966 576 2005; baseline 0 -1"><span class='ocrx_word' id='word_1_385' title='bbox 208 1966 320 2005; x_wconf 82' lang='lat' dir='ltr'>saluti</span> <span class='ocrx_word' id='word_1_386' title='bbox 347 1966 576 2004; x_wconf 88' lang='lat' dir='ltr'>inseruiens.</span> 
     </span>
    </p>

    <p class='ocr_par' dir='ltr' id='par_1_7' title="bbox 206 2017 2153 2847">
     <span class='ocr_line' id='line_1_36' title="bbox 256 2017 2148 2070; baseline -0.001 -14"><span class='ocrx_word' id='word_1_387' title='bbox 256 2021 345 2058; x_wconf 89' lang='lat' dir='ltr'><strong>VII.</strong></span> <span class='ocrx_word' id='word_1_388' title='bbox 400 2019 550 2057; x_wconf 86' lang='lat' dir='ltr'>Effecta</span> <span class='ocrx_word' id='word_1_389' title='bbox 579 2017 794 2057; x_wconf 87' lang='lat' dir='ltr'>Creationis</span> <span class='ocrx_word' id='word_1_390' title='bbox 823 2019 943 2058; x_wconf 77' lang='lat' dir='ltr'>dufim</span> <span class='ocrx_word' id='word_1_391' title='bbox 973 2025 1062 2058; x_wconf 89' lang='lat' dir='ltr'>sunt</span> <span class='ocrx_word' id='word_1_392' title='bbox 1089 2030 1287 2068; x_wconf 89' lang='lat' dir='ltr'>generum.</span> <span class='ocrx_word' id='word_1_393' title='bbox 1318 2018 1406 2056; x_wconf 86' lang='lat' dir='ltr'>Alia</span> <span class='ocrx_word' id='word_1_394' title='bbox 1433 2025 1521 2056; x_wconf 88' lang='lat' dir='ltr'>sunt</span> <span class='ocrx_word' id='word_1_395' title='bbox 1548 2020 1712 2069; x_wconf 77' lang='grc' dir='ltr'><strong>ἀόρατα,</strong></span> <span class='ocrx_word' id='word_1_396' title='bbox 1736 2017 1810 2056; x_wconf 87' lang='grc'><strong>3113</strong></span> <span class='ocrx_word' id='word_1_397' title='bbox 1825 2020 1958 2069; x_wconf 71' lang='grc' dir='ltr'><strong>ὁρατά.</strong></span> <span class='ocrx_word' id='word_1_398' title='bbox 1981 2017 2148 2070; x_wconf 79' lang='grc' dir='ltr'><strong><em>’Λόρατα</em></strong></span> 
     </span>
     <span class='ocr_line' id='line_1_37' title="bbox 206 2070 2151 2121; baseline -0.001 -11"><span class='ocrx_word' id='word_1_399' title='bbox 206 2078 293 2110; x_wconf 86' lang='lat' dir='ltr'>sunt</span> <span class='ocrx_word' id='word_1_400' title='bbox 321 2083 420 2120; x_wconf 88' lang='lat' dir='ltr'>quae</span> <span class='ocrx_word' id='word_1_401' title='bbox 448 2083 522 2110; x_wconf 89' lang='lat' dir='ltr'>nec</span> <span class='ocrx_word' id='word_1_402' title='bbox 551 2070 726 2110; x_wconf 89' lang='lat' dir='ltr'>sensibus</span> <span class='ocrx_word' id='word_1_403' title='bbox 755 2072 951 2121; x_wconf 74' lang='lat' dir='ltr'>obnoxia,</span> <span class='ocrx_word' id='word_1_404' title='bbox 980 2084 1054 2109; x_wconf 89' lang='lat' dir='ltr'>nec</span> <span class='ocrx_word' id='word_1_405' title='bbox 1082 2078 1190 2110; x_wconf 88' lang='lat' dir='ltr'>extra</span> <span class='ocrx_word' id='word_1_406' title='bbox 1217 2072 1381 2109; x_wconf 88' lang='lat' dir='ltr'>verbum</span> <span class='ocrx_word' id='word_1_407' title='bbox 1409 2071 1484 2110; x_wconf 90' lang='lat' dir='ltr'>Dei</span> <span class='ocrx_word' id='word_1_408' title='bbox 1512 2084 1562 2109; x_wconf 89' lang='lat' dir='ltr'>an</span> <span class='ocrx_word' id='word_1_409' title='bbox 1587 2072 1683 2119; x_wconf 82' lang='lat' dir='ltr'>sint,</span> <span class='ocrx_word' id='word_1_410' title='bbox 1713 2070 1798 2121; x_wconf 92' lang='lat' dir='ltr'>vbi,</span> <span class='ocrx_word' id='word_1_411' title='bbox 1826 2070 1945 2121; x_wconf 88' lang='lat' dir='ltr'>quid,</span> <span class='ocrx_word' id='word_1_412' title='bbox 1972 2070 2151 2120; x_wconf 87' lang='lat' dir='ltr'>&amp;qualia</span> 
     </span>
     <span class='ocr_line' id='line_1_38' title="bbox 207 2123 2152 2174; baseline -0.001 -12"><span class='ocrx_word' id='word_1_413' title='bbox 207 2124 282 2162; x_wconf 91' lang='lat' dir='ltr'>sint</span> <span class='ocrx_word' id='word_1_414' title='bbox 323 2127 428 2162; x_wconf 89' lang='lat' dir='ltr'>recte</span> <span class='ocrx_word' id='word_1_415' title='bbox 471 2124 663 2162; x_wconf 86' lang='lat' dir='ltr'>sciuntur:</span> <span class='ocrx_word' id='word_1_416' title='bbox 704 2131 744 2162; x_wconf 89' lang='lat' dir='ltr'>vt</span> <span class='ocrx_word' id='word_1_417' title='bbox 775 2125 1020 2163; x_wconf 89' lang='lat' dir='ltr'>domicilium</span> <span class='ocrx_word' id='word_1_418' title='bbox 1047 2125 1271 2174; x_wconf 84' lang='lat' dir='ltr'>beatorum,</span> <span class='ocrx_word' id='word_1_419' title='bbox 1300 2125 1339 2162; x_wconf 93' lang='lat' dir='ltr'>h.</span> <span class='ocrx_word' id='word_1_420' title='bbox 1370 2137 1402 2162; x_wconf 92' lang='lat' dir='ltr'>e.</span> <span class='ocrx_word' id='word_1_421' title='bbox 1430 2131 1472 2162; x_wconf 91' lang='lat' dir='ltr'>vt</span> <span class='ocrx_word' id='word_1_422' title='bbox 1500 2123 1696 2173; x_wconf 87' lang='lat' dir='ltr'>Scriptura</span> <span class='ocrx_word' id='word_1_423' title='bbox 1724 2124 1922 2173; x_wconf 91' lang='lat' dir='ltr'>loquitur,</span> <span class='ocrx_word' id='word_1_424' title='bbox 1949 2125 2061 2162; x_wconf 90' lang='lat' dir='ltr'>locus</span> <span class='ocrx_word' id='word_1_425' title='bbox 2088 2124 2152 2161; x_wconf 91' lang='lat' dir='ltr'>ille</span> 
     </span>
     <span class='ocr_line' id='line_1_39' title="bbox 208 2175 2153 2228; baseline 0 -14"><span class='ocrx_word' id='word_1_426' title='bbox 208 2177 338 2225; x_wconf 78' lang='grc' dir='ltr'><strong><em>νοητὸς</em></strong></span> <span class='ocrx_word' id='word_1_427' title='bbox 367 2177 493 2226; x_wconf 89' lang='lat' dir='ltr'>primo</span> <span class='ocrx_word' id='word_1_428' title='bbox 522 2176 586 2215; x_wconf 90' lang='lat' dir='ltr'>die</span> <span class='ocrx_word' id='word_1_429' title='bbox 613 2179 635 2214; x_wconf 81' lang='lat' dir='ltr'>a</span> <span class='ocrx_word' id='word_1_430' title='bbox 663 2178 750 2215; x_wconf 92' lang='lat' dir='ltr'>Deo</span> <span class='ocrx_word' id='word_1_431' title='bbox 781 2185 955 2228; x_wconf 83' lang='lat' dir='ltr'>creatus,</span> <span class='ocrx_word' id='word_1_432' title='bbox 984 2177 1260 2227; x_wconf 82' lang='lat' dir='ltr'>incorporeus,</span> <span class='ocrx_word' id='word_1_433' title='bbox 1292 2176 1570 2227; x_wconf 86' lang='lat' dir='ltr'>amplissimus,</span> <span class='ocrx_word' id='word_1_434' title='bbox 1594 2175 1843 2226; x_wconf 79' lang='lat' dir='ltr'>purissimus,</span> <span class='ocrx_word' id='word_1_435' title='bbox 1867 2176 2153 2225; x_wconf 85' lang='lat' dir='ltr'>lucidissimus,</span> 
     </span>
     <span class='ocr_line' id='line_1_40' title="bbox 207 2229 2147 2280; baseline 0.001 -14"><span class='ocrx_word' id='word_1_436' title='bbox 207 2229 303 2266; x_wconf 87' lang='lat' dir='ltr'>nulli</span> <span class='ocrx_word' id='word_1_437' title='bbox 344 2229 550 2268; x_wconf 88' lang='lat' dir='ltr'>mutationi</span> <span class='ocrx_word' id='word_1_438' title='bbox 590 2229 802 2280; x_wconf 85' lang='lat' dir='ltr'>obnoxius,</span> <span class='ocrx_word' id='word_1_439' title='bbox 838 2231 1051 2269; x_wconf 88' lang='lat' dir='ltr'>destinatus</span> <span class='ocrx_word' id='word_1_440' title='bbox 1079 2230 1215 2268; x_wconf 89' lang='lat' dir='ltr'>electis</span> <span class='ocrx_word' id='word_1_441' title='bbox 1244 2229 1406 2279; x_wconf 89' lang='lat' dir='ltr'>Angelis</span> <span class='ocrx_word' id='word_1_442' title='bbox 1433 2232 1468 2268; x_wconf 82' lang='lat'>&amp;</span> <span class='ocrx_word' id='word_1_443' title='bbox 1496 2229 1737 2275; x_wconf 83' lang='lat' dir='ltr'>hominibus,</span> <span class='ocrx_word' id='word_1_444' title='bbox 1768 2229 1835 2268; x_wconf 90' lang='lat' dir='ltr'>vbi</span> <span class='ocrx_word' id='word_1_445' title='bbox 1863 2231 1970 2267; x_wconf 90' lang='lat' dir='ltr'>Deus</span> <span class='ocrx_word' id='word_1_446' title='bbox 1996 2229 2078 2279; x_wconf 91' lang='lat' dir='ltr'>ipse</span> <span class='ocrx_word' id='word_1_447' title='bbox 2107 2241 2147 2267; x_wconf 91' lang='lat' dir='ltr'>se</span> 
     </span>
     <span class='ocr_line' id='line_1_41' title="bbox 207 2282 2149 2333; baseline 0.001 -14"><span class='ocrx_word' id='word_1_448' title='bbox 207 2282 531 2331; x_wconf 86' lang='lat' dir='ltr'>conspiciendum</span> <span class='ocrx_word' id='word_1_449' title='bbox 559 2283 720 2331; x_wconf 86' lang='lat' dir='ltr'>praebet</span> <span class='ocrx_word' id='word_1_450' title='bbox 749 2282 797 2321; x_wconf 87' lang='lat' dir='ltr'>de</span> <span class='ocrx_word' id='word_1_451' title='bbox 827 2284 927 2322; x_wconf 88' lang='lat' dir='ltr'>facie</span> <span class='ocrx_word' id='word_1_452' title='bbox 958 2284 1008 2321; x_wconf 89' lang='lat' dir='ltr'>ad</span> <span class='ocrx_word' id='word_1_453' title='bbox 1039 2283 1191 2322; x_wconf 84' lang='lat' dir='ltr'>faciem.</span> <span class='ocrx_word' id='word_1_454' title='bbox 1219 2284 1280 2321; x_wconf 91' lang='lat' dir='ltr'>De</span> <span class='ocrx_word' id='word_1_455' title='bbox 1306 2283 1547 2333; x_wconf 87' lang='lat' dir='ltr'>Angelorum</span> <span class='ocrx_word' id='word_1_456' title='bbox 1563 2282 1790 2329; x_wconf 71' lang='grc'><strong>0163110116,</strong></span> <span class='ocrx_word' id='word_1_457' title='bbox 1820 2282 1890 2320; x_wconf 88' lang='lat' dir='ltr'>etsi</span> <span class='ocrx_word' id='word_1_458' title='bbox 1904 2293 2030 2331; x_wconf 89' lang='lat' dir='ltr'>neque</span> <span class='ocrx_word' id='word_1_459' title='bbox 2044 2282 2149 2331; x_wconf 91' lang='lat' dir='ltr'>apud</span> 
     </span>
     <span class='ocr_line' id='line_1_42' title="bbox 207 2334 2148 2386; baseline 0.001 -14"><span class='ocrx_word' id='word_1_460' title='bbox 207 2336 383 2382; x_wconf 78' lang='lat' dir='ltr'>Mosem,</span> <span class='ocrx_word' id='word_1_461' title='bbox 411 2346 539 2384; x_wconf 89' lang='lat' dir='ltr'>neque</span> <span class='ocrx_word' id='word_1_462' title='bbox 568 2334 607 2372; x_wconf 92' lang='lat' dir='ltr'>in</span> <span class='ocrx_word' id='word_1_463' title='bbox 634 2341 719 2373; x_wconf 91' lang='lat' dir='ltr'>toto</span> <span class='ocrx_word' id='word_1_464' title='bbox 748 2337 798 2374; x_wconf 92' lang='lat' dir='ltr'>V.</span> <span class='ocrx_word' id='word_1_465' title='bbox 828 2338 875 2374; x_wconf 89' lang='lat' dir='ltr'>T.</span> <span class='ocrx_word' id='word_1_466' title='bbox 905 2337 1086 2386; x_wconf 79' lang='lat' dir='ltr'>expresse</span> <span class='ocrx_word' id='word_1_467' title='bbox 1117 2337 1182 2374; x_wconf 81' lang='lat' dir='ltr'>fiat</span> <span class='ocrx_word' id='word_1_468' title='bbox 1210 2335 1378 2386; x_wconf 80' lang='lat' dir='ltr'>mentio,</span> <span class='ocrx_word' id='word_1_469' title='bbox 1407 2342 1534 2373; x_wconf 88' lang='lat' dir='ltr'>tamen</span> <span class='ocrx_word' id='word_1_470' title='bbox 1567 2337 1638 2374; x_wconf 91' lang='lat' dir='ltr'>sub</span> <span class='ocrx_word' id='word_1_471' title='bbox 1652 2336 1812 2373; x_wconf 91' lang='lat' dir='ltr'>nomine</span> <span class='ocrx_word' id='word_1_472' title='bbox 1828 2335 1925 2373; x_wconf 91' lang='lat' dir='ltr'>caeli</span> <span class='ocrx_word' id='word_1_473' title='bbox 1937 2334 2025 2373; x_wconf 90' lang='lat' dir='ltr'>illos</span> <span class='ocrx_word' id='word_1_474' title='bbox 2041 2347 2148 2373; x_wconf 91' lang='lat' dir='ltr'>com-</span> 
     </span>
     <span class='ocr_line' id='line_1_43' title="bbox 209 2387 2148 2439; baseline 0 -14"><span class='ocrx_word' id='word_1_475' title='bbox 209 2387 398 2437; x_wconf 85' lang='lat' dir='ltr'>prehendi</span> <span class='ocrx_word' id='word_1_476' title='bbox 427 2387 604 2426; x_wconf 87' lang='lat' dir='ltr'>dicimus.</span> <span class='ocrx_word' id='word_1_477' title='bbox 636 2388 732 2425; x_wconf 89' lang='lat' dir='ltr'>Sunt</span> <span class='ocrx_word' id='word_1_478' title='bbox 760 2395 893 2427; x_wconf 90' lang='lat' dir='ltr'>autem</span> <span class='ocrx_word' id='word_1_479' title='bbox 920 2389 981 2439; x_wconf 87' lang='lat' dir='ltr'>hi,</span> <span class='ocrx_word' id='word_1_480' title='bbox 1012 2388 1193 2438; x_wconf 86' lang='lat' dir='ltr'>Spiritus,</span> <span class='ocrx_word' id='word_1_481' title='bbox 1223 2390 1331 2426; x_wconf 81' lang='lat' dir='ltr'>Psal.</span> <span class='ocrx_word' id='word_1_482' title='bbox 1362 2402 1445 2435; x_wconf 90' lang='lat'><strong>104.</strong></span> <span class='ocrx_word' id='word_1_483' title='bbox 1464 2402 1497 2435; x_wconf 89' lang='lat'><strong>4.</strong></span> <span class='ocrx_word' id='word_1_484' title='bbox 1528 2389 1656 2426; x_wconf 83' lang='lat' dir='ltr'>Hebr.</span> <span class='ocrx_word' id='word_1_485' title='bbox 1676 2402 1707 2427; x_wconf 89' lang='lat'><strong>1.</strong></span> <span class='ocrx_word' id='word_1_486' title='bbox 1728 2402 1786 2435; x_wconf 90' lang='lat'>14.</span> <span class='ocrx_word' id='word_1_487' title='bbox 1803 2400 1947 2438; x_wconf 86' lang='lat' dir='ltr'>magno</span> <span class='ocrx_word' id='word_1_488' title='bbox 1961 2399 2148 2437; x_wconf 86' lang='lat' dir='ltr'>numero,</span> 
     </span>
     <span class='ocr_line' id='line_1_44' title="bbox 208 2440 2147 2491; baseline 0.001 -14"><span class='ocrx_word' id='word_1_489' title='bbox 208 2442 317 2478; x_wconf 64' lang='lat' dir='ltr'>Dan.</span> <span class='ocrx_word' id='word_1_490' title='bbox 350 2452 383 2489; x_wconf 86' lang='lat'><strong>7.</strong></span> <span class='ocrx_word' id='word_1_491' title='bbox 418 2454 477 2480; x_wconf 90' lang='lat'><strong>10.</strong></span> <span class='ocrx_word' id='word_1_492' title='bbox 520 2441 667 2478; x_wconf 81' lang='lat' dir='ltr'>Mattlz.</span> <span class='ocrx_word' id='word_1_493' title='bbox 701 2442 761 2478; x_wconf 89' lang='lat'><strong>26.</strong></span> <span class='ocrx_word' id='word_1_494' title='bbox 792 2452 853 2491; x_wconf 84' lang='lat'><strong>53.</strong></span> <span class='ocrx_word' id='word_1_495' title='bbox 900 2443 1003 2480; x_wconf 85' lang='lat' dir='ltr'><strong>Heb.</strong></span> <span class='ocrx_word' id='word_1_496' title='bbox 1039 2455 1097 2479; x_wconf 90' lang='lat'>12.</span> <span class='ocrx_word' id='word_1_497' title='bbox 1130 2455 1191 2479; x_wconf 89' lang='lat'>22.</span> <span class='ocrx_word' id='word_1_498' title='bbox 1219 2442 1254 2478; x_wconf 86' lang='lat'>&amp;</span> <span class='ocrx_word' id='word_1_499' title='bbox 1285 2447 1392 2479; x_wconf 92' lang='lat' dir='ltr'>certo</span> <span class='ocrx_word' id='word_1_500' title='bbox 1421 2440 1580 2491; x_wconf 88' lang='lat' dir='ltr'>ordine,</span> <span class='ocrx_word' id='word_1_501' title='bbox 1610 2443 1752 2491; x_wconf 72' lang='lat' dir='ltr'>Ephes.</span> <span class='ocrx_word' id='word_1_502' title='bbox 1785 2455 1817 2479; x_wconf 93' lang='lat'><strong>1.</strong></span> <span class='ocrx_word' id='word_1_503' title='bbox 1849 2454 1908 2478; x_wconf 92' lang='lat'>21</span> <span class='ocrx_word' id='word_1_504' title='bbox 1941 2442 2083 2481; x_wconf 75' lang='lat' dir='ltr'>Coloss.</span> <span class='ocrx_word' id='word_1_505' title='bbox 2116 2455 2147 2478; x_wconf 89' lang='lat'><strong>1.</strong></span> 
     </span>
     <span class='ocr_line' id='line_1_45' title="bbox 214 2493 2147 2545; baseline 0.001 -16"><span class='ocrx_word' id='word_1_506' title='bbox 214 2494 271 2530; x_wconf 90' lang='lat'>16.</span> <span class='ocrx_word' id='word_1_507' title='bbox 319 2507 352 2531; x_wconf 89' lang='lat'><strong>2.</strong></span> <span class='ocrx_word' id='word_1_508' title='bbox 388 2495 480 2532; x_wconf 77' lang='lat' dir='ltr'>Tlce.</span> <span class='ocrx_word' id='word_1_509' title='bbox 509 2507 544 2540; x_wconf 91' lang='lat'>4.</span> <span class='ocrx_word' id='word_1_510' title='bbox 579 2494 641 2530; x_wconf 89' lang='lat'><strong>16.</strong></span> <span class='ocrx_word' id='word_1_511' title='bbox 671 2493 799 2542; x_wconf 91' lang='lat' dir='ltr'>primo</span> <span class='ocrx_word' id='word_1_512' title='bbox 829 2494 916 2545; x_wconf 87' lang='grc'><strong>(116,</strong></span> <span class='ocrx_word' id='word_1_513' title='bbox 944 2507 992 2533; x_wconf 85' lang='lat' dir='ltr'>ex</span> <span class='ocrx_word' id='word_1_514' title='bbox 1018 2493 1140 2532; x_wconf 90' lang='lat' dir='ltr'>nihilo</span> <span class='ocrx_word' id='word_1_515' title='bbox 1170 2496 1193 2531; x_wconf 87' lang='grc'>3</span> <span class='ocrx_word' id='word_1_516' title='bbox 1220 2495 1306 2533; x_wconf 92' lang='lat' dir='ltr'>Deo</span> <span class='ocrx_word' id='word_1_517' title='bbox 1335 2493 1475 2539; x_wconf 77' lang='lat' dir='ltr'>creati,</span> <span class='ocrx_word' id='word_1_518' title='bbox 1503 2495 1581 2532; x_wconf 81' lang='lat' dir='ltr'><strong>Iob.</strong></span> <span class='ocrx_word' id='word_1_519' title='bbox 1608 2496 1669 2542; x_wconf 82' lang='lat'><strong>38.</strong></span> <span class='ocrx_word' id='word_1_520' title='bbox 1688 2508 1723 2541; x_wconf 89' lang='lat'>4.</span> <span class='ocrx_word' id='word_1_521' title='bbox 1742 2506 1775 2542; x_wconf 93' lang='lat'><strong>7.</strong></span> <span class='ocrx_word' id='word_1_522' title='bbox 1804 2495 1913 2532; x_wconf 78' lang='lat' dir='ltr'>Psal.</span> <span class='ocrx_word' id='word_1_523' title='bbox 1933 2507 1990 2541; x_wconf 90' lang='lat'><strong>14.</strong></span> <span class='ocrx_word' id='word_1_524' title='bbox 2007 2495 2042 2531; x_wconf 84' lang='lat'><strong>8.</strong></span> <span class='ocrx_word' id='word_1_525' title='bbox 2061 2507 2096 2532; x_wconf 87' lang='lat'><strong>2.</strong></span> <span class='ocrx_word' id='word_1_526' title='bbox 2110 2507 2147 2542; x_wconf 88' lang='grc'>3.</span> 
     </span>
     <span class='ocr_line' id='line_1_46' title="bbox 210 2544 2149 2597; baseline 0.001 -14"><span class='ocrx_word' id='word_1_527' title='bbox 210 2546 375 2594; x_wconf 88' lang='lat' dir='ltr'>praediti</span> <span class='ocrx_word' id='word_1_528' title='bbox 415 2553 499 2585; x_wconf 90' lang='lat' dir='ltr'>tum</span> <span class='ocrx_word' id='word_1_529' title='bbox 540 2544 680 2584; x_wconf 86' lang='lat' dir='ltr'>eximia</span> <span class='ocrx_word' id='word_1_530' title='bbox 721 2547 906 2585; x_wconf 86' lang='lat' dir='ltr'>facultate</span> <span class='ocrx_word' id='word_1_531' title='bbox 949 2546 1209 2597; x_wconf 88' lang='lat' dir='ltr'>intelligendi,</span> <span class='ocrx_word' id='word_1_532' title='bbox 1251 2549 1285 2585; x_wconf 73' lang='grc' dir='ltr'>δι</span> <span class='ocrx_word' id='word_1_533' title='bbox 1326 2546 1541 2597; x_wconf 88' lang='lat' dir='ltr'>iudicandi,</span> <span class='ocrx_word' id='word_1_534' title='bbox 1583 2554 1664 2584; x_wconf 89' lang='lat' dir='ltr'>tum</span> <span class='ocrx_word' id='word_1_535' title='bbox 1704 2547 1743 2585; x_wconf 90' lang='lat' dir='ltr'>vi</span> <span class='ocrx_word' id='word_1_536' title='bbox 1773 2545 1893 2585; x_wconf 90' lang='lat' dir='ltr'>libere</span> <span class='ocrx_word' id='word_1_537' title='bbox 1920 2545 2149 2597; x_wconf 85' lang='lat' dir='ltr'>eligendi&amp;</span> 
     </span>
     <span class='ocr_line' id='line_1_47' title="bbox 208 2598 2150 2659; baseline 0.002 -24"><span class='ocrx_word' id='word_1_538' title='bbox 208 2598 417 2647; x_wconf 79' lang='lat' dir='ltr'>respuendi</span> <span class='ocrx_word' id='word_1_539' title='bbox 458 2599 519 2637; x_wconf 92' lang='lat' dir='ltr'>vel</span> <span class='ocrx_word' id='word_1_540' title='bbox 562 2600 714 2637; x_wconf 86' lang='lat' dir='ltr'>bonum</span> <span class='ocrx_word' id='word_1_541' title='bbox 755 2601 819 2637; x_wconf 94' lang='lat' dir='ltr'>vel</span> <span class='ocrx_word' id='word_1_542' title='bbox 861 2601 1028 2659; x_wconf 77' lang='lat' dir='ltr'>malum,</span> <span class='ocrx_word' id='word_1_543' title='bbox 1072 2599 1333 2638; x_wconf 89' lang='lat' dir='ltr'>immutabiles</span> <span class='ocrx_word' id='word_1_544' title='bbox 1373 2599 1587 2638; x_wconf 88' lang='lat' dir='ltr'>secundum</span> <span class='ocrx_word' id='word_1_545' title='bbox 1625 2599 1852 2649; x_wconf 85' lang='lat' dir='ltr'>essentiam,</span> <span class='ocrx_word' id='word_1_546' title='bbox 1881 2601 1915 2637; x_wconf 87' lang='lat'>&amp;</span> <span class='ocrx_word' id='word_1_547' title='bbox 1944 2598 2150 2638; x_wconf 90' lang='lat' dir='ltr'>mutabiles</span> 
     </span>
     <span class='ocr_line' id='line_1_48' title="bbox 210 2629 2150 2702; baseline 0.001 -14"><span class='ocrx_word' id='word_1_548' title='bbox 210 2652 429 2689; x_wconf 89' lang='lat' dir='ltr'>secundum</span> <span class='ocrx_word' id='word_1_549' title='bbox 473 2664 556 2690; x_wconf 91' lang='lat' dir='ltr'>esse</span> <span class='ocrx_word' id='word_1_550' title='bbox 583 2652 645 2689; x_wconf 90' lang='lat' dir='ltr'>vel</span> <span class='ocrx_word' id='word_1_551' title='bbox 672 2651 879 2700; x_wconf 87' lang='lat' dir='ltr'>qualitates</span> <span class='ocrx_word' id='word_1_552' title='bbox 906 2653 1093 2702; x_wconf 90' lang='lat' dir='ltr'>ipsorum.</span> <span class='ocrx_word' id='word_1_553' title='bbox 1138 2652 1193 2690; x_wconf 93' lang='lat' dir='ltr'>Hi</span> <span class='ocrx_word' id='word_1_554' title='bbox 1220 2659 1285 2690; x_wconf 86' lang='lat' dir='ltr'>aut</span> <span class='ocrx_word' id='word_1_555' title='bbox 1312 2652 1408 2690; x_wconf 92' lang='lat' dir='ltr'>boni</span> <span class='ocrx_word' id='word_1_556' title='bbox 1434 2659 1543 2702; x_wconf 81' lang='lat' dir='ltr'>sunt,</span> <span class='ocrx_word' id='word_1_557' title='bbox 1571 2659 1637 2690; x_wconf 90' lang='lat' dir='ltr'>aut</span> <span class='ocrx_word' id='word_1_558' title='bbox 1664 2652 1768 2691; x_wconf 90' lang='lat' dir='ltr'>mali.</span> <span class='ocrx_word' id='word_1_559' title='bbox 1808 2629 1870 2690; x_wconf 82' lang='lat' dir='ltr'>Illi</span> <span class='ocrx_word' id='word_1_560' title='bbox 1896 2658 1984 2690; x_wconf 90' lang='lat' dir='ltr'>sunt</span> <span class='ocrx_word' id='word_1_561' title='bbox 2011 2651 2078 2701; x_wconf 91' lang='lat' dir='ltr'>qui</span> <span class='ocrx_word' id='word_1_562' title='bbox 2109 2651 2150 2689; x_wconf 91' lang='lat' dir='ltr'>in</span> 
     </span>
     <span class='ocr_line' id='line_1_49' title="bbox 208 2702 2148 2756; baseline 0.001 -15"><span class='ocrx_word' id='word_1_563' title='bbox 208 2702 389 2750; x_wconf 87' lang='lat' dir='ltr'>veritate,</span> <span class='ocrx_word' id='word_1_564' title='bbox 433 2704 473 2742; x_wconf 92' lang='lat' dir='ltr'>in</span> <span class='ocrx_word' id='word_1_565' title='bbox 513 2715 592 2753; x_wconf 88' lang='lat' dir='ltr'>qua</span> <span class='ocrx_word' id='word_1_566' title='bbox 634 2705 790 2743; x_wconf 86' lang='lat' dir='ltr'>fuerunt</span> <span class='ocrx_word' id='word_1_567' title='bbox 817 2707 840 2743; x_wconf 78' lang='lat' dir='ltr'>a</span> <span class='ocrx_word' id='word_1_568' title='bbox 869 2706 957 2744; x_wconf 92' lang='lat' dir='ltr'>Deo</span> <span class='ocrx_word' id='word_1_569' title='bbox 995 2704 1134 2755; x_wconf 88' lang='lat' dir='ltr'>creati,</span> <span class='ocrx_word' id='word_1_570' title='bbox 1163 2704 1432 2756; x_wconf 88' lang='lat' dir='ltr'>perstiterunt,</span> <span class='ocrx_word' id='word_1_571' title='bbox 1460 2705 1537 2744; x_wconf 90' lang='lat' dir='ltr'>Dei</span> <span class='ocrx_word' id='word_1_572' title='bbox 1564 2705 1688 2755; x_wconf 86' lang='lat' dir='ltr'>gratia</span> <span class='ocrx_word' id='word_1_573' title='bbox 1714 2713 1808 2744; x_wconf 91' lang='lat' dir='ltr'>tunc</span> <span class='ocrx_word' id='word_1_574' title='bbox 1836 2704 1891 2743; x_wconf 87' lang='lat' dir='ltr'>sic</span> <span class='ocrx_word' id='word_1_575' title='bbox 1918 2704 2080 2754; x_wconf 89' lang='lat' dir='ltr'>firmati,</span> <span class='ocrx_word' id='word_1_576' title='bbox 2107 2711 2148 2742; x_wconf 88' lang='lat' dir='ltr'>vt</span> 
     </span>
     <span class='ocr_line' id='line_1_50' title="bbox 209 2756 2150 2847; baseline 0.001 -53"><span class='ocrx_word' id='word_1_577' title='bbox 209 2767 343 2794; x_wconf 88' lang='lat' dir='ltr'>verum</span> <span class='ocrx_word' id='word_1_578' title='bbox 387 2759 421 2795; x_wconf 87' lang='lat'>&amp;</span> <span class='ocrx_word' id='word_1_579' title='bbox 465 2757 617 2795; x_wconf 91' lang='lat' dir='ltr'>bonum</span> <span class='ocrx_word' id='word_1_580' title='bbox 651 2758 804 2796; x_wconf 75' lang='lat' dir='ltr'>tantum</span> <span class='ocrx_word' id='word_1_581' title='bbox 837 2765 1061 2797; x_wconf 85' lang='lat' dir='ltr'>constanter</span> <span class='ocrx_word' id='word_1_582' title='bbox 1088 2759 1438 2809; x_wconf 85' lang='lat' dir='ltr'>amplecterentur,</span> <span class='ocrx_word' id='word_1_583' title='bbox 1467 2759 1502 2796; x_wconf 86' lang='lat'>&amp;</span> <span class='ocrx_word' id='word_1_584' title='bbox 1531 2769 1634 2797; x_wconf 89' lang='lat' dir='ltr'>nunc</span> <span class='ocrx_word' id='word_1_585' title='bbox 1661 2758 1714 2797; x_wconf 89' lang='lat' dir='ltr'>ita</span> <span class='ocrx_word' id='word_1_586' title='bbox 1741 2757 2046 2847; x_wconf 85' lang='lat' dir='ltr'>confirmati,th</span> <span class='ocrx_word' id='word_1_587' title='bbox 2072 2756 2150 2795; x_wconf 87' lang='lat' dir='ltr'>iam</span> 
     </span>
    </p>

    <p class='ocr_par' dir='ltr' id='par_1_8' title="bbox 2012 2810 2150 2848">
     <span class='ocr_line' id='line_1_51' title="bbox 2012 2810 2150 2848; baseline -0.007 0"><span class='ocrx_word' id='word_1_588' title='bbox 2012 2810 2150 2848; x_wconf 90' lang='lat' dir='ltr'>eficere</span> 
     </span>
    </p>
   </div>
  </div>
 </body>
</html>
