2334 3020
232 105 304 143 160
856 116 1074 143 ‘russas
1114 117 1536 146 rnssonoorcAE.

281 234 317 269 9.
372 219 453 257 Etsi
495 226 623 257 autem
653 227 729 256 tam
760 221 1023 271 contingentia
1052 234 1167 271 quam
1197 223 1434 262 necessaria:
1463 225 1586 262 Emori.
1618 237 1677 261 21.
1712 236 1768 272 13.
1798 230 1876 260 tarn
1906 225 2008 261 mala
2033 226 2149 273 quam

226 275 329 310 bona
363 275 385 309 a
424 272 554 308 diuma
592 273 838 321 prouidentia
865 275 1034 322 pendere
1064 278 1194 313 sancte
1224 287 1313 313 cum
1342 276 1537 325 Scriptura
1565 289 1799 314 asseramus:
1830 277 1926 313 Esa.
1957 287 2020 325 45.
2051 287 2086 323 7.
2116 289 2150 314 2.

228 325 332 362 Sam.
367 337 423 360 12.
459 337 515 361 12.
547 325 629 362 ler.
659 336 720 374 50.
753 336 810 374 25.
840 327 921 363 &a
951 339 1029 364 non
1059 334 1187 364 tamen
1217 339 1306 364 cum
1336 328 1475 366 Stoicis
1504 331 1633 377 (prout
1661 329 1820 378 quidam
1844 328 1933 365 huic
1949 328 2151 366 doctrinae

230 375 414 413 inuidiam
452 376 634 415 facientes
679 378 974 426 calumniantur)
1012 380 1132 416 fatum
1170 379 1329 428 aliquod
1358 380 1631 431 imaginamur,
1659 388 1725 419 aut
1751 381 2018 419 necessitatem
2049 393 2151 418 com-

230 428 467 465 miniscimur
494 441 541 466 ex
568 438 754 478 perpetuo
785 442 986 468 causarum
1015 443 1116 469 nexu
1143 433 1178 469 &
1206 431 1392 482 implicita
1419 434 1588 481 quadam
1617 433 1713 472 serie
1742 433 1893 482 quaein
1908 440 2044 471 natura
2059 446 2150 470 con-

225 481 410 518 tineatur:
454 482 521 519 sed
566 483 692 519 Deum
730 482 999 521 constituimus
1036 483 1245 535 arbitrum,
1278 498 1324 522 ac
1353 488 1641 524 moderatorem
1669 487 1862 535 omnium7
1891 485 1956 535 qui
1984 498 2055 535 pro
2084 498 2151 523 sua

227 533 415 582 sapientia
453 533 657 583 ineffabili,
698 537 748 572 ab
789 543 948 574 aeterno
985 536 1158 574 decreuit
1191 538 1298 586 quod
1326 539 1495 576 facturus
1523 545 1638 586 esset,
1668 540 1702 576 &
1731 551 1834 576 nunc
1862 550 1930 576 sua
1957 538 2151 588 potentia7

227 587 335 634 quod
372 586 564 635 decreuit7
604 588 816 636 exequitur.
860 588 938 637 Qui
974 588 1077 626 enim
1105 589 1394 628 Prouidentiam
1422 590 1497 628 Dei
1525 591 1728 628 includunt
1755 591 1793 628 in
1822 598 1980 628 naturae
2009 590 2151 627 influxu

227 640 262 676 &
290 639 370 675 fato
402 640 480 676 hoc
508 641 622 688 plane
650 641 777 687 fatuo,
807 639 830 689 ij
861 644 952 679 sane
979 643 1108 679 Deum
1137 654 1206 680 sua
1233 642 1357 692 gloria
1383 643 1580 681 fraudant:
1609 644 1644 680 &
1674 643 1820 693 seipsos
1841 643 2039 681 vtilissima
2062 644 2151 681 doc-

226 690 345 728 trina:
375 691 465 739 quia
492 691 586 729 nihil
614 692 772 731 homine
801 693 993 744 miserius7
1021 694 1053 732 si
1080 695 1130 732 ad
1157 694 1351 744 quoslibet
1377 696 1476 733 coeli
1504 698 1861 745 elementort'1mque
1889 704 2016 734 motus
2037 708 2153 745 expo-

227 742 320 781 situs
355 744 472 781 foret:
508 744 631 794 adde,
667 747 774 794 quod
811 747 889 784 hoc
916 754 1031 796 pacto
1060 760 1133 785 nec
1161 754 1324 797 paterno
1351 748 1427 785 Dei
1454 748 1600 797 fauori„
1628 761 1701 786 nec
1729 748 1878 787 iudiciis
1905 750 2015 787 locus
2044 748 2152 786 relin-

227 795 375 845 quitur:
414 809 460 833 ac
494 796 525 834 si
553 798 795 836 foecunditas
822 799 933 837 vnius
960 800 1051 837 anni
1078 812 1158 837 non
1185 808 1285 838 esset
1313 799 1513 850 singularis
1541 800 1616 839 Dei
1641 801 1888 839 benedictio:
1917 800 2078 851 penuria
2106 814 2153 838 ac

226 850 346 886 fames
371 861 450 886 non
480 857 579 887 esset
608 851 851 900 maledictio,
887 853 955 890 sed
983 852 1112 902 potius
1139 859 1297 891 naturae
1325 853 1510 892 influxus:
1539 855 1627 891 cum
1658 861 1784 892 tamen
1814 855 1921 892 Deus
1947 853 1984 891 in
2009 855 2094 903 lege
2117 855 2151 891 &

225 901 261 938 in
292 901 494 950 Prophetis
524 903 674 952 saepius
703 904 934 953 pronunciet
961 918 1002 942 se
1031 905 1089 943 his
1118 905 1253 943 mediis
1281 906 1443 955 gratiam
1471 918 1579 944 suam
1607 908 1643 944 δε
1675 906 1885 944 vindictam
1915 906 2058 944 testari.

286 967 342 990 10.
400 955 488 992 Non
519 955 644 993 minus
672 956 813 995 insulse
844 957 1061 995 doctrinam
1090 959 1192 996 hanc
1219 966 1464 1008 oppugnant,
1491 958 1559 1008 qui
1579 960 1652 997 sub
1666 966 1865 1008 praetextu
1882 958 2152 997 Prouidentiae

230 1006 301 1044 Dei
344 1007 568 1045 vniuersalis
610 1021 656 1046 ac
696 1010 956 1060 particularis,
1000 1023 1136 1049 omnes
1178 1012 1366 1049 humanas
1401 1011 1721 1059 deliberationes,
1758 1011 2099 1060 correctionesque
2132 1013 2153 1048 e

226 1059 355 1096 medio
384 1061 536 1098 tollunt.
566 1061 683 1098 Aliud
712 1063 827 1111 plane
855 1075 927 1101 nos
943 1064 1059 1101 docet
1076 1064 1283 1101 Salomon:
1304 1063 2008 1114 Corlzominis,inquitffogitatviam
2025 1077 2153 1112 suam,

226 1112 275 1148 ἐφ’
302 1113 494 1149 Dominus
537 1115 682 1162 dirzjget
711 1129 873 1163 gressus
908 1118 997 1154 eius.
1037 1117 1151 1154 Prou.
1186 1118 1244 1154 16.
1273 1114 1312 1154 6:
1347 1116 1566 1167 significans
1593 1117 1758 1155 aeternis
1787 1117 1862 1155 Dei
1888 1116 2052 1154 decretis
2079 1129 2152 1154 nos

227 1163 385 1202 minime
426 1165 604 1214 impediri
644 1179 723 1215 quo
766 1168 891 1207 minus
935 1171 1007 1207 sub
1049 1169 1129 1207 eius
1173 1170 1392 1218 voluntate,
1420 1171 1455 1207 δι
1484 1169 1765 1219 prospiciamus
1793 1169 1927 1219 nobis,
1956 1171 1991 1207 δι
2019 1169 2151 1207 omnia

225 1224 357 1254 nostra
385 1218 663 1267 dispensemus.
694 1222 830 1270 Neque
861 1221 899 1259 id
930 1221 1132 1260 manifesta
1159 1230 1264 1260 caret
1291 1223 1450 1261 ratione.
1480 1224 1657 1272 Namque
1686 1222 1717 1260 is
1744 1222 1812 1272 qui
1841 1223 1957 1260 vitam
1980 1229 2153 1260 nostram

223 1269 299 1306 suis
343 1271 512 1308 terminis
552 1271 744 1320 limitauit.
783 1274 862 1312 eius
899 1274 1011 1312 simul
1039 1286 1173 1312 curam
1202 1275 1306 1324 apud
1336 1288 1409 1313 nos
1440 1275 1637 1325 deposuit:
1667 1274 1926 1324 periculorum
1958 1274 2154 1324 praescios

224 1322 334 1359 fecit:
373 1335 420 1360 ne
453 1323 631 1362 incautos
659 1325 943 1376 opprimerent,
973 1327 1172 1365 cautiones
1201 1340 1247 1365 ac
1278 1328 1448 1366 remedia
1476 1328 1695 1378 suggessit„
1713 1328 1853 1377 quibus
1881 1327 2154 1365 Prouidentiae

224 1374 304 1411 eius
346 1376 653 1426 subseruiamus,
687 1379 725 1416 in
761 1380 941 1429 propriae
970 1380 1070 1418 vitae
1099 1380 1417 1419 conseruatione:
1449 1381 1781 1430 quemadmodum
1811 1387 1948 1418 contra
1976 1381 2153 1429 neglectu

223 1428 259 1464 &
289 1428 485 1477 socordia,
517 1442 562 1467 ea
589 1442 688 1478 quae
717 1431 830 1469 nobis
860 1432 1023 1470 iniunxit
1051 1435 1174 1481 mala,
1204 1432 1275 1482 ipsi
1303 1433 1417 1471 nobis
1447 1433 1694 1472 accersimus.
1730 1435 1779 1471 Et
1806 1433 1896 1471 ideo
1924 1445 1997 1470 nos
2028 1434 2152 1470 celare

224 1481 350 1517 futura
391 1481 524 1519 omnia
564 1483 685 1521 voluit
721 1485 849 1533 Deus,
878 1493 918 1522 vt
946 1493 1130 1535 tanquam
1159 1485 1287 1523 dubiis
1316 1498 1586 1535 occurramus,
1616 1498 1743 1535 neque
1771 1485 1992 1524 desinamus
2019 1493 2151 1535 parata

224 1532 394 1570 remedia
423 1546 642 1585 opponere,
671 1537 798 1574 donec
826 1545 890 1575 aut
918 1546 1097 1587 superata
1124 1537 1282 1587 fuerint,
1311 1546 1397 1586 aut,
1427 1551 1585 1577 omnem
1615 1550 1747 1576 curam
1776 1538 2051 1588 superauerint.

283 1598 338 1622 11.
394 1586 520 1636 Magis
561 1589 691 1625 adhuc
733 1589 896 1628 dilutum
929 1599 987 1628 est
1022 1592 1057 1629 &
1086 1592 1292 1640 profanum
1321 1592 1549 1641 figmentum
1579 1593 1811 1640 multorum,
1840 1591 1906 1640 qui
1932 1589 2150 1628 admirabili

224 1637 298 1675 Dei
340 1639 607 1678 Prouidentiae
648 1643 775 1680 velum
820 1644 1078 1681 obtendentes
1114 1644 1258 1681 nudam
1298 1644 1591 1693 praescientiam
1628 1645 1908 1693 praetendunt.
1937 1654 2102 1691 eamque
2129 1644 2152 1679 a

222 1691 423 1729 voluntate
460 1704 526 1730 seu
556 1694 734 1741 decreto.
767 1707 833 1732 seu
861 1696 1063 1745 proposito
1092 1695 1166 1733 Dei
1193 1703 1352 1734 aeterno
1381 1696 1592 1734 seiunctam
1623 1708 1760 1735 causae
1789 1696 1978 1734 rationem
2006 1696 2152 1733 habere

224 1743 377 1780 volunt:
407 1755 507 1793 quae
535 1752 664 1784 tamen
694 1760 761 1795 per
790 1760 830 1786 se
858 1761 974 1786 causa
1003 1760 1131 1787 rerum
1161 1750 1267 1786 nullo
1297 1749 1417 1787 modo
1448 1762 1533 1787 esse¹
1558 1756 1704 1798 potest:
1733 1762 1793 1787 res
1822 1749 1925 1787 enim
1954 1761 2034 1786 non
2065 1755 2153 1785 sunt

221 1796 391 1845 futurae,
419 1797 604 1846 quoniam
635 1800 741 1837 Deus
771 1801 949 1849 praesciit
975 1800 1057 1839 illas
1085 1802 1248 1846 futuras,
1277 1802 1345 1839 sed
1374 1802 1464 1850 quia
1492 1802 1664 1840 decreuit
1693 1804 1860 1852 futuras,
1888 1801 2034 1839 idcirco
2064 1808 2152 1838 sunt

220 1847 326 1896 ipsae
354 1849 524 1899 suturae,
553 1853 588 1889 δι
616 1851 697 1902 ipse
728 1853 871 1890 futuras
900 1854 983 1891 illas
1010 1853 1186 1903 praescit.
1215 1856 1346 1892 Taceo
1378 1854 1592 1904 Epicuveos
1620 1854 1686 1903 qui
1712 1856 1841 1893 Deum
1870 1853 2151 1892 otiosuminer—

222 1903 378 1949 te'mque
408 1903 621 1941 somniant:
649 1905 823 1954 aliosque
850 1906 971 1944 nihilo
999 1907 1190 1955 saniores„
1220 1907 1285 1956 qui
1314 1907 1406 1944 olim
1434 1907 1645 1945 commenti
1673 1914 1761 1945 sunt
1791 1908 1919 1945 Deum
1947 1907 1999 1944 ita
2029 1905 2151 1943 domi-

222 1953 304 1990 nari
333 1965 448 2003 supra
479 1957 647 1994 mediam
677 1957 773 1995 aeris
801 1959 1018 2008 regionem,
1049 1968 1088 1997 vt
1117 1959 1298 1997 inferiora
1325 1960 1421 1997 haec
1449 1961 1626 1998 fortunae
1654 1960 1907 2009 relinqueret,
1937 1959 1967 1997 si
1995 1958 2151 2008 quidem

220 2006 405 2044 aduersus
433 2015 511 2045 tam
541 2009 762 2048 euidentem
793 2010 980 2050 insaniam
1009 2011 1098 2050 satis
1126 2013 1294 2050 clamant
1321 2020 1450 2050 mutae
1478 2012 1583 2062 ipsae
1612 2020 1822 2050 creaturae.

279 2072 337 2096 12.
393 2060 667 2100 Prouidentiae
698 2063 864 2102 Diuinae
886 2065 1044 2113 fructus
1073 2064 1164 2103 licet
1191 2065 1283 2113 varij
1314 2065 1406 2108 sint.
1436 2076 1615 2114 peneque
1642 2065 1964 2108 innumerabiles„
1991 2071 2152 2114 possunt

221 2118 349 2149 tamen
379 2113 428 2150 ad
457 2114 529 2152 hos
558 2127 732 2153 summos
759 2116 858 2154 duos
887 2117 1108 2155 summatim
1137 2117 1281 2155 reduci.
1309 2118 1415 2167 prior
1443 2125 1519 2165 estq
1548 2119 1655 2166 quod
1685 2117 1862 2155 homines
1889 2117 1979 2155 inde
2003 2117 2153 2154 discant

221 2163 311 2201 satis
348 2167 516 2214 amplam
556 2169 827 2207 benefaciendi
863 2170 1087 2208 facultatem
1124 2183 1242 2220 penes
1275 2170 1401 2220 ipsum
1430 2183 1525 2208 esse.
1568 2171 1788 2219 Secundus,
1818 2171 1923 2219 quod
1952 2171 2085 2207 secure
2112 2168 2151 2205 in

222 2216 302 2253 eius
331 2219 578 2266 protectione
608 2221 808 2269 quiescere
835 2222 948 2269 licet,
976 2223 1084 2261 cuius
1112 2222 1272 2261 arbitrio
1301 2236 1437 2261 omnes
1465 2222 1686 2272 subiacent,
1716 2235 1815 2272 quae
1842 2223 1997 2260 aliunde
2025 2221 2152 2260 formi-

221 2268 305 2306 dari
349 2280 538 2319 possunt,
583 2286 730 2318 noxae„
772 2274 880 2312 cuius
917 2276 1086 2325 denique
1118 2275 1281 2325 imperio
1318 2288 1396 2313 non
1436 2287 1546 2314 secus
1574 2289 1619 2313 ac
1647 2277 1781 2314 fraeno
1810 2281 2011 2314 coercetur
2037 2276 2151 2312 Satan

220 2333 309 2359 cum
341 2323 525 2361 omnibus
554 2325 630 2363 suis
659 2326 902 2366 satellitibus.
930 2341 1002 2367 nec
1031 2331 1123 2366 sane
1150 2329 1260 2366 aliter
1290 2327 1430 2378 corrigi
1459 2329 1519 2366 vel
1547 2328 1672 2366 sedari
1699 2336 1862 2377 possunt
1888 2326 2089 2366 immodici
2116 2328 2151 2364 δι

221 2375 476 2423 superstitiosi
518 2385 661 2427 metus,
695 2391 795 2427 quos
832 2380 997 2420 subinde
1032 2394 1078 2419 ex
1106 2381 1365 2431 periculorum
1393 2380 1548 2419 obiectu
1577 2381 1841 2432 concipimus,
1870 2382 1987 2430 quam
2016 2379 2047 2417 si
2074 2392 2151 2417 me-

220 2426 345 2464 moria
380 2440 535 2479 semper
571 2437 792 2478 teneamus„
823 2446 901 2471 non
932 2434 1132 2472 erraticam
1161 2434 1222 2471 vel
1251 2433 1486 2483 potentiam,
1515 2434 1575 2472 vel
1603 2433 1818 2483 actionem,
1847 2435 1909 2471 vel
1937 2432 2149 2471 motionem

220 2491 303 2516 esse
332 2479 370 2517 in
400 2482 602 2531 creaturis,
627 2496 701 2521 nec
731 2485 835 2523 enim
864 2487 1040 2525 fatalem:
1070 2487 1139 2524 sed
1164 2493 1322 2524 aeterno
1350 2485 1423 2524 Dei
1451 2485 1615 2524 consilio
1644 2486 1695 2523 ita
1719 2486 1820 2536 regi,
1837 2493 1875 2524 vt
1891 2485 1985 2523 nihil
2000 2484 2151 2522 eueniat

218 2532 290 2569 nisi
328 2533 377 2570 ab
413 2533 499 2583 ipso
529 2535 674 2574 sciente
703 2537 738 2574 δε
769 2539 925 2577 volente
955 2540 1167 2577 decretum.
1209 2538 1328 2576 Cuius
1357 2540 1534 2576 voluntas
1562 2538 1767 2577 iustissima
1796 2547 1853 2577 est
1881 2537 1995 2576 nobis
2023 2547 2150 2574 rerum

219 2583 397 2622 omnium
428 2599 562 2625 causa:
594 2601 672 2626 non
702 2588 767 2627 illa
798 2590 956 2640 quidem
986 2593 1165 2630 absoluta
1192 2593 1389 2640 voluntas,
1418 2592 1467 2629 de
1496 2603 1572 2640 qua
1599 2591 1770 2641 garriunt
1794 2588 2151 2641 Sophistae,impio

218 2637 466 2687 profanoque
504 2640 662 2678 dissidio
707 2651 934 2691 separantes
972 2643 1054 2681 cius
1090 2643 1268 2682 iustitiam
1298 2646 1319 2681 a
1348 2643 1541 2693 potentia:
1571 2645 1638 2681 sed
1667 2644 1730 2682 illa
1759 2642 1995 2682 moderatrix
2024 2653 2150 2680 rerum

219 2688 392 2727 omnium
438 2693 703 2742 Prouidentia,
750 2698 772 2731 a
803 2708 877 2744 qua
906 2697 975 2734 nisi
1005 2703 1154 2734 rectum
1184 2705 1313 2734 manat
1340 2697 1517 2745 quamuis
1545 2697 1658 2734 nobis
1686 2696 1936 2734 absconditae
1966 2696 2039 2733 sint
2067 2693 2152 2731 rati-

219 2753 315 2778 ones
345 2743 425 2780 eius
458 2747 496 2792 (f.
533 2748 657 2794 1641).

1863 2802 2010 2838 XVIII.
2065 2800 2101 2836 D
2117 2800 2151 2836 E
