2334 3020
815 131 1038 159 ‘russas
1080 129 1511 160 Tnuonoorcaa.
2044 133 2117 172 311

180 241 346 279 aliorum
381 240 469 290 alij:
513 238 645 277 omnia
675 238 846 288 denique
875 241 1065 287 Ioannes,
1111 239 1177 289 qui
1207 238 1392 276 omnibus
1430 237 1640 288 superuixit
1669 237 1759 284 diu,
1804 237 1959 277 diuinae
1992 240 2125 278 docuit

182 293 422 332 auctoritatis
451 305 548 331 esse.

236 357 296 396 54.
352 347 605 396 Quapropter
644 344 891 382 vetustissimi
921 345 1066 394 quique
1096 347 1228 382 Patres
1258 357 1324 382 eos
1353 345 1458 394 ipsos
1485 345 1627 393 libros,
1657 344 1705 381 de
1733 344 1875 393 quibus
1903 345 2122 384 dubitatum

180 407 238 437 est
275 403 298 437 a
337 399 556 447 nonnullis,
600 405 639 435 vt
675 397 890 435 canonicos
928 399 1200 437 adduxerunt:
1244 398 1280 435 &
1317 399 1501 436 Irenaeus
1531 397 1644 436 etiam
1678 398 1884 435 confirmat
1912 401 2045 436 sancte
2073 400 2124 437 de

179 452 280 491 libro
305 453 629 502 Apocalypseos:
659 451 888 500 praesertim
919 463 967 488 eo
998 452 1180 496 nomine,
1209 451 1317 501 quod
1345 451 1523 500 proxime
1553 450 1710 488 Ioannis
1737 457 1917 499 tempora
1945 452 2121 503 vixisset,

181 508 215 544 δι
252 509 468 557 συγχρόνως
495 504 720 542 audiuisset.

234 569 296 607 55.
353 559 538 596 CAETERI
574 556 656 595 siue
694 556 782 595 libri
819 557 899 594 siue
933 557 1122 595 librorum
1152 563 1279 607 partes
1312 556 1379 606 qui
1407 564 1610 606 praetcrea
1638 556 1675 594 in
1706 564 1836 594 vetere
1866 558 2121 596 Testamento

177 617 350 659 exstant,
393 623 472 648 non
511 610 633 648 diuini
672 610 784 648 liuius
821 617 907 647 sunt
944 610 1128 660 canonis,
1171 611 1239 648 sed
1278 610 1379 648 illius
1417 609 1704 658 Ecclesiastici,
1745 610 1794 647 de
1823 621 1900 659 quo
1930 611 2124 661 principio

180 664 422 701 dicebamus.

232 719 294 766 56.
351 717 607 754 Demonstrat
636 715 731 753 illud
762 716 932 765 Synopsi
960 716 1216 762 Athanasius,
1251 716 1317 765 qui
1346 716 1488 754 diserte
1516 716 1634 754 alium
1664 728 1747 754 esse
1780 717 2052 754 Hebraeorum
2082 718 2120 754 in

177 770 432 807 Testamento
468 777 600 807 vetere
637 781 831 807 canonem
867 768 1045 818 agnoscit
1083 782 1105 807 a
1141 769 1269 820 prisca
1307 769 1484 807 Ecclesia
1516 771 1686 817 cultum,
1729 769 1846 807 alium
1877 770 2122 808 Graecorum

178 822 214 859 δι
244 821 474 872 posterioris
504 822 719 860 Ecclesiae.

233 886 294 925 57.
351 875 406 913 Hi
434 874 537 913 enim
566 875 676 923 libri,
714 875 863 913 Esdrae
892 874 1026 913 tertius
1055 875 1090 912 &
1120 883 1295 925 quartus,
1336 875 1480 917 Tobit,
1519 875 1670 926 Iudith,
1706 876 1851 925 Baruc,
1888 875 2013 914 oratio
2042 877 2123 914 Ma-

176 928 320 977 nassis,
349 928 606 977 Machabaei,
631 927 848 978 Sapientia,
878 928 1195 970 Ecclesiasticus,
1225 940 1373 977 eaeque
1388 928 1579 966 librorum
1595 935 1725 977 partes
1740 940 1839 977 quae
1854 930 1904 966 ad
1921 929 2125 967 Danielem

177 982 212 1019 δι
243 982 384 1019 Esther
412 982 589 1020 adiectae
619 988 730 1029 sunt,
773 993 846 1019 nec
875 980 913 1019 in
942 981 1070 1030 prisca
1093 981 1158 1019 illa
1187 981 1366 1019 Ecclesia
1393 982 1547 1019 fuerunt
1574 982 1776 1029 canonici,
1813 995 1886 1020 nec
1915 985 1938 1019 a
1966 982 2124 1020 Christo

177 1042 241 1071 aut
278 1034 480 1084 Apostolis
521 1034 602 1072 eius
641 1034 824 1084 producti
861 1034 1183 1084 sanctificatique.
1240 1034 1306 1072 Isti
1338 1041 1491 1084 autem,
1521 1033 1702 1072 canonici
1730 1047 1814 1073 esse
1842 1043 1908 1073 aut
1935 1035 2012 1073 dici
2042 1049 2125 1073 non

179 1094 344 1137 possunt
372 1087 508 1126 diuino
538 1100 704 1126 canone.

233 1143 295 1190 58.
352 1141 429 1179 Sed
459 1154 588 1179 canon
618 1140 778 1190 quidam
808 1140 1108 1179 Ecclesiasticus
1139 1140 1323 1191 inualuit,
1357 1152 1437 1190 quo
1466 1139 1528 1178 isti
1556 1151 1715 1189 quoque
1746 1139 1832 1179 libri
1861 1140 1898 1179 in
1927 1154 2124 1180 canonem

180 1193 383 1231 Ecclesiae
412 1195 566 1232 fuerunt
595 1193 770 1244 cooptati
799 1194 920 1242 idque
949 1193 1064 1231 certis
1093 1194 1143 1232 de
1171 1193 1318 1244 causis,
1346 1198 1536 1242 certoque
1565 1194 1702 1231 modo.

233 1257 293 1296 59.
352 1247 504 1285 Causae
542 1248 698 1285 fuerunt
727 1247 846 1296 duae,
876 1247 1122 1285 consuetudo
1149 1254 1325 1296 recepta,
1354 1253 1473 1296 atque
1500 1246 1655 1284 vtilitas.

231 1301 295 1337 60.
352 1300 638 1338 Consuetudo:
668 1299 759 1349 quia
786 1299 864 1337 iam
895 1299 989 1337 olim
1016 1299 1089 1337 ista
1116 1299 1251 1337 Bibliis
1279 1299 1443 1338 Graecis
1472 1306 1722 1338 accesserunt
1751 1312 1851 1349 quae
1880 1300 1918 1338 in
1944 1301 2124 1340 manibus

178 1360 270 1390 tunc
300 1353 458 1391 fuerunt
485 1353 678 1391 omniurn.
720 1353 897 1402 Ideoque
926 1352 1148 1402 periculosa
1176 1352 1354 1391 Patribus
1382 1352 1465 1390 visa
1492 1360 1551 1391 est
1578 1353 1806 1391 innouati0:
1838 1354 2007 1393 maxime
2034 1368 2124 1393 cum

176 1406 354 1455 plerique
380 1419 461 1444 non
490 1406 706 1445 admodum
732 1405 910 1444 Hebraei
934 1412 1061 1444 textus
1086 1405 1199 1455 periti
1223 1413 1363 1445 essent.
1407 1407 1457 1443 Et
1481 1405 1654 1444 ostendit
1676 1413 1859 1455 euentus,
1882 1410 2000 1456 quam
2026 1410 2125 1446 male

175 1459 226 1496 de
264 1459 339 1496 hac
380 1471 498 1497 causa
534 1459 804 1508 Hieronymus
840 1458 878 1496 in
910 1460 1030 1510 vulgo
1058 1459 1275 1509 audiuerit,
1318 1460 1428 1509 quod
1458 1461 1722 1509 Apocryphos
1750 1460 1871 1498 libros
1899 1468 1966 1498 aut
1994 1468 2123 1511 partes

176 1512 317 1550 nothas
347 1513 575 1563 configeret.

227 1566 290 1603 61.
348 1565 525 1604 Vtilitas:
555 1565 647 1615 quia
676 1565 736 1604 isti
764 1576 925 1615 quoque
954 1564 1045 1604 libri
1072 1566 1123 1604 ad
1152 1566 1409 1604 commodam
1438 1577 1570 1603 rerum
1598 1579 1799 1605 sacrarum
1829 1566 2124 1617 intelligentiam

179 1617 247 1656 visi
276 1625 366 1656 sunt
394 1618 607 1668 pertinere,
636 1618 668 1656 si
696 1620 798 1658 bene
828 1626 1078 1668 usurpentur.

231 1673 294 1709 62.
350 1672 495 1710 Modus
531 1675 625 1710 vero
654 1672 724 1710 fuit
753 1672 835 1721 hie,
865 1672 973 1721 quod
1008 1684 1136 1722 neque
1163 1672 1320 1711 diuinae
1348 1671 1590 1710 auctoritatis
1621 1672 1743 1712 habiti
1772 1680 1884 1722 sunt,
1927 1686 2055 1723 neque
2084 1674 2123 1712 in

177 1724 354 1763 Ecclesia
382 1732 581 1775 tamquam
610 1724 744 1763 diuina
771 1725 1001 1763 auctoritate
1039 1725 1232 1775 propositi
1267 1725 1335 1764 sed
1373 1727 1524 1764 tantum
1561 1725 1599 1763 in
1635 1727 1772 1764 schola
1808 1727 2121 1776 catechumenis,

178 1785 219 1816 vt
246 1777 394 1816 ibidem
423 1778 530 1816 testis
559 1785 616 1817 est
644 1777 893 1817 Athanasius.

232 1832 293 1880 63.
351 1833 483 1880 Atque
511 1831 576 1870 hic
605 1831 765 1881 quidem
795 1844 925 1870 canon
954 1838 1037 1869 tum
1065 1830 1135 1869 fuit
1159 1831 1395 1882 tolerabilis,
1423 1843 1544 1881 quum
1569 1833 1698 1872 modis
1723 1832 1968 1871 euidentibus
1993 1835 2124 1872 Patres

178 1884 300 1922 libros
330 1884 485 1923 diuinos
514 1884 765 1935 Apocryphis
794 1885 894 1932 fide,
923 1885 1085 1935 ordine,
1110 1897 1182 1923 vsu
1210 1892 1528 1934 anteposuerunt.

232 1939 294 1984 64.
355 1937 432 1975 Sed
459 1945 602 1976 euentu
633 1939 846 1976 damnosus
874 1937 946 1976 fuit
976 1938 1177 1977 Ecclesiae
1206 1937 1282 1976 Dei
1310 1939 1504 1976 humanus
1532 1938 1603 1977 iste
1632 1951 1783 1989 canon,
1813 1951 1934 1989 quum
1961 1940 2124 1978 increuit

178 1992 511 2040 Apocryphorum
541 1990 734 2030 librorum
763 1991 994 2041 auctoritas,
1026 1993 1062 2030 ἃ
1090 1993 1208 2030 falsus
1236 2004 1365 2029 canon
1391 1992 1579 2041 opinione
1602 1994 1773 2031 humana
1797 1992 2044 2032 constitutus.

230 2045 292 2093 65.
350 2045 452 2081 Nam
481 2057 553 2094 pro
584 2057 632 2082 eo
662 2045 771 2094 quod
801 2044 860 2082 isti
891 2044 979 2082 libri
1009 2045 1139 2095 aliqua
1167 2044 1421 2094 auctoritate,
1451 2052 1490 2083 at
1518 2058 1599 2084 non
1629 2045 1781 2083 diuina:
1811 2046 1847 2083 δι
1868 2057 1939 2084 suo
1965 2046 2124 2096 ordine,

178 2103 216 2134 at
244 2109 324 2134 non
355 2099 545 2135 confuso:
576 2098 611 2134 δε
639 2097 677 2136 in
709 2098 845 2137 schola
874 2098 1088 2148 noscendi,
1117 2106 1156 2137 at
1185 2111 1266 2137 non
1295 2098 1333 2136 in
1363 2098 1541 2137 Ecclesia
1565 2099 1752 2137 credendi
1775 2100 2122 2148 proponebantur:

179 2150 340 2188 tandem
369 2149 564 2200 posterior
596 2150 774 2189 Ecclesia
804 2151 977 2189 diuinam
1006 2151 1079 2189 illis
1108 2152 1382 2190 auctoritatem
1408 2156 1743 2203 communemque
1767 2152 1948 2191 ordinem
1972 2164 2061 2191 cum
2086 2153 2124 2190 in

178 2203 334 2253 schola,
363 2211 446 2241 tum
473 2203 512 2241 in
542 2203 721 2242 Ecclesia
750 2203 993 2255 promiscue,
1023 2204 1199 2243 instituto
1230 2206 1361 2255 malo,
1390 2203 1523 2254 peiore
1551 2208 1752 2255 exemplo,
1781 2206 1952 2256 pessimo
1981 2214 2124 2244 euentu

180 2256 388 2306 arrogauit.

229 2310 292 2346 66.
350 2310 457 2358 Quas
488 2310 540 2347 ob
570 2322 632 2348 res
661 2311 753 2348 cum
785 2310 1085 2349 Ecclesiasticus
1113 2311 1176 2349 ille
1205 2323 1334 2349 canon
1364 2311 1523 2349 humani
1552 2310 1713 2356 instituti
1743 2311 1811 2360 sit,
1846 2325 1927 2350 non
1956 2325 2019 2363 re,
2054 2313 2123 2350 sed

177 2369 319 2400 euentu
347 2361 463 2400 mali:
507 2362 570 2400 hic
601 2366 695 2402 vero
728 2362 884 2401 vltimus
919 2377 959 2402 re
991 2365 1026 2402 &
1056 2370 1198 2402 euentu
1225 2364 1538 2414 indignissimus:
1577 2364 1732 2403 diuinae
1760 2365 1983 2404 auctoritati
2011 2366 2122 2404 obse-

177 2422 362 2464 quentes,
402 2428 524 2453 vnum
565 2416 672 2454 illum
713 2415 927 2466 scripturae
966 2430 1160 2456 canonem
1198 2417 1281 2466 di(f.
1312 2417 1563 2466 1771)uinum
1591 2419 1865 2468 agnoscimus,
1907 2430 2024 2468 quem
2050 2418 2124 2469 pri-

178 2467 309 2506 mitiua
350 2469 526 2507 Ecclesia
572 2469 832 2519 proximaque
874 2470 1018 2508 Christi
1061 2472 1096 2509 δε
1139 2472 1424 2520 Apostolorum
1464 2472 1619 2521 seculo,
1662 2472 1739 2509 fide
1776 2474 1981 2522 amplexa,
2021 2472 2123 2510 vitae

177 2521 352 2560 instituto
381 2529 565 2572 sequuta,
608 2522 780 2572 denique
808 2523 1068 2561 consensione
1099 2523 1270 2562 maxima
1299 2524 1477 2574 religiose
1504 2525 1679 2574 professa
1707 2532 1777 2563 est.

2029 2840 2116 2878 DE
