2334 3020
858 122 1125 149 EIRENICI
1169 122 1308 149 PARS
1352 123 1376 150 1.
2019 124 2093 161 443

205 229 334 268 Huius
377 236 508 268 autem
551 229 701 267 ordinis
745 242 863 279 quem
900 231 1008 268 Deus
1043 229 1081 267 in
1119 228 1321 268 domicilio
1358 240 1430 268 suo
1470 228 1692 279 constituit,
1723 228 1869 278 duplex
1899 235 1957 268 est
1986 225 2105 268 ratio'

152 285 259 332 Vna,
298 282 482 332 simplex,
521 283 700 332 propria,
731 285 766 321 δι
795 282 1035 333 necessaria,
1061 284 1198 329 altera,
1230 283 1453 333 composita
1479 282 1612 332 figuris
1643 283 1678 320 &
1708 282 1962 333 ceremoniis,
1992 290 2110 332 atque

153 336 424 375 ambulatoria.
453 336 585 384 Quam
614 342 818 384 vtramque
847 335 1038 375 rationem
1067 336 1249 375 distincte
1277 337 1385 374 Deus
1413 336 1546 386 posuit
1570 335 1608 373 in
1632 335 1759 385 prisca
1775 335 1956 374 Ecclesia
1969 337 2108 375 Iudae-

153 401 280 428 orum.
310 391 441 428 Partes
469 391 563 427 vero
592 401 664 438 pro
696 389 845 428 ratione
875 389 1021 428 obiecti
1050 390 1173 428 duae:
1203 391 1294 428 Vna
1322 389 1477 439 Ciuilis,
1502 389 1552 427 ad
1568 400 1698 427 rerum
1715 389 1973 427 humanarum
1988 389 2109 428 admi-

153 442 424 481 nistrationem
466 449 668 492 spectans:
708 443 828 481 altera
858 442 1156 492 Ecclesiastica,
1185 443 1236 481 ad
1263 454 1394 481 rerum
1423 454 1619 482 sacrarum
1647 442 1978 492 procurationem.
2022 445 2107 481 Has

153 496 252 534 duas
279 503 409 545 partes
439 496 657 533 secundum
686 502 895 545 vtrumque
924 496 1088 534 modum
1117 508 1234 546 quem
1264 498 1354 535 ante
1384 495 1701 546 perstrinximus,
1722 496 1919 545 Propheta
1933 495 2108 546 attingit,

154 548 288 587 dicens
321 547 490 598 primum
520 548 679 598 quidem
709 549 760 587 de
788 550 906 588 rebus
935 549 1054 588 sacris
1083 550 1118 587 &
1147 549 1304 599 diuinis,
1333 550 1400 587 lbz'
1425 551 1621 588 considere
1648 550 1809 587 thronos
1837 551 1938 596 inm&
1964 549 2107 588 deinde

153 605 247 640 vero
277 602 326 640 de
355 601 557 650 humanis,
599 602 745 640 Ibidem
776 615 854 640 esse
882 604 1044 641 thronos
1071 604 1203 641 domui
1227 604 1416 642 Dauidis.
1446 604 1699 652 Quapropter
1726 609 1769 640 vt
1797 601 1971 652 singulae
1994 602 2108 641 huius

154 667 287 693 versus
315 661 445 705 partes
479 654 616 693 meliuS
646 654 930 705 intelligantur,
961 655 1132 706 primum
1162 655 1519 695 administrationes
1547 655 1634 693 illae
1663 668 1710 694 ex
1739 655 1958 705 Prophetae
1979 656 2109 695 verbis

154 708 454 758 distinguendae
482 715 590 758 sunt3
620 711 710 758 post
739 708 954 747 videndum
975 709 1070 759 quid
1086 709 1134 748 sit
1149 710 1258 759 quod
1274 709 1324 747 de
1339 709 1412 748 illis
1428 708 1830 748 administrationibus
1845 708 2102 758 praedicatur.

207 763 269 800 Ac
295 761 465 811 primum
494 761 653 811 quidem
683 761 723 800 id
751 774 912 801 necesse
941 769 998 801 est
1026 762 1251 813 obseruari,
1279 762 1635 801 administrationes
1663 761 1926 811 metonymice
1947 763 2106 802 throno-

155 828 242 854 rum
271 815 333 853 vel
360 814 549 853 soliorum
580 815 843 865 appellatione
872 815 1078 866 designari.
1106 817 1256 854 Notum
1286 823 1345 854 est
1373 828 1441 855 eos
1470 815 1537 866 qui
1565 815 1812 854 iuridicundo
1840 822 2044 866 praesunt,
2073 818 2109 855 &

155 868 253 907 alios
289 867 357 918 qui
391 867 623 906 auctoritate
659 869 908 918 praeualent,
939 883 987 907 ex
1017 868 1122 907 soliis
1151 882 1340 919 responsa
1367 869 1463 908 dare
1490 868 1806 908 consulentibus·
1836 870 1872 908 &
1901 869 1999 908 solia
2027 882 2110 908 esse

153 921 264 972 iuris,
288 921 551 971 auctoritatis,
581 923 616 960 &
644 922 848 972 potestatis
877 921 996 972 signa.
1029 923 1129 961 Cum
1159 922 1289 972 itaque
1314 924 1510 972 Propheta
1547 935 1629 960 non
1647 921 1758 960 vnius
1773 921 1903 960 throni
1918 930 1984 961 aut
2001 923 2109 974 solij,

154 975 224 1014 sed
251 974 513 1024 complurium
542 975 789 1022 meminerit,
816 988 864 1014 eo
894 975 1154 1026 significatum
1182 975 1306 1014 voluit
1334 978 1358 1014 a
1385 977 1473 1014 Deo
1502 988 1584 1014 esse
1600 981 1814 1025 potestates
1834 982 1876 1013 vt
1891 977 2107 1026 Apostolus

154 1028 205 1067 ad
245 1030 453 1066 Romanos
491 1027 646 1080 scribit,
689 1042 776 1079 cap.
820 1041 879 1078 13.
918 1043 955 1067 v.
989 1043 1020 1066 1.
1052 1030 1088 1066 &
1117 1028 1297 1067 ordinem
1326 1029 1427 1068 inter
1455 1035 1667 1079 potestates
1695 1028 1800 1078 ipsas
1828 1029 2104 1076 constitutum,

157 1093 323 1131 quarum
365 1081 463 1119 solia
503 1089 614 1132 sunt,
658 1095 705 1120 ac
747 1084 952 1131 postremo
993 1081 1173 1121 ordinem
1209 1082 1381 1132 ipsarum
1419 1083 1470 1121 ad
1497 1095 1565 1120 eos
1590 1082 1732 1131 quibus
1760 1083 1980 1131 praefectae
2008 1090 2108 1122 sunt.

155 1136 378 1174 Potestates
418 1142 549 1173 autem
598 1136 688 1173 611111
744 1135 933 1186 dicimus,
984 1136 1200 1174 secundum
1251 1135 1443 1174 rationem
1481 1134 1826 1174 administrationis
1866 1135 1966 1174 illius
2008 1147 2108 1186 quae

156 1187 247 1239 ipsis
275 1187 486 1226 commissa
513 1195 593 1239 est,
622 1189 804 1227 volumus
832 1189 971 1239 accipi.
1013 1190 1116 1227 Nam
1144 1190 1234 1227 cum
1264 1196 1438 1239 potestas
1466 1190 1574 1227 nulla
1603 1189 1652 1227 sit
1678 1188 1751 1227 nisi
1778 1191 1801 1227 a
1829 1189 1939 1240 Deo,
1967 1189 2007 1228 id
2035 1202 2107 1239 pro

155 1248 262 1280 certo
300 1241 416 1280 nobis
452 1242 680 1280 habendum
710 1248 788 1290 est,
817 1243 942 1280 solam
971 1243 1060 1281 Deo
1082 1249 1326 1292 potestatem
1355 1254 1454 1292 quae
1479 1241 1560 1280 sine
1589 1241 1783 1292 principio
1812 1249 1892 1291 est,
1921 1241 2003 1281 sine
2031 1244 2109 1281 fine

155 1308 257 1345 esse,
286 1295 322 1334 &
350 1307 433 1333 non
462 1296 590 1333 solum
618 1297 799 1345 temp0(f.
831 1298 990 1345 718)re,
1020 1295 1276 1334 verumetiam
1304 1308 1346 1334 re
1374 1295 1458 1346 ipsa
1486 1299 1544 1344 (vt
1571 1296 1802 1345 loquuntur)
1832 1295 2107 1334 indetermina-

154 1356 252 1387 tam:
296 1349 331 1386 E
371 1348 526 1387 diuerso
568 1355 699 1387 autem
741 1360 831 1387 cum
869 1348 1042 1399 reliquae
1076 1355 1289 1399 potestates
1328 1348 1564 1399 principium
1601 1351 1624 1387 a
1651 1350 1740 1387 Deo
1770 1349 1962 1400 habeant,
1992 1349 2107 1388 etiam

155 1401 297 1440 finibus
325 1401 403 1440 suis
433 1401 749 1452 circumscriptas
776 1414 882 1453 esse,
912 1404 947 1441 &
975 1402 1182 1441 limitatum
1210 1404 1269 1452 (vt
1298 1404 1458 1451 vocant)
1488 1414 1621 1440 earum
1650 1402 1828 1441 modum.

206 1456 278 1493 Est
306 1462 436 1494 autem
463 1454 565 1493 inter
591 1455 772 1494 homines
800 1462 1038 1505 potestatum
1065 1455 1105 1494 in
1134 1456 1209 1494 hac
1236 1455 1316 1494 vita
1343 1456 1487 1494 modus
1516 1455 1563 1504 (si
1590 1456 1692 1494 bene
1714 1455 1941 1507 obseruaui)
1954 1456 2106 1506 triplex.

154 1508 305 1547 Primus
348 1515 426 1559 est,
464 1520 584 1557 quem
618 1509 847 1559 Philosophi
884 1509 1056 1548 dictione
1085 1510 1239 1548 Graeca
1267 1508 1498 1547 δεσποτικὸν
1526 1509 1842 1559 appellauerunt:
1885 1510 2109 1560 Secundus,

156 1573 274 1612 quem
309 1561 524 1600 πολιτικὸν.
566 1562 742 1612 Tertius,
781 1574 898 1612 quem
928 1562 1160 1614 ὑπηρετικὸν
1188 1570 1345 1601 vocant.
1386 1562 1643 1612 Despoticam
1671 1562 1752 1601 siue
1780 1561 2022 1601 dominicam
2053 1565 2110 1613 (vt

154 1627 245 1654 cum
279 1614 557 1654 Iureconsultis
586 1616 743 1665 loquar)
771 1615 901 1666 potius
931 1627 1017 1653 earn
1054 1617 1319 1667 appellamus,
1349 1627 1453 1665 quae
1479 1616 1535 1654 sic
1550 1617 1733 1655 absoluta
1749 1622 1826 1667 est,
1854 1623 1897 1655 ut
1911 1623 1995 1655 tota
2009 1616 2109 1655 illius

155 1669 254 1707 ratio
283 1681 332 1707 ex
359 1669 562 1707 voluntate
589 1668 691 1708 illius
719 1670 890 1720 pendeat
917 1667 984 1719 qui
1011 1668 1195 1709 dominus
1223 1677 1302 1719 est,
1333 1668 1429 1707 citra
1457 1670 1577 1708 vllam
1605 1669 1693 1708 iutis
1722 1668 1824 1708 illius
1838 1680 1929 1707 cum
1944 1670 2108 1709 subditis

155 1720 570 1760 communicationem.
610 1724 742 1773 Atque
769 1723 868 1761 haec
897 1723 936 1761 in
965 1721 1234 1772 Tyrannicam
1263 1721 1400 1762 transit
1428 1722 1635 1773 facillime,
1666 1734 1756 1761 cum
1784 1722 1968 1762 dominus
1990 1723 2110 1774 pleni-

153 1775 290 1814 tudine
331 1774 538 1825 potestatis
578 1787 670 1814 suae
712 1779 769 1825 (vt
806 1788 897 1814 cum
937 1776 1057 1826 vulgo
1095 1777 1251 1827 loquar)
1290 1775 1474 1814 abutitur.
1515 1776 1720 1815 Politicam
1758 1783 1993 1826 potestatem
2021 1790 2107 1816 earn

154 1830 417 1879 appellamus,
447 1840 548 1877 quae
577 1836 838 1896 temperatum
867 1831 987 1869 habet
1015 1828 1235 1868 dominium
1265 1841 1356 1868 cum
1387 1841 1524 1868 eorum
1553 1831 1620 1880 qui
1648 1831 1812 1869 subsunt
1835 1831 2058 1882 voluntate,
2074 1832 2110 1870 81

154 1893 362 1921 consensu.
391 1883 427 1920 T
430 1882 512 1931 ert1J
541 1885 636 1922 vere
660 1883 815 1933 generis
843 1888 1097 1933 potestatem,
1126 1894 1243 1932 quarn
1274 1882 1593 1922 ministratoriam
1611 1883 1741 1922 dicere
1756 1894 1986 1935 possumus,
2000 1884 2109 1922 intel-

153 1935 308 1987 ligimus
335 1948 420 1974 eam
453 1947 553 1985 quae
584 1936 776 1975 voluntati
803 1937 952 1976 alienae
980 1942 1064 1974 tota
1092 1937 1341 1987 obsequitur:
1371 1949 1418 1974 ac
1445 1937 1613 1987 proinde
1640 1937 1779 1988 partim
1808 1949 1856 1975 ex
1879 1937 2108 1996 superioris,

155 1991 178 2027 a
214 2000 295 2039 quo
339 1988 513 2027 instituta
549 1997 629 2041 est,
657 1991 859 2029 voluntate
888 1992 994 2041 leges
1023 1989 1186 2041 accipit,
1215 1995 1436 2042 partimque
1468 1991 1661 2029 voluntati
1690 2001 1827 2029 eorum
1856 1989 1923 2040 qui
1947 1992 2111 2030 subsunt

156 2043 507 2093 accommodatur,
548 2042 768 2094 interdum,
810 2046 846 2083 &
886 2050 1205 2092 contemperatur
1245 2043 1544 2103 quodammodo
1580 2044 1630 2082 ad
1671 2043 1875 2082 vtilitatem
1916 2043 2106 2094 ipsorum.

153 2095 329 2134 Primum
359 2106 482 2146 genus
510 2098 534 2133 a
561 2096 680 2136 solius
709 2097 948 2136 dominantis
976 2096 1122 2155 pendet
1137 2097 1317 2148 arbitrio,
1346 2108 1412 2147 qul
1427 2097 1477 2136 ad
1489 2110 1530 2136 se
1545 2096 1969 2148 respicit&vtilitatem
1983 2109 2108 2137 suam.

154 2149 381 2188 Secundum
424 2149 572 2199 pendet
613 2163 637 2188 a
678 2150 844 2189 consilio
888 2148 1098 2201 praecipue
1133 2150 1392 2201 dominantis,
1429 2151 1758 2201 subditorumque
1786 2151 2042 2202 secundarie,
2071 2152 2107 2190 &

153 2202 312 2252 respicit
347 2202 398 2240 ad
435 2201 639 2242 vtilitatem
668 2204 878 2254 publicam.
918 2203 1095 2243 Tertium
1132 2205 1183 2242 ab
1211 2204 1385 2255 vtrisque
1418 2204 1584 2255 pendet,
1613 2206 1936 2254 voluntatemque
1965 2205 2107 2244 horum

155 2257 191 2294 δι
231 2256 388 2294 1110111111
426 2263 576 2305 spectat
615 2257 788 2307 legitime
829 2259 881 2296 ad
918 2257 1122 2296 vtilitatem
1158 2257 1349 2296 omnium.
1392 2259 1525 2307 Atque
1552 2258 1651 2296 haec
1679 2257 1839 2308 quidem
1868 2264 2107 2307 potestatum

153 2322 298 2369 genera
339 2309 371 2347 si
406 2320 498 2347 cum
533 2317 727 2359 potestate
764 2312 841 2350 Dei
878 2317 1177 2361 comparentur,
1214 2312 1329 2361 plane
1358 2311 1523 2349 subsunt
1550 2311 1743 2350 voluntati
1771 2310 1892 2349 illius:
1923 2311 1991 2350 sed
2019 2313 2108 2351 Deo

153 2362 221 2412 qui
250 2369 307 2401 est
333 2375 404 2412 per
437 2375 477 2400 se
504 2364 561 2411 (vt
588 2362 642 2401 ita
670 2363 815 2414 dicam)
844 2363 1214 2414 sufficientissimus,
1240 2365 1422 2424 adeoque
1450 2364 1535 2414 ipsa
1563 2364 1602 2402 in
1630 2378 1670 2404 se
1694 2364 1945 2415 sufficientia,
1959 2366 2107 2404 nullam

151 2415 357 2454 vtilitatem
393 2415 588 2455 adferunt.
631 2416 699 2455 Sin
727 2425 857 2457 autem
887 2418 1106 2456 secundum
1136 2430 1196 2469 se,
1226 2425 1267 2456 vt
1295 2417 1396 2457 inter
1424 2417 1604 2456 homines
1633 2424 1744 2468 sunt,
1773 2417 2016 2457 considerari
2043 2432 2107 2458 eas

154 2468 367 2519 placuerit,
395 2468 569 2507 Primum
596 2482 741 2521 genus,
771 2478 812 2510 vt
840 2472 947 2522 apud
976 2469 1156 2509 homines
1184 2478 1409 2521 vsurpatur,
1437 2472 1670 2522 plerumque
1697 2471 1813 2509 nimis
1840 2479 1898 2510 est
1926 2472 2108 2523 αὐτοκρα-

154 2522 330 2573 τορικὸν,
374 2523 410 2560 &
451 2522 610 2561 brutum
651 2523 787 2563 nescio
825 2524 921 2574 quid
967 2524 1154 2562 aduersus
1181 2531 1360 2563 naturam
1388 2525 1505 2575 sapit:
1547 2525 1714 2564 Caetera
1741 2532 1824 2563 111111
1853 2524 1891 2563 111
1922 2524 2108 2564 societate

153 2576 324 2613 humana
359 2575 498 2614 ordine
534 2575 698 2626 publico
731 2577 1056 2616 conuenientiora
1090 2576 1272 2616 videntur
1307 2591 1411 2629 esse,
1440 2584 1524 2616 tum
1551 2578 1668 2616 etiarn
1697 2580 1721 2617 a
1746 2579 1836 2616 Deo
1863 2578 1903 2616 in
1933 2578 2108 2639 regendo

152 2629 302 2678 populo
333 2628 474 2679 ipsius,
505 2635 693 2680 tanquam
721 2630 908 2681 aequiora
936 2633 973 2670 &
1001 2637 1162 2669 naturae
1190 2631 1384 2670 humanae
1413 2631 1536 2683 magis
1552 2639 1818 2670 consentanea
1833 2631 2108 2671 fuerunt1nst1

152 2687 256 2719 tuta·
287 2681 377 2720 611111
406 2682 472 2721 illa
499 2689 673 2733 potestas
699 2684 865 2735 imperio
894 2683 1033 2724 mentis
1048 2684 1304 2736 respondeat,
1319 2685 1418 2724 haec
1434 2685 1863 2736 sensuum&corp0ris
1878 2684 2106 2724 ministerio.

155 2733 219 2772 Sic
247 2741 377 2773 autem
407 2735 582 2774 instituta
610 2743 723 2787 sunt,
752 2744 794 2776 vt
821 2737 1004 2788 politicus
1032 2737 1132 2776 ordo
1162 2743 1371 2799 vtrumque
1398 2751 1520 2798 genus
1550 2738 1752 2799 potestatis
1780 2752 1820 2776 111
1849 2752 1890 2777 se
1904 2739 2105 2777 habuerit.

155 2787 454 2827 Ecclesiasticus
482 2791 576 2828 vero
604 2796 814 2830 contentus
842 2790 954 2830 fuerit
983 2792 1069 2830 solo
1098 2791 1399 2844 ministratorio,
1430 2792 1522 2842 quia
1550 2793 1588 2830 in
1618 2791 1768 2831 ratione
1797 2791 1996 2831 Ecclesiae
2026 2793 2106 2830 Do-

1976 2845 2104 2884 minus
