2334 3020
216 66 290 110 488
906 66 1171 97 EIRENICI
1216 70 1354 97 PARS
1397 67 1449 96 11.

213 180 262 217 de
290 191 376 217 rore
403 178 616 216 secundum
645 183 821 214 naturam
850 179 873 213 a
902 178 1020 226 vulgo
1050 176 1259 226 percipitur
1287 175 1503 224 diciturque
1531 176 1636 214 idem
1660 178 1682 213 a
1708 176 1778 226 piis
1801 178 1851 216 de
1866 178 1975 216 bono
1990 177 2151 227 spiritali

213 232 351 270 dicitur
391 229 679 280 percipiturque
707 229 745 267 in
774 229 1052 268 communione
1081 237 1325 268 sanctorum:
1368 230 1418 268 ab
1446 229 1490 267 iis
1517 232 1725 280 propterea
1749 243 1829 269 non
1857 230 2067 281 percipitur
2094 234 2150 279 (vt

212 287 300 322 ante
342 283 582 331 dicebamus)
623 282 714 332 quia
754 281 1015 332 percipiendis
1056 281 1127 320 illis
1167 283 1281 332 plane
1318 281 1438 332 inepti
1474 288 1581 333 sunt,
1616 282 1744 321 donec
1772 283 1933 335 regeniti
1961 283 2101 323 fuerint
2126 286 2150 322 a

214 337 400 375 Domino.

265 392 402 448 Neque
430 391 522 427 vero
551 388 615 426 hic
642 400 801 426 necesse
830 395 906 439 est,
936 395 975 426 vt
1003 387 1286 438 amplissimum
1314 388 1423 426 illum
1451 388 1781 439 laetissimumque
1810 401 1995 449 campum
2022 390 2148 428 bono-

214 456 298 481 rum
339 441 566 501 spiritalium
609 441 881 491 decurramus,
923 442 959 479 Sc
1000 453 1299 491 percenseamus
1327 440 1491 491 scriptis.
1518 443 1633 480 Haec
1660 444 1792 494 bona,
1833 442 1985 502 etiamsi
2010 442 2151 481 chartis

214 496 351 544 innu(f.
371 494 581 545 756)meris
621 500 875 533 statueremus
916 502 1136 554 pertexere,
1178 501 1307 533 tamen
1349 501 1599 545 percepturus
1635 502 1751 544 esset,
1780 495 1853 534 nisi
1881 496 1947 546 qui
1975 495 2052 534 iam
2079 508 2150 560 per

215 549 288 588 Dei
313 550 474 599 gratiam
505 547 662 586 insitum
690 549 832 586 habeat
859 547 897 585 in
927 561 967 586 se
995 550 1030 586 ἃ
1058 547 1327 597 ingeneratum
1343 549 1506 587 bonum.
1528 550 1641 586 Haec
1664 550 1769 587 bona
1784 548 1975 599 (inquam)
1991 549 2152 587 omnino

214 603 315 640 intus
353 601 484 640 sentiri
511 607 700 651 praestat,
743 602 861 650 quam
890 600 1079 650 perscribi
1107 600 1257 639 multis:
1286 600 1378 651 quia
1405 600 1564 651 singulis
1592 613 1662 640 suo
1690 601 1828 640 ordine
1851 614 1919 640 sua
1945 601 2021 640 sint
2047 602 2153 640 bona

211 659 232 692 31
275 657 362 693 Ῐ)00
399 655 602 692 distributa
643 653 781 692 virtute
821 653 1002 704 Spiritus,
1044 666 1143 704 quae
1180 653 1220 691 in
1248 653 1486 692 conscientia
1512 656 1691 714 leguntur
1719 654 1842 706 digito
1870 655 1946 693 Dei
1977 661 2153 705 exarata,

211 721 288 746 non
317 715 448 746 autem
475 708 514 745 in
542 708 676 745 charta
703 708 932 745 humanisve
959 707 1112 745 tabulis.
1142 707 1218 746 Sed
1241 707 1332 766 quia
1360 707 1524 757 vbisque
1553 708 1590 746 in
1621 707 1825 758 Scripturis
1855 707 1973 746 sacris
1988 709 2151 747 verbum

216 762 306 811 Dei,
348 761 457 810 quod
499 760 673 811 potentia
707 767 765 798 est
800 760 879 798 eius
907 760 958 798 ad
986 761 1150 798 salutem
1184 760 1292 798 omni
1319 760 1512 813 credenti3
1540 772 1629 799 cum
1659 773 1747 799 rore
1776 769 2046 811 comparatum
2074 768 2154 811 est,

215 815 316 853 velut
343 814 641 852 instrumentum
669 812 770 851 vitae
798 821 977 852 aeternae
1004 816 1028 851 a
1058 814 1146 851 Deo
1174 813 1213 851 in
1241 814 1309 851 has
1324 820 1445 852 terras
1460 791 1671 852 de’missum
1686 813 1868 865 caelitus,
1898 827 1978 864 quo
1991 813 2153 864 perinde

212 867 330 906 animi
366 866 488 905 nostri
528 867 756 917 irrorentur,
797 867 1096 917 humectentur,
1124 867 1159 904 &
1187 866 1426 905 inebrientur
1452 874 1566 917 gustu
1596 880 1641 905 ac
1669 874 1766 917 potu
1793 867 1924 906 salutis
1952 874 2155 917 aeternae,

214 935 259 959 ac
289 933 376 959 rore
403 922 557 958 aluntur
585 919 760 969 gramina
786 927 903 968 atque
932 927 1173 958 recreantur:
1202 922 1410 970 propterea
1438 933 1519 959 non
1547 920 1795 970 dubitamus,
1823 920 1915 970 quin
1946 922 2024 959 hoc
2039 920 2154 959 etiam

214 976 305 1011 loco
346 973 396 1012 ad
437 973 532 1011 illud
574 972 859 1010 sanctissimum
899 973 1063 1011 verbum
1108 972 1209 1011 vitae
1251 980 1430 1011 aeternae
1458 974 1603 1012 Psaltes
1632 973 1860 1024 respexerit,
1888 974 1978 1011 cum
2005 974 2155 1011 bonum

215 1026 501 1065 communionis
538 1032 761 1064 sanctorum
798 1025 1047 1064 describeret.
1082 1026 1183 1063 Nam
1221 1027 1329 1064 Deus
1366 1028 1457 1064 cum
1491 1026 1618 1065 omnis
1645 1026 1741 1065 boni
1768 1027 1806 1064 in
1836 1033 1973 1065 natura
1999 1033 2154 1074 auctor,

216 1092 343 1118 rorem
384 1091 495 1117 suum
536 1078 714 1117 defundit
750 1079 789 1116 in
822 1091 937 1129 agros
965 1080 1016 1117 ad
1044 1079 1221 1117 infirmae
1249 1078 1361 1117 huius
1390 1086 1551 1118 naturae
1579 1079 1922 1131 sustentationem,
1951 1086 2033 1118 tum
2062 1081 2155 1117 vero

216 1133 400 1182 maxime,
436 1139 477 1170 vt
510 1131 606 1170 boni
641 1131 845 1182 spiritualis
874 1131 913 1170 in
942 1132 1118 1171 Ecclesia
1146 1138 1303 1183 auctor,
1332 1134 1496 1171 verbum
1525 1144 1637 1171 suum
1666 1133 1843 1171 defundit
1871 1133 1910 1171 in
1939 1132 2156 1171 Ecclesiam

216 1198 345 1236 suam,
379 1197 479 1235 quae
513 1185 633 1223 aratio
669 1192 726 1223 est
754 1185 944 1234 vineaque
972 1185 1116 1236 ipsius,
1145 1192 1185 1223 vt
1213 1185 1363 1236 singula
1392 1198 1491 1235 quae
1519 1185 1558 1224 in
1587 1199 1633 1224 ea
1661 1193 1766 1232 sunt,
1797 1186 1895 1224 roris
1922 1186 2022 1225 illius
2051 1198 2156 1223 com—

217 1239 478 1277 municatione
514 1240 685 1288 alantur,
714 1245 945 1289 augescant,
974 1240 1009 1277 &
1037 1239 1087 1276 ad
1117 1238 1256 1277 iustam
1285 1239 1546 1277 maturitatem
1574 1239 1713 1278 virtute
1740 1239 1859 1289 ipsius
1883 1240 2157 1289 perducantur.

219 1295 277 1330 Ac
301 1291 470 1351 proinde
498 1292 833 1341 quemadmodum
866 1304 996 1330 rorem
1025 1304 1104 1330 non
1133 1293 1258 1330 solum
1288 1293 1505 1330 secundum
1533 1305 1594 1342 se,
1623 1294 1659 1330 &
1687 1298 1866 1342 respectu
1894 1291 2070 1342 principij
2101 1291 2159 1330 sui

219 1345 398 1384 nouimus
431 1357 515 1384 esse
548 1346 720 1395 bonum,
755 1345 1006 1383 verumetiam
1044 1345 1102 1383 his
1139 1346 1255 1383 rebus
1291 1345 1540 1384 inferioribus
1577 1347 1752 1393 bonum,
1789 1344 1829 1382 id
1857 1353 1935 1397 est,
1963 1345 2095 1384 vtilem
2123 1346 2159 1382 81

218 1397 500 1445 necessarium,
545 1397 805 1447 omnibusque
833 1397 959 1436 modis
988 1398 1243 1436 commodum
1274 1397 1330 1447 (id
1360 1398 1464 1437 enim
1492 1411 1629 1437 omnes
1659 1376 1935 1448 comperimus
1948 1409 2019 1437 vsu
2050 1410 2159 1448 expe-

219 1452 355 1490 rientia
395 1451 610 1500 communi)
651 1450 703 1489 ita
744 1452 907 1489 verbum
947 1462 1105 1500 quoque
1146 1451 1309 1489 Domini
1349 1453 1440 1490 cum
1482 1451 1521 1490 in
1550 1465 1591 1491 se
1619 1453 1654 1489 &
1683 1452 1898 1490 secundum
1927 1450 2158 1502 principium

218 1505 335 1556 ipsius
377 1503 562 1564 spirituali
599 1504 721 1542 modo
761 1505 912 1542 bonum
946 1516 1029 1543 esse
1066 1505 1256 1543 docemur
1285 1505 1363 1543 hoc
1396 1506 1508 1555 loco,
1544 1512 1625 1544 tum
1663 1507 1812 1543 summe
1846 1506 1960 1544 nobis
1995 1504 2085 1543 vtile
2113 1516 2159 1542 ac

218 1558 497 1608 necessarium,
525 1557 592 1607 qui
619 1557 670 1594 ad
697 1568 833 1595 aruum
863 1557 1094 1607 vineamque
1122 1557 1222 1596 illius
1251 1558 1501 1608 pertinemus.

269 1613 386 1649 Hanc
420 1618 551 1649 autem
588 1610 864 1648 haereditatem
898 1610 1085 1657 Domini,
1134 1610 1172 1648 in
1202 1623 1279 1660 qua
1306 1613 1341 1649 &
1369 1624 1441 1650 1103
1470 1622 1623 1662 311111113,
1652 1612 1849 1662 Propheta
1877 1610 2160 1649 circumscribit

220 1666 398 1702 montimn
427 1664 643 1701 Hermonis
673 1665 721 1701 ὃν
749 1663 877 1701 Sionis
905 1664 1189 1713 appellatione:
1219 1676 1387 1713 quorum
1416 1664 1468 1702 illi
1491 1665 1542 1702 ad
1559 1665 1653 1702 fines
1676 1663 1844 1714 regionis
1859 1671 2014 1703 sanctae
2029 1663 2160 1701 Orien-

221 1725 299 1755 tem
340 1719 375 1755 &
417 1716 657 1766 Aquilonem
701 1728 831 1754 versus
874 1717 1140 1767 pertinebant,
1174 1716 1213 1755 hi
1251 1718 1357 1755 velut
1385 1718 1435 1756 ad
1463 1717 1692 1756 vmbilicum
1721 1717 1822 1755 eius:
1853 1717 1907 1756 illi
1935 1717 1985 1756 ad
2014 1718 2160 1755 feraces

222 1771 360 1819 valles,
394 1776 587 1820 agrosque
624 1769 840 1819 irrigandos
877 1770 1088 1808 commode
1126 1770 1317 1820 impositi,
1355 1770 1386 1808 si
1422 1777 1575 1809 arantes
1603 1771 1638 1807 &
1667 1770 1853 1809 siticulosi
1886 1771 1948 1809 vix
1978 1769 2161 1808 subiectis

222 1824 383 1861 vallibus
421 1822 648 1861 alimentum
683 1822 1008 1861 subministraturi
1041 1835 1124 1861 esse
1153 1823 1398 1861 videbantur.
1429 1824 1682 1873 Quapropter
1711 1824 1769 1861 his
1798 1824 1950 1862 duabus
1978 1823 2158 1874 appella-

220 1876 407 1925 tionibus,
436 1883 620 1925 tanquam
650 1888 696 1914 ex
718 1888 759 1913 re
787 1883 1011 1927 praesente,
1041 1875 1207 1926 priscam
1235 1876 1453 1914 Ecclesiam
1482 1876 1803 1915 instituit‘Dauid
1817 1889 1898 1915 non
1913 1889 1997 1915 esse
2011 1883 2161 1914 curtam

221 1936 285 1967 aut
324 1929 517 1967 infirmam
559 1929 633 1966 Dei
674 1940 854 1977 manum,
895 1929 989 1978 quin
1031 1931 1081 1967 ab
1119 1942 1197 1967 vno
1226 1930 1303 1967 fine
1331 1929 1589 1968 Chananaeae
1619 1930 1670 1968 ad
1699 1931 1864 1968 alterum
1895 1928 2162 1980 potentissime

222 1995 349 2020 rorem
391 1993 503 2021 suum
542 1982 792 2032 diffunderet,
835 1985 869 2020 δι
912 1984 1104 2032 peraeque
1146 1983 1234 2020 loca
1276 1982 1423 2020 arentia
1460 1984 1495 2020 81
1524 1982 1720 2021 siticulosa
1747 1996 1793 2020 ac
1822 1982 1979 2033 pinguia
2006 1994 2099 2020 arua
2126 1982 2162 2019 δι

222 2037 338 2074 valles
367 2037 505 2074 vberes
534 2035 800 2074 foecundaret.
829 2036 950 2084 Quod
978 2042 1107 2073 autem
1135 2037 1213 2073 hoc
1241 2036 1362 2074 modo
1391 2035 1617 2085 aspectabili
1645 2037 1753 2074 Deus
1781 2035 1983 2074 Ecclesiae
2010 2035 2049 2073 in
2064 2041 2159 2084 typo

223 2090 481 2127 Chananaeae
508 2088 734 2127 testificatus
762 2094 832 2139 est,
861 2089 965 2127 idem
994 2101 1066 2126 nos
1083 2088 1165 2126 sine
1193 2095 1289 2138 typo
1305 2089 1493 2127 habemus
1521 2088 1799 2138 testimonium,
1829 2091 1864 2127 ἃ
1893 2089 2074 2128 virtutem
2088 2087 2164 2126 Dei

223 2142 456 2192 experimur.
492 2143 594 2179 Nam
623 2142 849 2180 communio
873 2142 970 2180 haec
998 2148 1238 2192 sanctorum,
1254 2142 1304 2180 ad
1320 2153 1438 2191 quam
1455 2141 1579 2180 vocati
1595 2153 1740 2192 sumuS,
1756 2143 1860 2180 culta
1873 2149 1930 2180 est
1944 2141 2163 2180 haereditas

223 2195 342 2245 illius,
370 2206 486 2244 quam
516 2194 692 2233 Christus
721 2206 791 2233 suo
821 2195 1008 2245 sanguine
1032 2194 1285 2244 comparauit.
1313 2196 1359 2232 In
1387 2196 1464 2233 hoc
1494 2206 1589 2233 aruo
1618 2194 1761 2234 Christi
1789 2194 2045 2234 haereditario
2075 2201 2163 2232 sunt

225 2249 392 2298 herbae,
421 2248 598 2298 frutices,
627 2247 809 2298 virgulta,
838 2249 1013 2297 arbusta,
1042 2249 1224 2299 arbores,
1253 2259 1349 2297 quas
1373 2254 1455 2286 tum
1485 2260 1554 2286 sua
1582 2255 1742 2297 paterna
1758 2260 1876 2286 manu
1891 2247 1986 2286 colit
2001 2249 2110 2285 Deus
2126 2248 2164 2284 in

223 2301 400 2351 Christo,
429 2308 511 2339 tum
540 2300 716 2339 Christus
745 2299 784 2338 in
811 2314 895 2340 sese
922 2301 1054 2339 insitas
1079 2301 1195 2338 alit&
1211 2307 1419 2339 conseruat
1449 2300 1754 2351 diligentissime,
1773 2313 1870 2350 quas
1900 2300 2164 2339 indesinenter

224 2360 440 2404 temperato
468 2353 586 2392 veluti
613 2355 744 2404 caeIO,
773 2366 873 2405 rore,
902 2353 1246 2404 consimilibusque
1274 2353 1506 2392 adiumentis
1522 2356 1680 2393 curat&
1696 2353 1874 2404 prouehit
1889 2353 2163 2392 scientissimus

225 2407 547 2456 fidelissirnusque
586 2406 769 2456 agricola,
807 2407 843 2444 &
872 2406 1177 2445 studiosissimus
1218 2406 1349 2445 salutis
1377 2414 1558 2445 nostrae:
1600 2420 1674 2446 nec
1703 2413 1811 2445 curat
1838 2419 1911 2445 nos
1939 2407 2162 2445 nimborum

223 2460 388 2510 impetu,
418 2471 496 2509 quo
526 2461 695 2497 futurum
723 2467 823 2498 esset
852 2467 892 2498 vt
921 2471 1262 2510 corrumperemur
1290 2473 1382 2510 prae
1409 2460 1592 2498 tenuitate
1620 2462 1656 2498 Sc
1683 2459 1907 2498 infirmitate
1921 2467 2077 2510 nostra·
2095 2459 2164 2496 sed

224 2525 310 2550 rore
336 2512 554 2558 lenissimo,
583 2512 749 2550 stillante
777 2512 1097 2551 commodissime
1125 2512 1163 2550 in
1193 2526 1279 2560 nos,
1295 2524 1473 2562 quamuis
1488 2513 1788 2564 mfirmissnnos
1814 2519 1855 2551 vt
1878 2511 2064 2563 paulatim
2090 2511 2163 2550 sin-

224 2565 302 2614 guli
333 2566 524 2615 possimus
551 2565 590 2603 in
618 2565 703 2615 ipso
731 2576 951 2616 augescere.
989 2568 1047 2603 Ita
1075 2567 1128 2612 fit,
1159 2574 1198 2604 vt
1228 2578 1377 2616 omnes,
1407 2568 1512 2604 velut
1542 2565 1638 2604 rami
1666 2565 1705 2603 in
1730 2578 1848 2604 vnum
1863 2572 2045 2604 truncum
2062 2563 2164 2602 insiti

226 2625 340 2666 atque
382 2618 419 2655 in
458 2629 576 2656 vnum
619 2629 761 2667 corpus
802 2630 921 2657 vnum
959 2618 1166 2678 Spiritum,
1196 2619 1231 2656 &
1261 2632 1376 2657 vnam
1405 2618 1726 2657 communionem
1756 2618 1906 2670 vocati,
1942 2626 2025 2657 tum
2055 2618 2163 2655 bono

227 2673 249 2706 a
288 2672 375 2708 Deo
403 2684 492 2722 erga
520 2684 592 2709 nos
620 2672 766 2709 collato
796 2678 948 2710 Vtamur
982 2671 1054 2721 ipsi
1083 2648 1319 2723 saltitariter,
1359 2679 1440 2710 tum
1465 2671 1570 2710 idem
1599 2673 1747 2710 bonum
1776 2672 1825 2710 ad
1853 2671 2018 2722 gloriam
2047 2670 2165 2720 ipsius

228 2725 262 2762 &
289 2723 341 2761 ad
367 2724 685 2762 communionem
714 2730 938 2763 sanctorum
978 2737 1050 2775 pro
1079 2737 1127 2763 eo
1156 2737 1202 2762 ac
1230 2736 1437 2774 possumus
1467 2724 1753 2764 aedificandam
1782 2737 2032 2774 occupemus,

1956 2777 2166 2826 Propterea
