2334 3020
759 85 975 112 THESES
1015 85 1444 113 THEOLOGICAE'.
1999 86 2070 124 199

133 196 240 231 Rom.
272 206 308 243 3.
341 207 399 240 24.
431 195 480 231 ἂν
509 207 545 240 4.
577 204 636 243 25.
668 195 718 231 ἐφ’
748 204 782 242 5.
813 207 849 240 9.
882 194 1020 230 l‘cmmz.
1055 207 1086 230 1.
1120 206 1179 241 29.
1206 204 1285 241 quo
1302 192 1443 229 certius
1459 191 1618 229 modum
1636 191 1927 241 clausulamque
1941 193 2071 231 salutis

130 247 309 296 deliniat,
338 259 416 284 non
448 256 485 284 vt
515 247 662 296 reliqua
692 259 778 294 pars
809 246 1077 295 obedientiae,
1108 257 1185 295 qua
1214 246 1421 283 defunctus
1451 253 1507 283 est
1536 245 1572 282 in
1590 244 1684 294 vita,
1702 246 1949 283 excludatur:
1967 249 2072 293 (narn

130 302 287 346 Paulus,
319 302 406 337 Plzc'.
426 313 458 337 2.
478 311 511 348 7.
540 301 589 337 ab
620 299 729 337 initio
759 301 806 336 ad
840 301 954 337 tinem
985 311 1106 347 vsque
1135 306 1257 337 totam
1288 298 1607 348 comprehendit,
1636 298 1744 346 quod
1760 297 1926 347 seipsum
1944 299 2070 337 exina-

130 353 287 402 niuerit,
317 354 442 390 forma
471 353 570 391 serui
599 362 783 402 accepta,
813 357 847 390 ἃ
877 353 974 401 patri
1002 352 1114 390 fuerit
1144 351 1335 390 obediens
1351 363 1471 401 vsque
1486 352 1536 388 ad
1553 359 1925 398 mortem,mortem
1942 361 2070 390 autem

130 406 269 453 crucis)
307 407 374 444 sed
404 406 533 455 potius
563 415 601 444 vt
631 407 702 443 sub
732 406 867 443 mortis
897 405 1139 452 obedientia,
1168 412 1353 453 tanquam
1383 406 1608 454 colophone
1638 406 1672 441 ἅτ
1701 403 1872 454 fastigio,
1901 405 2072 443 contine-

129 467 226 497 atur.
268 460 367 496 Nam
399 462 536 496 frustra
565 459 697 497 sancta
726 459 803 496 vitu
832 459 1013 496 iustitiam
1044 458 1276 508 promeritus
1299 458 1429 496 fuisset
1446 456 1731 507 Christus,nisi
1747 458 2073 507 chirographum,

129 513 236 561 qnod
266 519 345 549 erat
377 512 614 549 contrarium
645 513 779 559 nobis,
809 511 845 549 in
877 524 993 550 cruce
1022 513 1219 561 pendenS,
1252 514 1436 559 tanquam
1462 510 1953 559 iustitiae&perpessionis
1969 513 2068 548 colo-

131 568 281 613 phone,
311 565 530 603 cleleuissct.

184 630 217 665 7.
276 620 404 666 Atque
433 620 529 656 haec
561 619 608 655 (lc
638 618 904 656 humiliatione
935 617 1078 656 Christi
1106 619 1212 663 Iesu,
1243 618 1304 655 cui
1334 631 1381 655 ex
1411 618 1578 654 aduerso
1608 617 1819 665 respondet
1855 616 1972 666 ipsius
1990 619 2072 653 lia·-

129 673 286 708 assatio:
315 671 363 708 (le
393 684 469 720 qua
500 672 711 709 videndum
741 673 770 709 Ι.
803 671 908 720 Quid
938 671 995 708 sit.
1029 685 1061 709 2.
1093 672 1205 719 Quae
1234 683 1349 708 causa
1374 670 1454 709 eius
1470 670 1654 708 efficiens.
1680 670 1800 717 Quod
1817 670 1867 707 ad
1884 670 2076 719 primum,

129 727 257 761 Status
299 724 544 761 exaltationis
586 733 641 762 est
684 725 860 762 conditio
899 737 1091 774 personae
1130 723 1272 762 Christi
1309 723 1585 773 θεανθρώπου,
1613 735 1686 772 pro
1716 722 1867 760 ratione
1894 724 2013 761 officii
2042 724 2074 761 ei

130 777 383 823 incumbenS,
426 789 505 826 quo
551 785 708 826 peracto
751 777 789 815 in
832 778 890 815 his
932 778 1041 815 terris
1079 777 1315 823 ministerio,
1353 777 1393 814 iu
1430 788 1487 813 cst
1515 775 1779 814 satisfactione
1805 789 1877 826 pro
1908 777 2078 825 peccatis

129 830 281 878 generis
311 831 469 867 humani
499 831 700 880 praestita,
730 831 779 868 de
814 832 1012 868 voluntate
1044 831 1165 868 Patris
1193 843 1232 867 se
1263 828 1475 867 Dominum
1500 829 1677 866 omnium
1700 828 1870 878 gloriose
1887 830 2079 876 ostendit,

130 886 164 921 ἃ
199 882 363 931 gloriani
405 896 513 921 suam
550 885 663 933 plene¹
694 885 943 933 perfecteque
973 884 1242 922 manifestauit.
1287 885 1380 919 Luc.
1413 895 1472 928 24.
1506 893 1566 931 25.
1599 884 1659 920 26.
1690 883 1832 933 Philip.
1866 896 1898 920 2.
1930 897 1965 932 9.
1997 884 2078 920 &C-

136 950 167 972 2.
206 950 263 982 14.
299 947 356 985 15.
386 937 517 974 Helm:
550 951 582 974 2.
617 949 650 985 7.

184 993 218 1026 8.
277 989 555 1028 Conditioneni
587 1003 777 1039 personae
807 989 951 1028 Christi
981 990 1230 1040 θεανθρώπου
1262 987 1538 1026 exaltationem
1568 1000 1652 1026 esse
1681 990 1770 1025 cum
1799 988 2078 1037 dicimus,hoc

131 1043 332 1091 volumus,
372 1042 568 1081 Christum
608 1043 754 1081 scilicet
782 1044 991 1081 exaltatum
1023 1057 1106 1080 csse
1136 1056 1206 1079 suo
1237 1042 1380 1090 modo,
1410 1041 1625 1080 secundum
1655 1048 1859 1091 Vtramque
1889 1049 2080 1080 naturam.

132 1097 273 1144 Ja‘plzes.
320 1109 350 1134 1.
392 1109 452 1134 20.
483 1098 565 1134 ἑνί.
607 1099 709 1134 Phil.
743 1110 786 1147 2,
816 1110 852 1146 9.
887 1109 944 1134 10.
988 1097 1115 1133 Hebr.
1148 1108 1180 1132 2.
1216 1108 1249 1143 7.
1284 1097 1319 1132 ὃ.
1361 1096 1416 1131 Vt
1457 1094 1561 1131 enim
1604 1094 1821 1132 humiliatio
1864 1096 2079 1133 secundum

134 1156 335 1198 Vtramque
364 1156 562 1197 naturam,
592 1151 659 1187 sed
689 1149 793 1188 varie
823 1149 1007 1199 contigit3
1036 1148 1088 1186 ita
1116 1147 1298 1186 exaltatio
1329 1160 1409 1185 non
1438 1148 1565 1185 solum
1591 1148 1641 1185 ad
1657 1148 1866 1185 humanam
1884 1156 2080 1196 naturam,

133 1202 201 1239 sed
240 1201 356 1239 etiam
394 1204 444 1240 ad
475 1203 668 1249 diuinam,
699 1215 769 1240 suo
800 1203 944 1251 modo,
974 1201 1153 1251 pertinet.
1197 1203 1258 1238 Ac
1288 1203 1316 1238 Ι.
1347 1209 1387 1238 vt
1416 1200 1632 1238 humiliatio
1663 1201 1879 1238 secundum
1909 1201 2081 1239 diuinam

132 1262 309 1292 naturam
339 1256 503 1305 contigit
531 1269 611 1293 non
640 1257 817 1294 absolute
846 1256 881 1292 &
911 1255 949 1292 in
979 1268 1041 1302 se,
1071 1254 1288 1292 mutatione
1317 1254 1444 1303 aliqua
1474 1253 1662 1291 essentiae
1691 1256 1726 1292 &
1748 1254 1894 1303 gloriae
1910 1254 2084 1292 internae

132 1309 166 1345 &
196 1316 397 1355 aeternae,
426 1309 494 1347 sed
523 1310 674 1347 tantum
704 1310 869 1358 relatae,
898 1309 1047 1346 ratione
1077 1307 1348 1345 occultationis
1378 1307 1477 1345 illius
1506 1306 1766 1356 temporariae
1795 1320 1928 1345 coram
1960 1308 2082 1346 homi-

132 1361 266 1410 nibus,
296 1373 373 1410 qua
401 1362 641 1401 maiestatem
672 1373 780 1399 suam
809 1360 982 1399 diuinam
1012 1362 1084 1399 sub
1114 1361 1336 1398 infirmitate
1367 1360 1495 1398 carnis
1524 1368 1745 1409 assumptae
1772 1361 1891 1410 texit,
1908 1366 2081 1399 carnem-

133 1426 209 1462 que
246 1426 354 1452 suam
392 1416 442 1452 ad
480 1415 792 1464 redemptionem
823 1417 1035 1453 electorum
1067 1413 1166 1452 mori
1196 1414 1339 1452 voluit:
1369 1415 1422 1452 sic
1452 1413 1633 1451 exaltatio
1664 1415 1878 1451 secundum
1909 1414 2080 1452 diuinam

133 1474 309 1505 naturam
352 1468 528 1506 consistit
567 1481 647 1506 non
688 1468 727 1506 in
769 1469 848 1506 vllo
889 1468 1035 1518 gloriae
1071 1467 1170 1506 illius
1208 1466 1451 1505 incremento
1487 1467 1524 1504 in
1554 1479 1616 1516 se,
1654 1467 1723 1504 sed
1752 1467 1789 1504 in
1820 1467 2016 1505 illustriori
2046 1470 2081 1506 ἅν

134 1520 299 1570 pleniori
327 1521 473 1570 gloriae
503 1529 615 1559 antea
644 1521 796 1559 latentis
826 1521 1135 1559 manifestatione
1163 1533 1210 1558 ac
1239 1520 1522 1570 patefactione,
1550 1521 1652 1568 (Act.
1684 1533 1717 1558 2.
1747 1522 1810 1569 36.
1839 1522 1957 1559 Rom.
1976 1534 2006 1558 1.
2030 1524 2082 1569 4.)

135 1586 269 1620 coram
311 1574 470 1624 Angelis
512 1576 547 1613 ἃ
589 1574 834 1623 hominibus,
873 1575 922 1612 de
959 1586 1036 1624 qua
1065 1588 1104 1612 re
1134 1573 1305 1624 loquitur
1334 1573 1532 1623 Christus,
1567 1575 1705 1611 locum.
1739 1584 1798 1622 17.
1829 1583 1863 1623 5.
1893 1574 2082 1612 Glorifica

135 1640 218 1676 me,
254 1635 382 1676 pater,
417 1640 462 1665 ea
498 1627 639 1678 gloria,
677 1640 795 1678 quam
823 1628 943 1666 habui
971 1628 1076 1678 apud
1106 1635 1161 1676 te,
1192 1627 1417 1677 priusquam
1448 1628 1616 1665 mundus
1645 1635 1758 1665 esset.
1800 1629 1848 1664 Il.
1880 1629 1932 1665 Vt
1960 1629 2081 1665 humi-

133 1680 239 1718 liatio
278 1681 494 1718 secundum
530 1682 742 1719 humanam
778 1689 958 1719 naturam
995 1681 1067 1718 sita
1096 1681 1167 1718 fuit
1194 1681 1232 1719 in
1262 1680 1380 1719 animi
1408 1680 1644 1725 humilitate,
1674 1681 1709 1717 &
1740 1680 1844 1718 vitae
1873 1694 1918 1718 ac
1946 1681 2083 1718 mortis

134 1733 260 1771 crucis
289 1733 533 1772 obedientia:
562 1735 615 1773 ita
644 1734 826 1773 exaltatio
857 1735 928 1773 sita
956 1743 1012 1772 est
1041 1747 1121 1772 non
1151 1734 1189 1771 in
1220 1734 1390 1783 virtutis,
1421 1734 1490 1772 sed
1519 1733 1557 1771 in
1586 1733 1818 1771 infirmitatis
1834 1734 2082 1772 ablatione&

133 1788 330 1825 donorum
359 1787 615 1826 habitualium
644 1788 904 1837 susceptione.
933 1787 1129 1826 Exaltatio
1159 1787 1263 1826 enim
1295 1787 1457 1834 Christi,
1489 1788 1621 1836 quoad
1650 1788 1861 1824 humanam
1884 1795 2082 1835 naturam,

134 1841 241 1877 Duas
270 1841 388 1878 habet
415 1848 555 1890 partes.
598 1841 726 1879 Prima
754 1849 831 1891 est,
861 1841 1055 1891 depositio
1084 1840 1233 1879 seruilis
1257 1840 1496 1879 conditionis
1525 1842 1560 1878 &
1589 1840 1855 1878 infirmitatum
1887 1840 2081 1890 omnium,

135 1905 231 1942 quas
260 1893 436 1932 Christus
464 1907 603 1933 omnes
630 1897 706 1932 vna
736 1896 823 1932 cum
855 1896 1026 1932 humana
1054 1902 1213 1944 natura,
1249 1902 1419 1944 excepto
1449 1901 1579 1932 tamen
1609 1900 1798 1943 peccato,
1827 1902 2082 1943 assumserat,

134 1948 262 1985 Hebr.
294 1961 330 1994 4.
366 1958 423 1997 15.
458 1956 498 1985 vt
527 1955 614 1991 sunt
642 1949 785 1995 fames,
813 1950 961 1986 Mattlz.
992 1961 1028 1995 4.
1061 1962 1094 1985 2.
1125 1949 1174 1985 &³
1207 1961 1266 1985 21.
1302 1951 1360 1986 18.
1389 1947 1490 1996 sitis,
1520 1948 1659 1984 [earm.
1691 1961 1727 1993 4.
1760 1960 1793 1995 7.
1824 1947 2083 1998 Defatigatio,

136 2002 277 2038 loann.
306 2014 341 2047 4.
373 2002 406 2038 6.
437 2002 676 2051 Lacrymae,
706 2004 846 2039 loamz.
882 2015 939 2038 11.
970 2012 1033 2051 35.
1064 2001 1300 2052 ignominia,
1329 2002 1478 2039 Mczttlz.
1512 2014 1570 2038 11.
1605 2014 1662 2050 19.
1692 2001 1742 2038 ὡ»
1776 2014 1834 2038 12.
1853 2014 1912 2048 24.
1942 2003 2083 2038 joann.

136 2057 171 2091 ὅ.
201 2056 264 2100 48.
294 2054 536 2105 ignorantia,
574 2057 709 2092 Marc.
754 2068 811 2104 ¹3·
841 2068 903 2103 32.
946 2055 1178 2104 patibilitas,
1217 2054 1451 2103 mortalitas,
1481 2054 1553 2091 διο.
1598 2055 1780 2092 Secunda
1808 2062 1864 2092 est
1893 2056 2086 2092 humanae

136 2114 294 2145 naturae
323 2108 579 2157 glorificatio,
609 2115 692 2146 tum
721 2110 855 2157 quoad
884 2120 1048 2158 corpus,
1079 2116 1161 2146 tum
1191 2109 1324 2157 quoad
1353 2108 1535 2145 animam.
1568 2107 1722 2157 Corpus
1750 2107 1854 2145 enim
1871 2107 2016 2145 Christi
2031 2114 2088 2145 est

135 2159 348 2209 gloriosum
378 2161 592 2209 redditum,
623 2163 795 2213 Philipp.
827 2174 862 2210 3.
896 2175 955 2199 21.
985 2163 1134 2199 Mami.
1168 2173 1225 2210 17.
1259 2175 1293 2199 2.
1322 2162 1462 2211 Ephe&
1499 2174 1531 2198 1.
1563 2174 1625 2198 20.
1653 2174 1714 2198 22.
1743 2162 1963 2198 Hebraeor.
1991 2174 2022 2199 1.
2049 2174 2084 2209 9.

135 2214 188 2250 ita
215 2221 255 2250 vt
283 2213 330 2251 sit
359 2215 394 2252 δι
424 2223 579 2253 maneat
607 2215 644 2252 in
674 2223 874 2253 aeternum
904 2214 1221 2264 incorruptibile,
1251 2214 1486 2264 impatibile,
1510 2214 1924 2264 immortale,auctum
1941 2215 2086 2252 robore

137 2267 171 2303 &
201 2267 392 2316 agilitate,
424 2269 674 2318 resplendens
704 2269 855 2318 fulgore
884 2269 919 2305 δι
943 2270 1067 2318 gloria
1082 2268 1241 2306 coelesti
1255 2275 1372 2317 atque
1388 2267 1531 2305 diuina.
1561 2267 1767 2306 Caeterum
1785 2279 1928 2317 corpus
1944 2267 2086 2306 Christi

135 2326 332 2368 vtcunque
367 2322 443 2359 hoc
482 2322 602 2359 modo
639 2321 918 2371 glorificatum,
957 2330 1087 2359 tamen
1118 2321 1306 2371 solidum,
1335 2319 1693 2371 circumscriptum,
1721 2320 1892 2371 finitum,
1916 2321 2085 2369 visibile,

133 2374 174 2420 (f.
207 2374 334 2423 1675.)
364 2374 579 2424 palpabile,
609 2382 716 2413 certo
746 2377 836 2413 loco
866 2374 982 2413 situm
1012 2388 1113 2421 esse,
1142 2387 1295 2424 semper
1323 2373 1460 2424 fuisse,
1489 2375 1524 2412 &
1549 2381 1739 2424 perpetuo
1764 2386 1990 2412 mansurum
2013 2382 2085 2412 sta-

134 2425 295 2474 tuimus,
324 2429 416 2466 Luc.
449 2441 510 2475 24.
540 2441 603 2477 39.
632 2429 799 2467 Animae
828 2431 922 2466 vero
951 2429 1064 2466 dotes
1091 2435 1229 2466 auctae
1259 2435 1346 2465 sunt
1375 2428 1410 2464 δι
1438 2429 1653 2478 perfectae,
1670 2439 1790 2476 vsque
1805 2428 1855 2465 ad
1871 2440 2084 2475 summam,

135 2490 235 2527 quae
281 2480 317 2516 in
358 2488 536 2518 naturam
578 2489 749 2519 creatam
777 2482 917 2519 cadere
947 2488 1094 2532 potest,
1124 2481 1427 2531 perfectionem,
1457 2480 1539 2519 siue
1567 2482 1813 2519 Intellectum
1843 2487 2086 2530 spectemus,

132 2532 214 2569 siue
243 2534 500 2573 voluntatem.

186 2599 222 2634 9.
279 2587 424 2634 Quoad
461 2587 700 2626 intellectum
734 2588 891 2636 attinet,
918 2587 990 2626 scit
1019 2586 1100 2626 iam
1115 2587 1292 2626 Christus
1307 2587 1345 2625 in
1361 2587 1486 2637 gloria
1501 2587 1777 2636 sua,humana
1792 2588 2088 2636 mente,omnia

131 2650 400 2688 quaecumque
427 2640 465 2678 in
493 2653 562 2678 sua
590 2642 879 2686 humiliatione.
910 2648 1071 2691 propter
1099 2653 1193 2689 nos,
1223 2641 1434 2691 ignorauit3
1461 2642 1756 2689 Ma7·c.13.32.
1779 2642 1926 2679 Matth.
1946 2654 2006 2678 21.
2027 2654 2085 2690 19.

132 2693 239 2729 adeo
271 2701 310 2729 vt
341 2693 434 2730 nihil
464 2701 543 2731 tam
574 2696 739 2732 arduum
772 2696 836 2732 sit.
867 2695 962 2732 nihil
992 2702 1069 2732 tam
1101 2694 1293 2732 minutum
1323 2694 1360 2731 in
1390 2694 1573 2732 omnibus
1601 2693 1676 2731 Dei
1705 2694 1909 2743 operibus,
1937 2694 2015 2731 hoc
2030 2701 2087 2732 est

133 2744 229 2794 suis,
277 2746 513 2795 praeteritis,
559 2748 830 2797 praesentibus
859 2750 894 2786 ἃ
925 2748 1078 2796 futuris,
1107 2749 1214 2797 quod
1244 2760 1322 2785 non
1352 2748 1390 2785 in
1419 2754 1604 2797 promptu
1633 2746 1701 2797 sit,
1728 2758 1978 2796 quocumque
2005 2759 2087 2785 mo-

1949 2806 2084 2838 mento
