2334 3020
838 133 1107 161 FRANC1scr
1143 134 1281 168 JUN11
1318 133 1448 160 vri-A.
2065 135 2112 174 35

189 247 365 278 matrona
405 252 502 277 vxor
538 239 639 289 Junij
684 240 925 287 charissima,
969 245 1129 289 quamq.
1170 241 1223 278 ob
1251 239 1456 290 pietatem,
1484 239 1729 290 prudentiam
1758 242 1792 278 &
1820 238 1859 276 in
1888 252 1929 278 50
1955 254 2001 279 ac
2029 254 2119 281 suos

187 305 362 332 amorem
391 292 621 342 singularem
650 292 807 330 maximi
835 306 987 344 semper
1015 293 1116 332 fecit.
1153 293 1284 344 Hinc,
1308 298 1349 332 vt
1373 294 1509 341 zjgnota
1536 294 1571 331 δι
1599 294 1768 341 neglecta
1795 293 1918 330 solent
1941 295 2119 337 incendia

185 359 333 385 sumere
372 347 496 395 vires,
538 346 721 396 contagio
764 346 893 384 morbi
936 346 1115 384 maritum
1156 346 1261 396 prius
1288 345 1447 395 inuasit,
1476 358 1595 395 quam
1621 345 1783 396 periculi
1809 345 2117 394 magnitudinem

186 399 275 438 satis
305 404 583 449 cognosceret,
616 400 650 437 &
678 405 767 448 post
794 399 958 438 biduum
987 399 1058 437 sub
1088 399 1288 437 meridiem
1317 399 1392 438 diei
1420 398 1605 438 Octobris
1634 401 1756 448 (nouo
1791 399 1894 447 stilo)
1921 399 2117 450 vigesimi,

185 453 251 502 qui
278 452 348 490 fuit
374 450 626 503 Dominicus3
654 457 839 501 tanquam
867 451 1042 491 caelestis
1070 452 1230 490 Domini
1258 460 1355 490 nutu
1383 453 1418 491 δι
1446 451 1603 502 nuntio,
1631 452 1682 490 ad
1695 451 1856 497 Domini
1872 451 1927 490 sui
1942 453 2116 503 requiem

183 505 324 544 clarius
350 504 422 542 fuit
449 503 644 543 inuitatus.
674 505 801 543 Sensit
827 505 1104 555 imperterritus
1134 506 1366 544 clementem
1393 505 1555 544 Domini
1583 515 1763 553 manum3
1786 506 1877 543 &vt
1892 514 2117 545 constanter

182 558 312 596 onris
353 556 622 596 dilectissimae
664 559 846 596 morbum
887 559 994 608 tulit,
1022 558 1074 596 ita
1102 570 1213 596 suum
1241 557 1399 609 pertulit
1426 557 1544 596 animi
1572 559 1718 597 robore
1746 557 1862 596 solito
1890 559 1926 596 &
1954 559 2114 598 inuicto.

181 612 305 661 Nam,
334 616 374 648 vt
402 609 530 648 ciuem
559 623 606 648 ac
634 611 804 649 vicinum
831 611 1143 650 honestissimum
1171 611 1387 650 Fabianum
1415 612 1450 649 &
1480 623 1561 662 me,
1589 610 1655 660 qui
1683 622 1755 661 pro
1783 612 2114 651 amore&offici0

180 663 335 703 Iunium
369 662 512 701 eodem
550 663 613 702 die
645 664 867 715 inuisimus,
895 664 1221 715 praetermittam,
1248 664 1288 702 id
1315 670 1460 702 norunt
1487 664 1709 702 honorandi
1736 664 1893 702 Domini
1921 665 2115 715 collegae,

181 718 365 755 doctores
404 716 605 767 Vorstius,
647 717 828 765 Bontius,
869 718 1031 756 Pauius:
1066 728 1234 767 quorum
1261 717 1542 755 humanitatem
1570 730 1616 755 ac
1643 717 1761 755 fidem
1788 717 1828 755 in
1857 716 2047 768 aduersis,
2075 725 2117 756 vt

181 777 292 821 grato
337 768 469 807 animo
510 782 670 819 aegrum
712 770 1003 820 praedicantem
1045 770 1176 808 audiui
1217 772 1252 809 &
1286 769 1515 821 coniugem,
1543 770 1595 808 ita
1627 769 1778 809 silentio
1806 770 2016 819 praeterire
2043 783 2117 810 nec

181 835 363 873 possum,
391 835 465 860 nec
495 823 636 862 debeo.
673 825 786 861 quat
816 836 880 862 me
908 824 1023 862 etiam
1049 823 1271 862 recordatio
1299 823 1541 862 constantiae
1567 822 1686 869 illius,
1715 835 1813 873 qua,
1842 835 1963 872 quum
1990 836 2118 862 meam

183 879 426 925 συμπαθειαν
465 875 539 924 1111,
580 882 782 926 praesente
821 877 998 915 Iohanne
1029 876 1220 914 Casimiro
1256 876 1358 926 filio,
1395 881 1564 926 cognato
1602 888 1691 914 meo
1728 876 1976 927 charissimo,
2005 877 2121 927 expli-

182 941 335 978 carem,
362 928 498 967 sedato
529 929 564 966 &
591 930 668 968 leni
694 931 821 980 vultu3
862 931 957 968 Vtile
984 934 1054 979 est,
1083 928 1154 979 ait,
1181 934 1224 968 vt
1240 934 1363 977 grato
1391 931 1519 967 animo
1549 929 1632 966 Dei
1641 931 1774 979 patris
1793 928 1954 977 ferulae
1966 943 2121 968 manum

182 982 445 1019 submittamus
458 995 470 1019 .·
497 983 599 1021 videt
622 984 687 1020 ille
716 984 766 1020 &³
794 988 926 1033 curat,
955 984 1060 1032 quod
1081 982 1189 1020 nobis
1217 987 1273 1020 est
1296 983 1483 1020 salutare.
1510 982 1647 1019 Altero
1677 981 1758 1031 die,
1788 981 1854 1031 qui
1868 982 1946 1020 'fuit
1966 984 2122 1034 Lunae,

182 1035 366 1085 morbus,
409 1036 476 1084 qui
516 1035 641 1085 pridie
683 1048 723 1074 se
758 1036 918 1074 bubone
946 1036 1202 1085 patefecerat,
1232 1034 1334 1073 intus
1362 1035 1398 1072 &
1425 1034 1518 1073 foris
1545 1034 1686 1072 ardore
1715 1037 1750 1073 &
1778 1036 1969 1085 languore
1996 1036 2122 1074 acrius

180 1087 322 1125 instare
366 1089 518 1139 coepit,
558 1088 658 1127 adeo
697 1094 737 1127 vt
771 1101 932 1138 aegrum
970 1088 1046 1126 iam
1074 1093 1313 1137 prostratum
1339 1088 1442 1125 lecto
1473 1087 1609 1125 fortius
1637 1087 1824 1138 affixerit3
1852 1088 1921 1126 sed
1947 1088 2121 1127 animum

182 1140 304 1191 illius,
332 1139 422 1180 fidei
451 1144 486 1181 &
514 1141 596 1191 spei
625 1142 798 1180 anchora
826 1143 985 1187 fultum,
1014 1153 1097 1179 non
1124 1139 1267 1178 deiecit
1294 1152 1368 1178 nec
1394 1139 1608 1189 imminuit3
1636 1140 1706 1178 sed
1734 1141 1790 1189 (vt
1818 1141 2120 1190 gubernatorem

181 1200 391 1244 tempestas
419 1196 454 1234 &
482 1194 644 1233 militem
671 1194 774 1233 acies
800 1195 958 1244 probat)
986 1194 1127 1232 fortem
1156 1195 1191 1232 &
1219 1192 1409 1231 inuictum
1435 1192 1731 1231 demonstrauit.
1759 1193 1915 1231 Norunt
1941 1194 1982 1232 id
1998 1195 2120 1233 domi-

181 1246 266 1285 stici
307 1248 342 1285 81
383 1248 444 1297 alij
487 1247 554 1297 qui
595 1255 854 1286 accesserunt.
902 1249 1005 1285 Nam
1046 1259 1162 1285 mane
1189 1248 1224 1285 &
1252 1245 1403 1296 vesperi
1430 1245 1640 1284 adeuntem
1667 1258 1730 1283 me
1758 1247 1794 1284 &
1822 1254 2121 1286 concurrentem

181 1306 434 1349 symmystam
474 1300 741 1339 charissimum
782 1301 833 1339 D.
874 1302 910 1338 T
912 1299 1133 1350 relcatium,
1171 1299 1300 1338 morbi
1327 1298 1599 1349 importunitas
1626 1297 1808 1337 exclusit:
1834 1299 1938 1338 vnde
1966 1302 2043 1338 vna
2071 1301 2120 1339 ad

179 1353 438 1391 reuerendum
479 1365 611 1391 senem
652 1355 688 1392 ὃ(
723 1353 923 1393 Ecclesiae
949 1359 1147 1403 pastorem
1174 1353 1225 1391 D.
1253 1352 1450 1390 Thomam
1478 1351 1783 1402 Spranchusium
1812 1353 1933 1401 (nunc
1961 1353 2121 1403 quidem

179 1407 338 1444 beatum
365 1406 405 1444 in
433 1405 567 1457 caelis,
596 1406 665 1444 sed
692 1412 786 1444 tunc
814 1419 904 1445 cum
932 1406 1073 1445 eodem
1101 1406 1245 1444 morbo
1272 1405 1578 1454 conflictantem)
1601 1404 1866 1456 inuisendum,
1882 1405 2122 1445 defleximus.

180 1459 353 1510 Norunt,
394 1459 574 1510 inquam,
616 1459 821 1498 domestici
863 1462 898 1498 &
939 1458 1001 1508 alij
1043 1458 1241 1510 nonnulli,
1285 1465 1431 1518 quanta
1464 1457 1762 1518 tranquillitate
1789 1459 1968 1509 neglecta
1995 1470 2124 1498 rerum

179 1518 419 1550 terrenarum
461 1524 574 1564 cura,
618 1525 701 1551 sese
741 1519 869 1551 totum
910 1512 978 1551 1110
1013 1512 1075 1551 die
1104 1512 1372 1562 composuerit
1399 1511 1449 1550 ad
1477 1512 1598 1550 vitam
1627 1512 1846 1550 caelestem.
1884 1513 2062 1563 Norunt,
2083 1519 2125 1551 vt

179 1571 373 1604 nostrates
415 1543 574 1617 sileam,³
606 1565 706 1604 illius
734 1568 963 1617 populares,
993 1565 1152 1604 iuuenes
1180 1565 1438 1614 orratissimi,
1469 1565 1535 1615 qui
1563 1577 1610 1603 ex
1636 1564 1818 1603 Vniuersa
1847 1564 1996 1616 Gallia,
2023 1565 2122 1616 Iunij

178 1619 283 1656 fama
328 1620 364 1657 &
405 1631 539 1657 amore
579 1619 756 1670 accensi,
798 1620 1020 1669 frequentes
1061 1619 1100 1657 in
1141 1619 1244 1657 hanc
1284 1618 1564 1669 Academiam,
1605 1624 1794 1667 tanquam
1834 1618 1886 1656 ad
1927 1619 2123 1657 bonarum

176 1672 374 1710 literarum
404 1680 641 1723 mercatum,
671 1674 960 1723 confluxerunt,
988 1674 1024 1711 δε
1051 1679 1093 1711 vt
1120 1678 1322 1722 parentem
1349 1672 1515 1710 alterum
1543 1672 1744 1721 colentes,
1770 1671 2061 1710 obseruantiam
2075 1685 2123 1711 ac

177 1725 297 1763 fidem
332 1737 442 1764 suam
479 1725 751 1765 consolatione
788 1739 836 1764 ac
863 1726 1082 1776 praesentia
1110 1737 1178 1764 sua
1205 1724 1530 1775 comprobarunt.
1564 1726 1688 1763 Porro
1715 1724 1780 1763 die
1804 1725 1943 1764 Martis
1966 1725 2122 1776 grauius

177 1777 293 1817 etiam
334 1780 475 1818 morbo
518 1779 714 1818 saeuiente
754 1780 935 1818 laborare
964 1779 1096 1830 coepit
1123 1785 1204 1829 atq.
1231 1778 1398 1829 amplius
1425 1777 1563 1838 affligi,
1590 1777 1664 1816 luis
1690 1777 1938 1817 vehementia
1964 1791 2124 1817 omnem

176 1831 395 1871 medicinae
422 1845 542 1882 opem
569 1832 822 1882 pertinaciter
849 1838 1077 1884 respuente,
1108 1839 1280 1871 attamen
1308 1830 1537 1871 tortissimus
1560 1838 1694 1870 noster
1717 1832 1914 1870 athletain
1930 1832 2008 1870 hoc
2022 1832 2122 1870 duro

178 1885 365 1924 conflictu
404 1897 487 1924 non
527 1885 675 1937 victus,
716 1886 786 1925 sed
823 1886 1034 1946 probatuS,
1069 1885 1184 1924 nullis
1216 1897 1308 1924 vsus
1339 1884 1591 1936 querimoniis
1619 1890 1686 1922 aut
1713 1891 1846 1936 motu,
1875 1885 1979 1935 rupis
2005 1885 2125 1924 instar

176 1938 408 1990 indomitus,
437 1939 567 1978 fractis
596 1939 725 1978 morbi
751 1934 951 1987 fluctibus,
980 1940 1020 1977 in
1047 1941 1136 1978 Deo
1165 1941 1201 1977 &
1229 1939 1435 1977 Seruatore
1463 1949 1534 1976 suo
1556 1937 1762 1988 acquieuit.
1792 1939 1895 1977 Nam
1913 1950 2036 1988 quum
2049 1939 2122 1978 sub

176 1991 377 2030 meridiem
419 1992 546 2042 ipsum
587 1993 795 2031 salutarem
836 1994 871 2031 &
915 1992 1049 2043 paucis
1091 1992 1333 2043 consolarer,
1362 1991 1583 2041 respondit:
1611 2004 1650 2029 se
1677 1992 1716 2029 in
1746 1991 1836 2029 Deo
1863 1993 2123 2041 acqme‘scere;

175 2046 305 2082 Deum
347 2047 452 2095 quod
487 2051 583 2084 esset
619 2047 815 2097 salutare,
857 2047 1056 2084 clementer
1090 2048 1360 2096 perfecturum
1397 2046 1452 2083 ad
1469 2045 1643 2093 glaream
1671 2057 1792 2082 suam.
1835 2044 1993 2083 Sciebat
2019 2045 2123 2084 enim

175 2109 337 2137 aureum
377 2098 473 2137 illud
512 2099 660 2148 antiqui
700 2112 746 2137 ac
787 2099 838 2149 pij
883 2099 1056 2138 doctoris
1097 2099 1247 2137 dictum
1288 2110 1372 2137 esse
1401 2098 1662 2145 verissimum,
1692 2099 1926 2136 Mortalitas
1953 2100 2029 2136 ista
2046 2128 2057 2150 ,
2085 2103 2128 2138 vt

175 2152 358 2202 ludaeis,
393 2152 606 2190 Gentilibus
635 2153 685 2190 ἂν
715 2152 864 2191 Christi
888 2153 1058 2190 lzoslz'bus
1074 2153 1198 2203 pestis
1226 2157 1282 2190 est
1289 2163 1305 2198 ,·
1331 2153 1387 2189 ita
1414 2152 1497 2188 Dei
1517 2152 1643 2189 seruis
1663 2152 1852 2189 salutaris
1871 2163 2043 2190 excessus
2057 2157 2122 2190 est.

177 2204 352 2255 Sciebat,
382 2217 454 2255 pro
483 2217 552 2243 sua
579 2205 766 2254 sapientia
795 2208 830 2244 &
851 2205 992 2256 pietate
1013 2205 1214 2256 singulari,
1239 2203 1334 2243 nihil
1356 2217 1439 2243 esse
1461 2204 1630 2255 stultius,
1654 2203 1749 2243 nihil
1771 2203 1985 2255 indignius,
2005 2206 2122 2254 quam

176 2258 227 2297 ad
270 2257 442 2307 praemia
482 2258 661 2297 caelestia
701 2270 783 2296 non
826 2259 1018 2308 obsequio
1059 2258 1268 2297 voluntatis
1309 2257 1535 2308 adcurrere,
1576 2257 1645 2296 sed
1685 2257 1923 2296 necessitatis
1962 2257 2120 2296 vinculo

174 2310 339 2350 inuitum
379 2311 490 2349 trahi.
533 2311 805 2360 Quamobrem
848 2312 988 2351 eadem
1028 2324 1118 2350 vsus
1157 2311 1275 2350 animi
1316 2310 1592 2360 tranquillitate
1628 2323 1676 2349 ac
1703 2310 1794 2349 fidei
1823 2310 2041 2349 constantia
2068 2311 2120 2349 ad

174 2370 374 2414 posterum
404 2364 509 2403 diem
536 2363 719 2413 Mercurij
747 2365 786 2403 in
809 2365 1004 2404 caloribus
1017 2365 1090 2404 illis
1105 2364 1346 2415 perdurauit,
1369 2364 1512 2402 morbo
1527 2363 1650 2414 magis
1664 2368 1828 2414 magisq.
1843 2364 2117 2402 inualescente.

172 2417 372 2455 Aduersus
413 2430 530 2467 quern
566 2417 754 2456 insomnis
791 2418 932 2468 partim
965 2419 1074 2457 verbi
1112 2418 1233 2457 diuini
1271 2417 1404 2468 gladio
1433 2419 1568 2466 (quem
1595 2429 1643 2456 ex
1671 2430 1784 2456 sacro
1810 2418 2054 2456 Psalmorum
2083 2419 2120 2456 &

173 2470 320 2521 primae
361 2471 412 2508 ad
452 2470 677 2509 Corinthios
718 2471 904 2521 epistolae
945 2471 1133 2523 armario,
1162 2484 1231 2521 per
1259 2469 1547 2510 ornatissimum
1577 2472 1613 2509 &
1640 2470 1910 2509 fidelissimum
1937 2470 2119 2509 iuuenem

175 2523 395 2562 Samuelem
442 2523 644 2562 Riuerium
685 2524 834 2563 curauit
877 2524 1094 2574 depromi),
1137 2523 1277 2574 partim
1317 2523 1388 2583 pio
1413 2535 1575 2573 precum
1605 2523 1767 2576 ardore,
1796 2535 1913 2573 quem
1942 2523 2121 2562 manibus

173 2575 333 2626 iunctis,
362 2577 470 2615 vultu
497 2577 548 2614 ad
569 2577 722 2615 caelum
748 2578 901 2616 sublato
931 2579 967 2616 &
995 2577 1214 2616 coniunctis
1241 2576 1410 2627 suspiriis
1436 2582 1597 2615 testatus
1625 2583 1702 2629 est·
1716 2583 1799 2615 tota
1814 2576 1879 2614 illa
1894 2582 2013 2614 nocte
2029 2589 2121 2615 con-

176 2627 351 2667 certauit.
379 2629 482 2668 Illud
511 2629 604 2667 mihi
633 2635 727 2668 tunc
752 2630 998 2669 incommodi
1027 2630 1242 2678 acciderat,
1271 2629 1380 2680 quod
1408 2630 1545 2689 (quum
1573 2607 1702 2680 pridie
1722 2629 1799 2668 d1e1
1814 2629 1969 2676 Martis
1985 2629 2121 2668 intem-

178 2688 289 2732 pesta
315 2688 455 2734 nocte,
482 2689 621 2732 rogatu
648 2682 824 2734 coniugis
854 2683 954 2722 illius
980 2684 1168 2733 afflictae,
1197 2660 1248 2721 ad
1277 2695 1386 2733 eam,
1415 2682 1505 2721 licet
1531 2682 1572 2721 in
1600 2683 1678 2721 fide
1706 2685 1741 2721 &
1770 2695 1839 2732 spe
1854 2688 2118 2732 constantem,

178 2734 342 2785 amplius
383 2735 578 2774 saeuiente
619 2736 752 2784 mor(f.
782 2738 914 2786 22.)b0
951 2736 1222 2775 consolatione
1256 2735 1558 2784 subleuandam,
1587 2748 1713 2775 essem
1741 2735 1904 2784 accitus)
1933 2748 2117 2786 cogerer,

181 2794 372 2826 nocturna
398 2788 495 2827 caeli
523 2788 752 2839 intemperie
780 2789 972 2842 offensus,
1000 2797 1154 2840 sumpta
1182 2788 1438 2839 postmodum
1465 2788 1676 2840 medicina,
1698 2788 1761 2828 die
1784 2787 2117 2847 Mercurij,·domi

1813 2853 1878 2880 me
1903 2848 2115 2880 continere.
