2334 3020
271 121 344 156 260
904 126 1117 153 THESES
1158 126 1582 154 THEOLOGICAE.

263 236 428 284 vtrobiq.
456 236 563 272 Deus
591 242 648 271 est
675 233 714 270 in
743 232 956 271 mediatore
982 232 1151 271 foederis
1179 231 1346 271 Christo.
1388 247 1422 271 2.
1449 234 1494 271 In
1522 232 1668 282 reipsa,
1699 244 1766 270 seu
1797 232 1955 271 materia
1984 233 2193 283 spirituali:

261 301 399 337 nempe
440 286 561 337 gratia
598 286 669 324 Dei
707 286 882 336 Christo,
911 287 947 324 δι
975 285 1171 323 beneficiis
1199 284 1279 323 eius
1311 285 1448 323 merito
1481 285 1600 336 ipsius
1628 285 1837 334 acquisitis.
1879 285 2072 324 Differunt
2099 288 2193 324 vero

259 341 316 379 his
348 339 591 390 potissimum
620 338 759 377 modis.
786 340 817 377 Ι.
844 338 883 376 in
913 340 1038 376 forma
1065 337 1233 376 externa.
1265 337 1381 387 Signa
1408 338 1512 377 enim
1536 339 1680 377 &ritus
1694 338 1790 376 alios
1806 340 2024 377 habuerunt
2040 346 2194 389 vetera,

258 394 352 432 alios
393 393 540 430 habent
578 402 694 430 noua.
739 404 773 430 2.
815 390 854 429 in
892 390 1188 429 circumstantiis
1233 404 1264 429 1.
1294 392 1480 429 Numero.
1524 392 1626 430 Nam
1655 393 1905 430 Sacramenta
1935 392 1984 429 N.
2012 393 2061 430 T.
2089 392 2191 441 duo,

258 453 364 488 sunt.
404 458 477 484 nec
513 446 644 494 plura,
681 443 833 482 Veteris
870 446 963 483 vero
999 445 1153 482 fuerunt
1180 444 1302 493 plura.
1335 457 1369 481 2.
1397 443 1436 481 in
1465 444 1585 482 modo
1613 443 1870 494 significandi.
1914 445 2056 482 Nostra
2086 444 2189 482 enim

258 498 439 548 liquidius
479 497 659 548 gratiam,
701 497 898 536 Christum
940 497 976 534 &
1017 496 1097 535 eius
1124 496 1316 534 beneficia
1343 503 1651 546 repraesentant:
1681 496 1745 534 illa
1773 496 2004 545 obscurius,
2033 496 2099 535 illa
2127 510 2187 535 res

259 550 496 590 exhibendas
538 550 846 600 adumbrabant,
887 557 1020 588 nostra
1049 551 1142 588 vero
1170 562 1231 587 res
1259 548 1337 587 iam
1366 549 1556 587 exhibitas
1585 549 1812 599 significant.
1843 562 1878 599 3.
1907 549 1947 587 in
1974 549 2193 589 duratione.

260 606 329 642 Illa
356 603 460 642 enim
488 610 596 642 erant
624 602 876 653 temporaria,
905 613 1004 652 quae
1033 603 1240 652 propterea
1267 603 1428 641 vmbrae
1455 613 1584 641 rerum
1612 603 1827 640 futurarum
1857 615 2007 641 cessare
2037 602 2194 641 Christo

260 657 436 695 veniente
478 656 688 694 debebant.
729 657 871 694 Nostra
909 658 1001 694 vero
1030 662 1118 693 sunt
1146 661 1354 704 perpetua,
1383 667 1483 705 quae
1512 663 1551 694 vt
1579 655 1777 694 Christum
1805 655 2019 694 exhibitum
2049 668 2196 705 reprae-

258 709 448 748 sentantia
475 710 525 747 ad
553 708 935 748 consummationem
962 708 1082 747 seculi
1110 718 1231 757 vsque
1261 707 1469 747 durabunt.
1498 721 1535 755 4.
1562 707 1602 746 in
1631 707 1877 757 extensione,
1906 708 2009 758 Quia
2037 708 2101 746 illa
2116 709 2195 746 fere

257 763 349 801 solis
393 761 609 800 Abrahami
648 761 813 811 posteris
854 768 963 800 erant
996 761 1192 811 instituta,
1221 761 1320 799 haec
1350 763 1443 800 ver&
1471 761 1522 800 ad
1550 767 1676 800 totam
1703 760 1949 800 Catholicam
1980 760 2197 800 Ecclesiam

310 823 434 853 rtmen
564 827 637 852 err1
661 844 670 852 .

256 828 372 907 pem.
429 821 530 907 Cillrrir
547 821 704 906 1:autiem
741 868 789 905 N.
817 869 865 905 T.
902 866 966 905 illa
1008 873 1159 904 tantum
1186 865 1262 904 sint
1290 879 1380 905 vera
1408 869 1443 905 δι
1473 866 1644 917 legitima
1672 867 1945 916 Sacramenta,
1975 878 2076 916 quae
2105 873 2195 905 sunt

256 921 501 960 ceremoniae
527 920 808 958 institutionem
836 919 979 959 Christi
1006 920 1192 958 habentes
1222 925 1407 968 tanquam
1436 921 1611 969 regulam
1627 918 1893 957 formatricem
1910 918 2196 969 praescriptam

259 974 330 1013 toti
370 972 569 1012 Ecclesiae
611 984 702 1012 cum
745 973 895 1011 annexa
936 971 1194 1023 promissione
1229 971 1376 1022 gratiae
1413 971 1695 1022 Euangelicae:
1725 971 1837 1010 acin
1866 972 2009 1011 nostris
2037 972 2198 1021 quidem

259 1026 516 1066 Sacramentis
558 1026 773 1075 (Baptismo
815 1029 850 1065 &
887 1025 1144 1074 Eucharistia)
1182 1024 1273 1063 solis
1302 1025 1375 1064 hae
1404 1025 1651 1064 conditiones
1683 1024 1942 1074 reperiantur,
1971 1025 2011 1063 in
2039 1024 2197 1074 reliquis

261 1084 353 1119 vero
398 1079 690 1118 Pontificiorum
731 1079 903 1128 quinque
946 1078 1123 1127 minime,
1166 1090 1246 1115 non
1274 1077 1467 1117 immerito
1497 1078 1800 1128 Poenitentiam,
1829 1077 2199 1129 Confirmationem,

259 1133 496 1172 Vnctionem
544 1139 763 1182 externam,
812 1132 1003 1171 Ordinem
1047 1130 1384 1183 Ecclesiasticum,
1429 1130 1723 1170 Matrimonium
1766 1144 1813 1170 ex
1854 1132 2195 1170 Sacramentorum

259 1199 422 1225 numero
450 1185 722 1236 expungimus.

1110 1334 1360 1343 ,—

627 1467 671 1503 L.
728 1467 815 1504 DE
856 1466 1373 1504 SACRAMENTIS
1415 1466 1486 1503 IN
1527 1466 1828 1504 GENERE.

908 1593 1125 1622 THESES
1169 1594 1560 1622 ELENCHICAE.

328 1700 470 1751 Quam
514 1701 679 1750 Satan,
720 1701 886 1743 salutis
928 1708 1106 1743 nostrae
1148 1702 1327 1744 iuratus
1370 1702 1531 1751 hostis,
1567 1715 1792 1755 nunquam
1826 1701 1972 1755 magis
2006 1701 2200 1742 saeuz‘tat

260 1765 391 1814 qaam
423 1762 541 1802 inter
566 1762 750 1816 fideles,
780 1776 996 1815 nusquam
1022 1763 1250 1816 operosius
1268 1763 1471 1804 insaniat
1486 1765 1617 1816 qaam
1635 1762 1683 1803 z‘n
1701 1762 2001 1802 Sacramentz‘s
2017 1794 2025 1810 ‚
2044 1768 2200 1814 operae

258 1822 454 1874 pretium
492 1823 602 1870 erit,
642 1822 805 1863 detecto
845 1836 1049 1864 errorum
1075 1824 1180 1875 fuco
1196 1856 1205 1873 ,
1240 1823 1403 1864 nudam
1430 1823 1664 1864 veritatem
1697 1822 1889 1871 intueri,
1923 1829 1971 1863 vt
1999 1829 2085 1875 per
2120 1821 2202 1862 Sa-

262 1889 508 1932 cramenta,
543 1882 668 1924 verbi
696 1883 980 1936 appendices,
1014 1884 1061 1924 in
1086 1883 1182 1938 fide
1196 1883 1472 1938 confirmati,
1500 1881 1730 1925 Christum
1749 1896 1845 1923 cum
1863 1886 1954 1923 suis
1976 1882 2201 1937 beneflciis

257 1942 376 1983 nobis
407 1943 706 1996 applicemus:
735 1950 778 1983 et
808 1944 874 1984 ita
899 1943 1180 1996 palmariam
1212 1944 1330 1997 qaod
1357 1944 1479 1986 nobis
1513 1943 1657 1984 Satan
1689 1942 1861 1996 eripere
1893 1949 2103 1991 conatur,
2123 1941 2202 1983 illi

259 2003 514 2057 eripiamus.
550 2003 620 2044 Ac
650 2003 853 2057 primam
883 2018 1072 2058 agamus
1103 2004 1154 2045 de
1186 2005 1384 2053 nomina
1416 2004 1602 2046 secunde
1633 2004 1685 2044 de
1716 2018 1761 2044 re
1792 2003 1906 2056 ipsa.

1092 2130 1308 2167 THEsrs
1348 2129 1380 2167 I.

315 2243 438 2283 Vocis
477 2245 716 2284 Sacramenti
752 2248 973 2293 πολυσημὶα
1010 2257 1058 2283 ex
1091 2244 1178 2283 finis
1215 2245 1490 2284 obseruatione
1519 2243 1629 2283 duxit
1660 2243 1866 2294 originem.
1896 2244 2066 2293 Qualem
2097 2242 2201 2281 enim

265 2296 492 2336 indicabant
520 2298 716 2348 Theologi
744 2297 860 2336 fuisse
888 2299 1007 2336 finem
1030 2297 1281 2348 institutoris,
1309 2298 1372 2336 vel
1401 2297 1456 2335 rei
1484 2297 1679 2336 institutae
1703 2298 1884 2335 effectum
1901 2297 2018 2335 talem
2034 2295 2202 2334 nominis

263 2362 418 2388 sensum
447 2351 651 2389 finxerunt.
680 2351 798 2389 Vnde
825 2352 970 2388 factum
997 2358 1078 2401 est,
1109 2358 1147 2390 vt
1176 2352 1468 2389 Sacramentum
1494 2349 1701 2400 dupliciter
1728 2349 2013 2388 consideretur:
2043 2347 2202 2386 Politice

266 2404 327 2441 vel
368 2403 654 2442 Ecclesiastice.
696 2403 920 2442 Secundum
955 2403 1122 2454 primam
1155 2404 1424 2454 acceptionem
1459 2403 1598 2452 ἔτυμον
1628 2403 1668 2441 in
1694 2416 1736 2441 re
1765 2401 1869 2440 ciuili
1896 2401 2035 2440 dicitur
2060 2403 2084 2439 a
2113 2402 2203 2439 loco

263 2468 395 2506 sacro,
422 2455 460 2494 in
491 2467 570 2505 quo
599 2457 869 2506 deponebatur
895 2456 1129 2507 litigantium
1158 2457 1344 2507 pecunia,
1361 2467 1532 2506 quorum
1550 2456 1708 2495 vincens
1725 2466 1834 2494 suam
1848 2455 2066 2503 auferebat,
2082 2453 2206 2492 vietus

263 2519 373 2547 suam
403 2509 551 2548 aerario
580 2509 834 2559 relinquebat.
863 2510 937 2547 Vel
964 2510 1001 2547 in
1031 2523 1071 2548 re
1102 2510 1281 2548 militaria
1307 2510 1524 2548 iuramento
1554 2521 1625 2558 per
1653 2510 1818 2547 Sacrum
1836 2507 2025 2557 quiddam
2040 2520 2093 2545 sc.
2113 2508 2204 2545 cum

264 2561 405 2600 milites
435 2561 616 2600 sacrandi
645 2562 873 2612 obligabant
900 2574 941 2600 se
970 2562 1060 2600 duci
1090 2574 1180 2613 suo,
1211 2562 1371 2612 eiusque
1398 2560 1826 2611 insigniajnduebant,
1855 2573 1924 2610 per
1953 2571 2054 2610 quae
2075 2561 2098 2598 a
2122 2559 2204 2597 reli-

267 2614 352 2664 quis
387 2614 719 2653 discernebantur.
754 2625 834 2664 quo
871 2626 985 2653 sensu
1012 2617 1220 2654 voluerunt
1260 2617 1296 2653 T
1298 2614 1458 2665 heologi
1486 2615 1807 2663 Sacramentum,
1836 2619 1971 2651 notam
2000 2624 2106 2662 esse,
2134 2624 2204 2662 per

268 2678 385 2716 quam
414 2670 437 2705 a
466 2667 621 2716 reliquis
651 2668 817 2706 Satanae
845 2668 1053 2719 synagogis
1082 2679 1321 2718 separamur.

320 2733 353 2757 2.
409 2721 631 2758 Secundum
659 2720 913 2770 posteriorem
941 2720 1147 2770 dupliciter
1173 2721 1302 2760 denuo
1330 2719 1609 2758 consideratur.
1641 2719 1832 2769 Opposite
1860 2731 1913 2757 sc.
1945 2719 2036 2756 cum
2051 2729 2198 2755 nomen

267 2771 484 2811 attribuitur
511 2773 662 2811 tantum
690 2773 800 2824 signo
828 2781 894 2812 aut
922 2772 1073 2824 signato
1101 2786 1171 2824 per
1198 2774 1493 2823 synecdochen,
1524 2778 1565 2811 vt
1592 2773 1724 2811 Patres
1752 2770 1925 2822 plerique
1946 2769 2068 2861 lpcugi
2087 2776 2197 2860 spntg:

1916 2836 1962 2862 ve
2006 2836 2028 2860 a
2059 2834 2102 2861 so
2119 2828 2160 2859 ut
2190 2852 2201 2873 ,
