2334 3020
305 91 382 135 408
1012 98 1278 126 EIRENICI
1320 100 1460 127 PARS
1501 99 1526 127 1.

301 204 434 243 monio
465 204 502 241 in
532 205 668 242 animis
696 205 868 254 ipsorum
898 206 948 242 ab
976 205 1046 243 ista
1062 205 1263 254 iniquitate
1284 205 1322 243 in
1337 218 1428 244 suos
1443 208 1576 245 fratres
1591 204 1780 244 reuocari.
1811 206 1958 243 Natura
1973 205 2077 243 enim
2093 218 2228 243 omnes

300 257 523 307 ignorantes
552 270 680 295 rerum
709 257 959 307 spiritualium
986 271 1089 307 esse,
1120 259 1248 296 donec
1276 272 1340 297 eas
1364 272 1437 297 nos
1460 261 1568 297 Deus
1583 258 1778 297 docuerit:
1806 271 1880 296 nec
1896 259 1981 307 plus
1996 257 2230 308 cognitionis

300 312 348 349 de
376 310 448 348 illis
475 323 589 359 posse
616 310 730 349 nobis
760 311 1004 360 contingere,
1033 313 1151 360 quam
1179 318 1293 360 prout
1321 312 1370 350 de
1397 323 1467 350 suo
1482 312 1626 350 lumine
1642 314 1746 350 Deus
1763 311 1987 349 accenderit
2002 311 2230 349 demensum

297 364 399 401 fidei.
430 363 718 412 Experientiam
745 366 839 401 vero
867 364 967 401 vitae
994 371 1193 402 anteactae
1221 370 1376 403 nostrae
1405 365 1445 403 id
1473 364 1600 414 ipsum
1629 363 1760 402 testari
1787 363 2110 402 luculentissime:
2141 365 2230 402 cum

298 429 434 455 omnes
461 418 485 453 a
512 416 647 454 natura
674 417 848 455 infideles
877 429 917 454 se
944 416 1060 454 fuisse
1089 417 1161 455 sibi
1188 417 1264 455 sint
1291 418 1459 467 conscij,
1488 419 1523 455 &
1551 419 1733 467 abreptos
1760 416 1876 455 fuisse
1900 424 1989 466 post
2003 417 2109 454 idola
2124 424 2230 454 muta

298 471 333 507 &
371 468 505 507 mundi
538 469 747 507 vanitatem
790 477 906 519 prout
942 470 1167 519 contigerit:
1202 482 1329 519 neque
1363 478 1445 508 tum
1477 471 1593 509 fuisse
1627 472 1795 508 futurum
1825 477 1976 519 gratum
2010 468 2229 518 iustumque

297 522 410 560 nobis
438 521 631 571 officium,
661 523 754 560 dum
781 522 854 560 illis
882 523 1051 561 tenebris
1081 523 1325 561 circumclusi
1352 525 1628 572 haerebamus,
1657 523 1690 560 si
1717 526 1801 572 quis
1829 523 2021 561 insolente
2044 523 2143 560 fastu
2157 535 2230 560 nos

297 575 335 613 in
363 575 533 613 tenebris
560 575 711 614 sinisset
735 582 1062 625 computrescere.
1090 577 1292 614 Postremo
1316 583 1443 614 autem
1469 583 1712 626 praesentem
1728 575 1872 625 gratiae
1888 575 2042 613 diuinae
2057 575 2230 613 infirmos

298 628 517 667 sustinentis
559 631 594 667 δε
636 641 775 667 636605
815 628 1036 667 illustrantis
1076 629 1356 668 conscientiam
1397 629 1487 668 satis
1529 630 1734 668 ostendere
1768 635 1902 666 tenues
1936 628 2019 666 illas
2047 628 2230 666 scintillas

297 681 450 719 diuinae
487 683 584 719 lucis
620 694 701 719 non
739 682 997 720 exsufflandas
1033 683 1152 733 fastu,
1188 689 1253 720 aut
1293 689 1522 733 contemptu
1551 682 1834 732 extinguendas
1863 694 1968 729 esse,
2003 682 2072 720 sed
2100 681 2230 731 magni

296 747 449 784 semper
484 735 700 785 faciendas,
736 736 842 773 velut
875 734 1028 785 spiritus
1063 735 1139 773 Dei
1167 747 1349 785 munera,
1386 747 1503 784 quem
1531 748 1580 773 ne
1609 735 1649 773 in
1677 734 1846 773 minimis
1874 734 2033 784 quidem
2060 734 2230 784 puerulis

296 795 474 836 oporteat
502 787 732 826 contristari.
775 788 826 826 Et
850 788 934 837 quis
965 788 1135 838 dubitat,
1173 788 1266 837 quin
1302 788 1342 826 in
1378 801 1426 826 eo
1462 789 1549 839 ipso
1586 787 1799 826 dicentium
1826 799 2011 838 numero,
2039 799 2138 837 quos
2166 787 2230 825 hic

296 842 545 878 commendat
574 841 722 890 Dauid,
752 840 892 879 fuerint
920 841 1098 880 homines
1127 841 1282 879 omnius
1310 842 1460 892 generis
1490 842 1705 880 secundum
1729 842 1837 879 dona
1860 840 2071 890 Spiritus&
2087 841 2230 890 gradus

296 894 498 940 scientiae,
528 893 594 942 qui
621 894 864 942 temporibus
892 894 964 932 illis
993 902 1171 944 poterant
1199 894 1426 945 contingere
1451 895 1551 933 inter
1569 908 1609 933 se
1623 892 1910 944 distinguendi?
1939 894 2095 932 fuerunt
2109 894 2229 944 docti,

296 947 464 995 indocti,
498 947 616 990 firmi,
651 947 812 996 infirmi,
851 947 1014 997 excelsi,
1052 948 1286 992 mediocres,
1325 954 1482 997 tenues,
1519 961 1655 986 ornnes
1692 949 1732 986 in
1769 947 1912 986 eodem
1950 960 2129 986 sermone
2156 960 2229 997 pro

295 1001 457 1038 modulo
487 1000 711 1038 donationis
741 1000 884 1038 Christi
912 1001 1111 1050 occupati:
1141 1001 1189 1038 de
1218 1000 1358 1049 quibus
1388 1001 1571 1039 omnibus
1600 1000 1820 1050 promiscue
1848 999 1980 1038 Dauid
1996 1002 2158 1038 laetatus
2173 1006 2229 1038 est

295 1053 345 1090 ad
380 1052 576 1091 Christum
612 1065 821 1091 commune
851 1062 967 1103 caput
996 1053 1121 1092 omnis
1151 1054 1246 1092 boni
1273 1054 1414 1101 nostri,
1449 1067 1528 1092 non
1558 1055 1609 1092 ad
1635 1065 1845 1092 commune
1873 1055 2020 1092 malum
2046 1052 2229 1091 vitiosita-

294 1110 451 1154 te'mque
479 1114 638 1144 naturae
666 1114 821 1144 nostrae
850 1107 1079 1156 respiciens,
1108 1109 1143 1144 &
1175 1107 1212 1144 in
1241 1107 1423 1145 omnibus
1452 1109 1649 1145 honorans
1677 1106 1751 1145 Dei
1778 1106 2000 1157 imaginem.
2029 1106 2141 1154 Quae
2169 1119 2227 1144 res

296 1159 408 1197 nobis
438 1159 620 1197 omnibus
648 1172 731 1197 esse
761 1160 1000 1198 documento
1027 1160 1162 1209 debet,
1191 1167 1232 1197 vt
1259 1173 1386 1209 neque
1411 1173 1664 1210 personarum
1680 1159 1849 1205 ratione,
1879 1172 2005 1209 neque
2020 1158 2228 1209 tenuitatis,

293 1212 541 1259 infirmitatis,
580 1220 645 1249 aut
679 1212 920 1262 ignorantiae
958 1213 1108 1251 illarum
1144 1213 1388 1251 abducamur
1421 1216 1444 1251 a
1479 1214 1587 1252 dono
1616 1214 1690 1251 Dei
1720 1214 2137 1262 (quantulumcumque
2165 1212 2227 1260 sit)

294 1265 331 1301 in
368 1264 459 1314 ipsis
487 1266 827 1314 recognoscendo:
867 1267 936 1304 sed
964 1268 1022 1304 vel
1053 1265 1318 1304 tenuissimam
1345 1266 1441 1305 111615
1470 1267 1623 1304 diuinae
1651 1266 1876 1314 scintillam,
1917 1279 2034 1316 quam
2061 1265 2228 1316 gratiose

298 1319 400 1356 Deus
429 1318 798 1367 communicauerit,
827 1326 986 1369 propter
1014 1320 1142 1356 Deum
1171 1320 1206 1357 &
1235 1319 1432 1358 Christum
1461 1322 1496 1358 &
1526 1320 1710 1369 Spiritum
1732 1319 1811 1357 eius
1828 1319 2068 1357 habitantem
2083 1319 2121 1356 in
2136 1319 2227 1368 ipsis

294 1372 496 1408 foueamus
524 1371 835 1421 diligentissime,
864 1371 1128 1421 laetitiamque
1157 1374 1364 1410 fraternam
1396 1373 1443 1411 de
1471 1372 1543 1411 illis
1572 1373 1769 1422 capiamus
1798 1372 1944 1422 spiritu.

347 1425 466 1472 Quod
498 1431 627 1462 autem
656 1426 851 1473 Propheta
879 1424 973 1463 dicit
1001 1426 1103 1463 hanc
1133 1424 1205 1463 sibi
1232 1425 1414 1463 laetitiam
1444 1427 1559 1464 fuisse
1575 1427 1730 1464 allatam
1747 1427 1790 1463 de
1805 1426 2009 1464 dicentibus
2024 1426 2118 1476 sibi,
2146 1438 2226 1463 non

295 1483 352 1514 est
380 1476 561 1514 otiosum.
591 1491 682 1515 nam
710 1477 906 1515 Dauidem
935 1479 1012 1516 hoc
1040 1479 1161 1516 verbo
1186 1479 1278 1528 sibi,
1308 1479 1510 1517 statuimus
1536 1479 1615 1517 duo
1646 1478 1849 1517 hominum
1878 1491 2022 1529 genera
2035 1478 2225 1517 innuisse:

293 1541 459 1578 quorum
487 1530 548 1578 alij
580 1529 789 1568 vocatione
818 1530 1036 1579 communi,
1066 1530 1126 1579 alij
1157 1530 1339 1580 singulari
1367 1532 1440 1569 hos
1469 1540 1624 1570 sanctos
1652 1545 1851 1570 sermones
1879 1544 1968 1570 cum
1984 1531 2138 1570 Dauide
2161 1533 2226 1569 ha-

293 1581 456 1620 buerint.
487 1582 717 1620 Communis
748 1583 903 1621 vocatio
933 1591 989 1622 est
1016 1583 1172 1622 Pietatis
1201 1584 1509 1634 Charitati'sque,
1537 1597 1656 1634 quam
1684 1587 1771 1623 Deo
1793 1585 2022 1635 &proximo
2040 1586 2226 1624 debemus

292 1634 443 1684 singuli.
474 1636 640 1673 Vocatio
672 1639 763 1674 vero
792 1635 857 1674 illa
884 1637 1085 1687 singularis
1113 1644 1190 1687 est,
1221 1637 1390 1675 muneris
1419 1645 1535 1686 atque
1564 1638 1737 1689 consilij,
1775 1651 1855 1688 quo
1883 1651 1974 1677 cum
2003 1651 2092 1689 rege
2120 1651 2225 1677 com-

292 1688 491 1726 municare
519 1688 556 1725 in
586 1701 626 1726 re
655 1696 760 1726 tanta
787 1691 1023 1727 tenebantur
1052 1701 1323 1739 quoscumque
1352 1692 1458 1728 Deus
1487 1691 1537 1728 ad
1567 1691 1770 1729 consilium
1786 1691 1987 1741 publicum
2004 1691 2226 1741 Ecclesiae,

294 1742 329 1778 81
356 1742 441 1778 Rex
467 1741 517 1778 ad
546 1741 750 1779 consilium
779 1742 885 1791 regni
913 1743 1108 1792 allegerat.
1136 1744 1274 1792 Neque
1302 1742 1414 1780 enim'
1436 1743 1598 1782 dubium
1625 1750 1701 1792 est,
1730 1745 1824 1794 quin
1855 1745 2126 1795 Sacerdotum,
2154 1748 2226 1784 Le-

292 1793 456 1831 uitarum
500 1795 860 1844 Prophetarumque
900 1795 1104 1833 consilium
1147 1796 1186 1833 in
1228 1796 1344 1833 rebus
1380 1796 1510 1833 Dauid
1544 1797 1760 1848 acceperit,
1802 1800 1837 1836 &
1877 1799 1916 1836 in
1959 1798 2004 1837 iis
2045 1810 2147 1848 quae
2174 1800 2224 1836 ad

293 1846 471 1883 ordinem
501 1848 701 1895 publicum
730 1847 1017 1896 pertinuerunt,
1045 1848 1209 1886 aliorum
1237 1859 1395 1897 quoque
1424 1849 1631 1887 sententias
1659 1850 1854 1901 rogauerit
1884 1863 1984 1901 quos
2014 1852 2063 1889 ad
2079 1852 2226 1900 publici

293 1898 439 1936 ordinis
467 1911 599 1937 curam
628 1902 663 1938 &
688 1900 1028 1939 conseruationem
1043 1900 1272 1939 adhibebat:
1290 1902 1624 1950 quemadmodum
1639 1916 1686 1941 ex
1701 1903 1827 1941 verbis
1842 1904 2009 1942 auctoris
2029 1918 2061 1943 1.
2078 1905 2225 1943 Chron.

297 1965 354 1999 13.
384 1953 419 1989 δε
454 1962 510 2000 15.
550 1953 585 1989 δε
614 1960 801 2002 sequente
839 1955 957 2002 con(f.
988 1955 1269 2001 688)firmatur.
1308 1954 1438 2003 Atque
1475 1956 1572 1993 haec
1600 1957 1778 2004 profecto
1806 1957 1976 1995 maxima
2004 1964 2061 1995 est
2090 1960 2146 2005 (vt
2173 1958 2225 1995 ita

292 2005 481 2052 (1163111115)
520 2005 652 2043 11165515
690 2009 912 2055 fructusque
949 2006 1139 2044 maximus
1178 2006 1384 2056 spiritualis
1421 2007 1521 2046 illius
1550 2009 1679 2058 gaudij
1708 2009 1776 2058 qui
1801 2010 1865 2048 hic
1892 2011 1931 2048 in
1960 2010 2069 2048 terris
2096 2017 2226 2060 potest

291 2057 535 2107 contingereq
575 2060 663 2096 cum
702 2072 838 2096 omnes
876 2059 1032 2097 ordines
1067 2067 1201 2097 sancta
1229 2059 1487 2098 consensione
1515 2060 1698 2100 diuinitus
1727 2062 1850 2101 indita
1877 2063 1953 2101 suis
1981 2062 2224 2114 Principibus

291 2110 441 2158 dicunt,
470 2112 504 2148 ἃ*
532 2111 604 2148 11115
632 2111 800 2149 vicissim
830 2110 1048 2161 Principes,
1077 2125 1123 2150 ea
1150 2123 1250 2161 quae
1278 2112 1329 2150 ad
1357 2113 1674 2152 constitutionem
1703 2116 1812 2165 regni
1840 2115 1915 2154 Dei
1947 2116 2115 2155 sentiunt
2142 2130 2224 2166 per-

292 2163 430 2200 tinere:
455 2164 680 2212 praesertim
709 2164 739 2202 si
768 2164 869 2202 iusto
899 2165 1035 2203 ordine
1054 2172 1229 2219 ⁵aguntur
1257 2164 1409 2213 omnia,
1437 2177 1554 2215 quem
1588 2181 1618 2204 1.
1649 2168 1794 2206 Chron.
1817 2182 1875 2218 13.
1903 2170 1939 2207 &
1976 2180 2034 2218 15.
2061 2169 2224 2220 legimus

292 2215 555 2254 informatum.
598 2218 698 2254 Nam
734 2218 841 2255 Deus
877 2217 1046 2266 primum
1080 2217 1276 2267 permouit
1308 2218 1427 2267 Regis
1455 2218 1613 2257 Dauidis
1641 2221 1813 2259 animum
1841 2222 1893 2259 ad
1920 2232 2093 2260 sanctam
2122 2224 2223 2260 hanc

292 2268 588 2318 cogitationem,
617 2273 784 2318 eumque
813 2269 950 2319 spiritu
978 2283 1048 2308 suo
1077 2271 1178 2308 intus
1205 2271 1397 2308 allocutus
1424 2278 1499 2309 est:
1528 2273 1605 2310 hoc
1627 2272 1768 2311 deinde
1789 2281 1948 2313 auctore
1976 2275 2106 2313 Dauid
2134 2287 2223 2313 cum

293 2333 363 2359 suo
400 2322 574 2359 Consilio
604 2322 886 2371 communicat,
927 2337 942 2360 1
973 2323 1158 2361 Chronic.
1193 2335 1251 2371 13.
1279 2326 1368 2372 post
1398 2325 1446 2362 de
1473 2325 1664 2363 sententia
1691 2327 1850 2376 Consilij
1880 2327 2062 2366 omnibus
2091 2327 2224 2366 indicit

292 2386 374 2411 rem
402 2374 670 2412 deliberatam:
702 2375 870 2424 denique
896 2375 951 2413 sic
978 2376 1226 2414 instituuntut
1249 2376 1401 2427 omnia,
1429 2385 1470 2414 vt
1485 2378 1736 2417 Deusordini
1750 2379 1912 2430 praesit,
1944 2393 2080 2419 omnes
2093 2382 2223 2419 Deum

293 2435 502 2475 sequantur
537 2427 695 2475 ordine,
731 2429 765 2465 δε
803 2428 855 2465 ita
893 2428 1149 2466 conficiantur
1184 2441 1228 2466 ea
1264 2440 1363 2477 quae
1398 2430 1476 2467 iam
1505 2429 1598 2468 olim
1627 2433 1735 2469 Deus
1763 2433 1848 2482 lege
1874 2433 2116 2482 promiserat.
2158 2433 2222 2472 Sic

292 2479 545 2528 multiplicem
572 2480 755 2517 laetitiam
784 2481 956 2530 percepit
984 2481 1135 2529 Dauid,
1174 2482 1263 2518 cum
1291 2484 1413 2530 aeque
1442 2482 1480 2519 in
1509 2480 1672 2521 consilio
1702 2496 1773 2522 suo
1803 2499 1850 2523 ac
1877 2486 1917 2523 in
1945 2487 2126 2525 vniuerso
2155 2500 2223 2536 po—

291 2532 383 2580 pulo
413 2532 563 2581 pietatis
591 2532 760 2570 studium
788 2533 1133 2583 animaduerteret,
1172 2533 1350 2571 Studium
1378 2533 1532 2573 autem?
1570 2535 1648 2574 imo
1678 2536 1794 2575 etiam
1824 2538 1998 2576 officium
2026 2539 2222 2578 studiosis-

292 2584 453 2634 simum,
498 2587 586 2622 cum
638 2585 737 2623 inter
773 2599 832 2635 se,
876 2594 957 2624 tum
995 2586 1068 2635 ipsi
1105 2585 1186 2635 regi
1214 2586 1427 2625 dicentium
1455 2599 1555 2636 quae
1583 2589 1779 2639 religionis
1808 2591 1843 2628 &
1871 2591 2023 2640 pietatis
2052 2592 2222 2631 studium

295 2637 551 2685 imperabant.

346 2690 425 2726 Hic
459 2693 552 2728 vero
581 2691 776 2728 secundus
803 2692 912 2728 locus
942 2697 1020 2740 est,
1050 2691 1116 2740 qui
1142 2691 1325 2728 laetitiam
1356 2691 1460 2729 illam
1489 2692 1621 2731 animo
1649 2694 1811 2732 Dauidis
1839 2694 2082 2746 informauit,
2113 2697 2222 2746 quod

293 2745 426 2779 sancte
468 2741 640 2780 dicentes
682 2743 851 2793 audiret,
894 2756 1022 2781 eamus
1063 2745 1103 2781 in
1145 2745 1293 2781 domum
1335 2745 1516 2782 lelmuae.
1571 2747 1700 2784 Pauca
1727 2749 1848 2786 verba
1875 2749 2050 2799 consilij:
2088 2762 2222 2788 sensus

1951 2801 2222 2851 amplissimus.
