2334 3020
807 116 1073 143 EIRENICI
1117 116 1259 142 PARS
1304 117 1330 142 Ι.
1959 117 2033 154 4Ῐ7

98 224 236 276 potuit.
265 225 374 263 Deus
399 222 508 262 idem
535 221 691 270 docuit,
720 222 757 260 δι
784 222 925 272 posuit.
956 222 1104 261 Docuit
1132 222 1171 262 in
1200 222 1411 274 scriptura,
1438 221 1569 273 posuit
1595 222 1635 260 in
1657 222 1859 274 Ecclesia,
1878 222 2038 262 deducit

98 291 172 318 nos
199 291 246 317 ac
274 277 404 328 potius
431 276 546 315 trahit
574 275 714 314 virtute
743 288 829 325 sua,
857 276 897 314 id
925 283 1003 321 est,
1034 276 1189 326 spiritus
1217 276 1364 314 aeterni
1393 275 1450 314 sui
1480 276 1850 315 communicatione.

149 331 323 370 Primum
360 330 490 379 itaque
517 329 626 380 quod
655 342 703 367 ex
731 328 798 367 illo
827 336 1053 367 sanctorum
1080 342 1263 368 sermone
1292 329 1497 379 discimus,
1534 329 1630 368 illud
1657 338 1736 379 est,
1772 341 1846 369 nos
1874 332 2038 381 peregre

97 384 236 424 abesse
263 386 288 422 a
315 383 512 431 Domino,
541 385 576 421 δε
605 382 844 431 vbicumque
871 384 1052 420 locorum
1081 383 1219 432 simus,
1247 382 1460 421 videndum
1474 396 1576 433 esse,
1604 383 1909 422 vttumanobis
1922 396 2037 434 supra

97 449 189 488 nos,
227 444 310 475 tum
337 439 361 475 a
389 436 538 474 mundo
566 447 682 485 supra
709 442 836 473 totum
864 447 970 474 nunc
998 436 1189 474 mundum
1217 436 1432 487 fugiamus,
1470 436 1543 475 nisi
1570 437 1672 474 mala
1701 443 1856 487 nostra,
1892 436 1933 475 id
1960 443 2037 487 est,

97 497 259 541 peccata
286 492 322 529 δε
349 488 527 528 miseriae
553 488 856 527 innumerabiles
885 501 933 527 ex
948 488 1118 538 peccatis
1142 490 1410 527 accumulatae
1425 489 1539 528 nobis
1554 491 1640 539 plus
1655 502 1782 540 aequo
1797 490 2040 528 allubescant

97 544 268 582 maximo
298 544 402 581 malo
429 549 579 581 nostro.
608 541 784 588 Deinde,
813 544 905 580 cum
933 541 1084 580 homini
1097 542 1221 581 cuiuis
1236 542 1419 592 prudenti
1434 555 1513 581 non
1530 543 1569 580 id
1586 545 1734 582 tantum
1750 543 1799 582 sit
1811 542 2039 594 videndum,

96 597 199 636 vnde
221 597 391 647 effugere
405 594 534 645 ipsum
549 601 751 646 oporteat,
780 595 1036 634 verumetiam
1051 599 1130 646 quo
1146 596 1182 634 &
1197 608 1274 646 qua
1288 595 1429 635 vtiliter
1443 596 1572 646 ipsum
1587 598 1847 649 contendere3
1874 598 2038 635 alterum

96 649 191 689 illud
220 648 446 689 Christianis
473 659 575 699 opus
603 655 681 698 est,
711 655 751 686 vt
776 656 892 698 prout
921 651 945 687 a
970 660 1012 688 se
1039 648 1133 699 ipsis
1161 650 1388 698 mundoque
1411 656 1496 688 toto
1514 649 1766 702 profugiunt,
1787 648 1841 688 ita
1855 650 1905 688 ad
1920 649 2039 688 finem

97 714 294 743 summum
333 702 511 741 omnium
547 704 582 741 δι
618 713 815 740 summum
852 703 1003 740 bonum
1038 715 1152 741 suum
1181 702 1438 753 transfugiant
1465 702 1776 753 diligentissime:
1812 702 2039 754 praesertim

96 758 187 796 cum
214 756 246 795 is
272 755 374 806 ipse,
403 755 469 804 qui
498 755 734 805 principium
763 755 798 792 δε
828 755 914 794 finis
937 754 1065 794 omnis
1081 755 1198 806 boni,
1225 756 1407 806 adeoque
1423 768 1618 795 summum
1635 758 1804 807 bonum,
1832 758 1895 795 vel
1910 757 2040 806 potius

97 809 254 849 vnicum
284 816 461 847 nostrum
490 816 569 857 est,
598 821 640 847 se
663 816 743 846 tam
771 809 938 858 gratiose
966 807 1074 848 sistat
1099 809 1139 847 in
1168 809 1293 848 oculis
1308 809 1483 848 omnium
1499 809 1731 848 &exhibeat
1746 810 2039 861 perfruendum.

96 863 228 912 Quam
256 863 306 901 ad
335 875 418 900 rem
447 862 478 900 si
505 862 633 900 defixa
662 863 868 900 oculorum
897 861 980 901 acie
1007 869 1092 901 toto
1122 862 1254 900 animo
1282 864 1318 902 δε
1338 869 1420 901 tota
1435 871 1565 902 mente
1580 864 1924 915 adlaboraremus,
1951 877 2041 914 pro-

96 918 199 955 fecto
227 929 301 954 nec
328 923 408 953 tam
437 914 567 954 multis
595 915 859 954 incommodis
888 914 950 964 alij
976 917 1220 955 afficeremus
1243 915 1361 961 alios,
1389 916 1516 955 necin
1532 916 1693 967 singulis
1708 929 1807 967 quae
1823 918 2041 956 obueniunt

95 968 406 1019 impedimentis,
435 969 532 1019 cito,
559 969 732 1019 trepide,
761 968 942 1019 segniter,
970 977 1087 1018 atque
1111 969 1261 1007 infirme
1283 970 1541 1008 haereremus.
1572 971 1740 1009 Accedit
1754 971 1805 1008 ad
1821 971 1919 1009 haec
1933 983 2040 1009 sanc-

95 1022 286 1062 tissimum
313 1021 410 1061 illud
438 1021 533 1067 Dei,
567 1022 635 1072 qui
661 1035 736 1061 nos
764 1022 940 1072 vocauit,
970 1022 1141 1060 studium
1169 1022 1389 1061 Ecclesiam
1416 1035 1526 1062 suam
1554 1023 1593 1061 in
1620 1024 1700 1062 hoc
1727 1031 1916 1062 terrarum
1944 1026 2041 1064 orbe

96 1077 310 1126 seculoque
339 1074 564 1125 pangentis,
593 1075 701 1114 velut
729 1074 823 1113 ouili
850 1076 1023 1125 caulam,
1051 1075 1270 1114 &familiae
1286 1076 1469 1114 domum:
1498 1076 1608 1115 cuius
1622 1078 2042 1128 claustra&repagula

97 1136 305 1181 propterea
340 1131 364 1167 a
399 1130 487 1167 Deo
525 1129 602 1167 fixa
639 1135 749 1174 sunt,
783 1135 825 1166 vt
858 1130 950 1167 cum
978 1127 1241 1180 nosmetipsos
1270 1128 1310 1167 in
1337 1129 1515 1168 Ecclesia
1542 1129 1617 1168 Dei
1644 1131 1858 1179 fratresque
1885 1137 2042 1170 nostros

96 1185 376 1233 agnoscamus,
419 1181 568 1220 aditum
608 1181 660 1220 ad
697 1182 829 1220 Deum
866 1182 1091 1232 molientes,
1132 1189 1217 1221 tum
1250 1185 1345 1221 vero
1379 1183 1509 1221 Deum
1538 1182 1667 1233 ipsum
1694 1183 2041 1223 sanctificationem

96 1235 299 1276 Ecclesiae
327 1247 419 1274 suae
447 1237 483 1274 ἃ
512 1234 700 1274 membris
728 1235 810 1273 eius
838 1235 1079 1274 adferentem
1108 1235 1329 1286 praesentia
1354 1237 1390 1274 &
1407 1236 1562 1275 salutari
1579 1236 1714 1287 gratia.
1755 1238 1938 1287 Quorum
1960 1250 2042 1276 om-

97 1289 206 1328 nium
229 1289 328 1328 seria
356 1288 690 1338 contemplatione
720 1288 843 1327 sancti
870 1288 946 1327 iam
976 1288 1071 1327 olim
1099 1288 1236 1339 perciti
1263 1290 1363 1328 inter
1385 1302 1426 1328 se
1449 1289 1651 1338 dixerunt,
1675 1291 1847 1329 Domum
1876 1291 2044 1330 lelzouae

98 1343 303 1393 adeamus,
340 1348 380 1381 vt
408 1343 603 1392 Propheta
630 1343 708 1381 hoc
735 1343 827 1381 loco
854 1348 1007 1393 narrat,
1036 1341 1076 1380 id
1105 1349 1184 1393 est,
1213 1343 1303 1382 cum
1332 1342 1406 1392 ipsi
1432 1343 1506 1382 sibi
1535 1344 1774 1394 gratulantes
1804 1343 2043 1383 addiderunt

97 1395 284 1444 calcaria,
327 1402 368 1434 vt
408 1397 537 1434 Deum
580 1396 616 1434 &
659 1395 868 1434 sacrarium
898 1395 979 1434 eius
1008 1396 1260 1446 accederent,
1288 1403 1374 1439 tum
1400 1395 1498 1436 alios
1525 1409 1726 1446 sermone,
1764 1397 1972 1448 exemplo,
2007 1399 2043 1437 &

97 1448 207 1489 omni
246 1448 397 1498 pietatis
438 1447 594 1497 officio,
630 1460 710 1487 non
738 1447 905 1499 imperio
933 1450 969 1487 &
996 1447 1182 1489 violentia
1211 1451 1308 1499 (quo
1336 1450 1512 1501 plerique
1539 1462 1679 1490 omnes
1704 1449 1887 1490 videntur
1912 1452 2043 1502 ruere)

97 1515 178 1542 non
208 1508 368 1541 ostenso
397 1509 523 1553 metu,
553 1500 841 1552 religiosissime
867 1509 1149 1553 prouocarunt.

150 1555 260 1606 Quid
301 1568 394 1606 ergo
435 1562 511 1606 est,
554 1554 579 1593 ὃ
622 1568 717 1606 grex
756 1555 921 1606 Christi,
963 1555 1073 1606 quod
1112 1568 1187 1595 nos
1227 1561 1433 1606 tantopere
1469 1556 1658 1607 impediat
1693 1558 1744 1596 ab
1771 1556 1832 1596 his
1860 1555 2045 1596 omnibus

96 1608 270 1660 pietatis,
297 1608 482 1659 iustitiae,
510 1608 812 1660 sanctimoniae,
840 1611 876 1648 &
903 1607 1100 1660 religionis
1132 1622 1247 1648 verae
1276 1607 1442 1649 officiis?
1478 1611 1585 1659 Quid
1614 1617 1690 1663 est,
1718 1612 1908 1661 obsecro,
1937 1610 2046 1661 quod

96 1661 278 1702 miseram
319 1662 434 1701 istam
467 1661 821 1713 peregrinationem
857 1669 1054 1712 nostram,
1094 1675 1143 1702 ac
1175 1663 1307 1714 potius
1340 1663 1609 1703 emansionem
1647 1675 1726 1715 qua
1759 1674 1986 1703 emanemus
2024 1666 2047 1702 a

96 1715 292 1765 Domino,
333 1715 450 1755 nobis
489 1721 570 1753 tam
613 1727 774 1754 suauem
816 1714 980 1754 efficiat?
1022 1715 1132 1765 Quid
1167 1723 1225 1755 est
1263 1715 1346 1756 siue
1382 1716 1421 1756 in
1451 1717 1586 1768 nobis,
1628 1717 1711 1757 siue
1738 1716 1779 1756 in
1807 1719 1881 1757 hac
1909 1716 2048 1757 misera

96 1769 262 1808 statione
299 1769 335 1807 &
368 1775 452 1808 tota
486 1768 789 1808 conuersatione
822 1776 979 1820 nostra,
1015 1781 1096 1820 quo
1123 1769 1343 1810 alliciamur
1372 1778 1490 1821 atque
1518 1770 1845 1822 constringamur,
1883 1784 1934 1810 ne
1961 1783 2049 1821 pos·

97 1821 218 1861 simus
252 1823 276 1860 a
301 1822 417 1862 nobis
444 1821 536 1872 ipsis
564 1823 601 1861 δε
628 1829 764 1861 nostra
790 1822 946 1862 miseria
972 1819 1132 1874 fugere?
1170 1823 1290 1872 Quod
1320 1824 1450 1875 siquid
1477 1831 1536 1864 est
1564 1824 1763 1864 suauitatis
1801 1827 1859 1874 (vt
1887 1823 2048 1874 quidem

97 1874 251 1914 videtur
279 1875 408 1923 nobis)
430 1875 470 1914 in
496 1876 571 1914 hac
600 1875 685 1926 ipsa
713 1875 931 1915 miserrima
959 1876 1186 1915 conditione
1213 1884 1369 1929 nostra,
1398 1877 1493 1928 quid
1522 1884 1579 1916 est
1607 1890 1731 1928 vsque
1757 1878 1858 1917 adee
1890 1878 1935 1928 (f.
1958 1879 2049 1928 696)

97 1940 216 1967 suaue
243 1935 310 1967 aut
336 1928 451 1977 vtile,
481 1935 547 1967 aut
573 1929 671 1968 boni
699 1929 931 1968 instructum
959 1930 1111 1981 specie,
1139 1930 1251 1980 quod
1278 1943 1368 1970 cum
1396 1931 1464 1971 illo
1492 1931 1570 1969 fine
1586 1943 1740 1970 summo
1757 1932 1916 1970 &bono
1930 1930 2048 1970 vnico

97 1981 316 2033 comparari
344 1979 488 2032 possit?
516 1981 611 2031 quid
641 1989 699 2021 est
727 1983 836 2033 quod
864 1996 945 2022 non
972 1995 1289 2034 perrumpamus,
1314 1992 1356 2024 vt
1378 1985 1540 2023 tandem
1554 1991 1700 2024 conatu
1717 1984 1818 2024 iusto
1834 1984 1884 2023 ad
1899 1983 2050 2035 rapien-

98 2035 194 2074 dum
222 2036 390 2074 fructum
417 2035 560 2074 summi
586 2035 687 2075 illius
710 2036 808 2075 boni
827 2035 1117 2087 perducamur?
1131 2036 1227 2087 quid
1242 2043 1300 2076 est
1314 2037 1354 2076 in
1367 2039 1442 2077 hac
1457 2037 1719 2077 abiectissima
1733 2038 1901 2077 statione
1915 2045 2050 2077 nostra

98 2088 283 2138 factoque
311 2095 447 2128 nostro
476 2088 870 2140 contaminatissima,
898 2091 1008 2140 quod
1034 2102 1109 2129 nos
1136 2089 1192 2128 sic
1219 2091 1403 2139 fascinet,
1432 2098 1473 2130 vt
1501 2098 1652 2130 mentes
1681 2090 1731 2129 ad
1753 2091 1919 2130 domum
1942 2090 2050 2130 illam

98 2143 330 2192 coelestem,
359 2154 478 2193 quam
505 2143 655 2181 Ielzoua
682 2142 895 2194 inhabitat,
910 2143 1069 2182 minime
1083 2143 1331 2184 attollamus?
1346 2143 1440 2195 quid
1454 2175 1464 2195 ,
1480 2145 1589 2194 quod
1604 2146 1743 2183 oculos
1760 2144 2050 2195 praestinguat,

96 2207 146 2233 ne
172 2196 302 2234 lucem
328 2195 435 2234 illam
461 2198 485 2233 a
513 2196 602 2234 Deo
630 2195 670 2234 in
698 2196 876 2235 Ecclesia
890 2196 1010 2247 ipsius
1025 2197 1347 2237 commodissime
1362 2197 1579 2248 expositam
1596 2210 1906 2248 prosequamur,
1922 2203 2047 2248 eaque

97 2249 344 2298 praelucente
385 2249 488 2287 mala
527 2249 732 2300 fugienda,
770 2251 806 2288 &
842 2251 950 2289 bona
985 2250 1226 2301 prensanda,
1255 2252 1423 2301 vtenda,
1456 2252 1642 2302 fruenda,
1673 2252 1891 2290 secundum
1923 2253 2052 2289 Deum

97 2312 406 2353 cognoscamus,
435 2304 471 2341 &
499 2300 561 2350 alij
591 2302 689 2341 alios
716 2302 768 2342 ad
783 2303 950 2342 eandem
965 2303 1235 2355 cognitionem
1246 2334 1256 2354 ,
1273 2304 1630 2355 apprehensionem
1641 2334 1652 2351 ,
1667 2306 1704 2343 &
1719 2305 1891 2344 fructum
1906 2303 2052 2356 gratiae

97 2353 336 2394 excitemus?
363 2355 480 2406 quid,
508 2355 619 2405 quod
643 2368 716 2394 nos
744 2355 877 2395 iubeat
904 2357 1018 2395 saluti
1044 2364 1203 2396 nostrae
1231 2357 1406 2408 ipsorum
1430 2357 1644 2407 obsistere,
1666 2358 1703 2396 ὅτ
1719 2364 1890 2408 metum,
1906 2357 2030 2396 minas
2045 2387 2055 2406 ,

98 2415 219 2459 artes,
248 2408 349 2458 vim,
377 2408 552 2459 gladios,
580 2408 710 2459 ignes,
738 2410 922 2460 laqueos,
951 2409 1231 2460 quaerentibus
1260 2413 1425 2450 salutem
1455 2423 1567 2450 secus
1596 2413 1717 2461 quam
1746 2412 1862 2451 nobis
1878 2411 2053 2461 videtur,

99 2460 347 2512 oppangere?
372 2461 601 2512 Cogitemus
626 2462 755 2512 potius
783 2476 854 2513 per
881 2464 1012 2502 Deum
1032 2463 1296 2503 immortalem
1309 2495 1319 2515 ,
1335 2479 1404 2516 per
1419 2465 1583 2503 salutem
1597 2463 1706 2503 illam
1722 2472 1918 2513 nostram,
1934 2476 2053 2514 quam

98 2514 271 2564 pretioso
299 2515 488 2565 sanguine
516 2526 588 2554 suo
618 2516 795 2555 Christus
823 2516 1090 2568 comparauit,
1121 2525 1313 2566 quantum
1343 2519 1490 2557 malum
1520 2531 1594 2556 nos
1620 2517 1894 2557 circumsideat
1919 2516 2052 2568 oppri-

99 2572 277 2618 matque‚
315 2568 389 2608 nisi
419 2568 471 2607 ad
499 2569 629 2607 Deum
668 2570 975 2609 contendamus:
1006 2577 1155 2620 quanta
1183 2572 1383 2611 bonorum
1410 2570 1755 2610 innumerabilium
1784 2571 1824 2609 in
1853 2573 1942 2609 Deo
1972 2582 2054 2609 sua-

97 2619 216 2660 uitas:
249 2628 395 2671 quanta
422 2621 463 2660 in
490 2621 668 2660 Ecclesia
697 2623 872 2661 claritas:
901 2630 1048 2673 quanta
1068 2623 1108 2661 in
1124 2626 1406 2664 communione
1422 2631 1647 2663 sanctorum
1664 2623 1896 2673 delectatio,
1911 2623 2056 2663 mutuis

99 2674 343 2713 celeusmatis
370 2674 471 2713 inter
497 2687 538 2713 se
565 2675 879 2714 adhortantiumz
906 2683 1055 2727 quanta
1083 2675 1140 2715 vis
1172 2678 1367 2717 maximae
1398 2678 1498 2717 illius
1528 2678 1644 2716 nubis
1671 2678 1827 2717 testium
1843 2681 1900 2728 (vt
1916 2679 2057 2728 Apost.

99 2726 151 2765 ad
193 2729 401 2766 Hebraeos
438 2740 525 2778 cap.
561 2741 621 2776 12,
648 2742 686 2767 v.
720 2742 753 2769 1.
784 2731 914 2778 vocat)
952 2742 1025 2768 nos
1055 2730 1163 2768 velut
1191 2730 1520 2770 circumsonantis
1548 2732 1722 2770 clamore
1752 2731 1995 2770 sanctissimo
2018 2729 2057 2768 in

100 2781 209 2818 caelo
251 2782 288 2819 ὅτ.
327 2788 451 2833 terra,
490 2789 531 2819 vt
572 2789 805 2831 praeeuntes
848 2793 1059 2833 sequamur
1103 2783 1140 2820 &
1170 2785 1436 2834 obsequamur
1467 2783 1657 2823 Domino.
1696 2786 1786 2824 Hac
1817 2783 2059 2842 cogitatione

1056 2844 1102 2885 53
1922 2841 2062 2875 armati
