2334 3020
1020 622 1133 663 DE

284 779 725 833 LEGIBVS
795 779 1100 832 MOSIS
1166 777 1889 831 IVDICIALIBVS

1060 927 1107 952 ΕΤ

545 1033 850 1081 EARVM
902 1032 1621 1080 OBSERUATIONE.

929 1313 963 1351 C
979 1314 1015 1350 A
1029 1313 1060 1350 P
1074 1313 1112 1350 V
1126 1313 1162 1350 T
1203 1313 1234 1350 Ι.

640 1431 706 1469 De
733 1432 836 1469 iusta
862 1431 982 1479 Legis
1010 1431 1228 1478 definitione
1257 1430 1307 1467 ᾤ’
1336 1430 1533 1467 diuisione.

167 1551 424 1589 CHRYSIPPVS
453 1548 548 1588 olim
575 1549 625 1589 de
652 1550 737 1600 lege
765 1548 959 1598 dicturus,
979 1548 1210 1599 dignitatem
1233 1559 1449 1599 summam,
1472 1547 1690 1598 vtilitatem,
1705 1545 2057 1595 necessitatemque

113 1603 214 1642 illius
240 1603 302 1642 his
329 1602 458 1642 verbis
485 1603 625 1654 legitur
648 1602 916 1653 descripsisse:
945 1604 1027 1641 Lex
1057 1609 1115 1641 est
1144 1601 1321 1640 omnium
1342 1613 1472 1640 rerum
1488 1601 1707 1639 diuinarum
1721 1601 2059 1649 humanarumque

115 1656 269 1707 regina,
301 1668 419 1706 quam
454 1656 674 1707 praesidem
703 1662 861 1706 oportet
886 1669 971 1694 esse
1000 1658 1036 1694 &
1063 1655 1178 1694 bonis
1207 1658 1242 1694 δι
1272 1655 1396 1704 malis,
1424 1654 1722 1705 principemque
1749 1666 1796 1691 ac
1824 1653 1986 1703 ducem,
2013 1666 2060 1690 ac

115 1710 281 1760 proinde
324 1710 499 1760 regulam
527 1723 612 1748 esse
639 1710 828 1748 iustorum
858 1711 893 1748 &
920 1708 1174 1760 iniustorum,
1206 1721 1344 1747 eorum
1373 1720 1490 1747 causa
1517 1707 1772 1746 animantium
1800 1707 1932 1745 datam
1959 1718 2060 1756 quae

116 1766 140 1801 a
166 1769 303 1802 natura
331 1763 493 1813 politica
520 1770 609 1802 sunt
635 1764 671 1802 δε
694 1763 921 1802 societatem
949 1774 1040 1801 cum
1068 1762 1219 1801 ratione
1247 1763 1402 1812 colunt,
1430 1761 1738 1812 praecipientem
1766 1773 1812 1798 ea
1826 1772 1926 1810 quae
1942 1772 2057 1809 opor-

116 1823 172 1855 tet
194 1817 294 1868 fieri,
322 1828 422 1867 quae
450 1820 543 1855 vero
571 1816 752 1855 facienda
778 1829 859 1855 non
887 1823 975 1854 sunt
1002 1815 1291 1866 prohibentem.
1319 1817 1434 1853 Haec
1453 1814 1662 1865 descriptio
1678 1813 1815 1865 Legis,
1844 1813 2059 1853 secundum

116 1877 297 1908 naturam
338 1872 361 1907 a
404 1870 626 1920 Chrysippo
664 1871 700 1908 δι
742 1869 826 1908 aliis
854 1869 1126 1921 consimiliter,
1168 1876 1234 1908 aut
1264 1869 1303 1907 in
1332 1869 1511 1908 eamdem
1535 1868 1769 1907 sententiam
1793 1867 1950 1906 tradita:
1983 1878 2060 1915 qua

116 1925 203 1973 lege
244 1924 426 1962 mortales
467 1923 612 1974 quique
653 1922 745 1962 inde
772 1925 795 1961 a
823 1922 1017 1973 principio
1040 1923 1092 1961 ad
1119 1930 1269 1961 certum
1299 1922 1478 1961 ordinem
1506 1922 1545 1960 in
1574 1922 1760 1960 societate
1787 1921 1959 1959 humana
1985 1932 2061 1957 ser-

121 1977 295 2015 uandum
336 1977 495 2015 adducti
534 1983 642 2015 sunt:
685 1983 804 2027 prout
831 1976 1084 2027 dignitatem,
1118 1976 1345 2027 vtilitatem,
1382 1975 1736 2025 necessitatemque
1763 1974 1864 2013 illius
1891 1985 2061 2024 agnoue-

117 2037 206 2068 runt
251 2037 389 2069 natura
426 2031 553 2081 duce,
595 2031 631 2068 δε
672 2036 770 2069 teste
807 2029 1057 2080 experientia.
1093 2029 1194 2068 Cum
1221 2036 1352 2068 autem
1381 2029 1557 2068 salutaris
1585 2028 1661 2067 Dei
1687 2027 1811 2079 gratia
1836 2026 2063 2066 hominibus

119 2082 304 2134 illuxerit,
345 2096 394 2122 ex
431 2095 508 2133 qua
536 2083 746 2123 Christiani
773 2083 942 2122 dicimur
968 2084 1004 2121 &
1033 2095 1188 2135 sumus,
1222 2094 1302 2132 quo
1331 2083 1418 2133 plus
1447 2081 1618 2121 veritatis
1646 2082 1682 2119 δι
1708 2080 1960 2131 perfectionis
1987 2079 2063 2129 legi

117 2135 218 2174 illius
257 2137 403 2187 gratiae
443 2139 551 2175 Iesus
592 2137 769 2175 Christus
812 2143 988 2175 seruator
1030 2143 1165 2175 noster
1190 2135 1336 2187 attulit,
1364 2149 1412 2175 eo
1441 2137 1528 2186 plus
1559 2134 1775 2186 dignitatis,
1804 2133 1998 2182 Vtilitatis,
2026 2134 2062 2171 δε

118 2189 358 2229 necessitatis
397 2189 655 2229 animaduerti
693 2193 716 2228 a
744 2190 859 2229 nobis
888 2201 987 2240 opus
1013 2197 1070 2229 est
1103 2190 1142 2228 in
1167 2189 1302 2228 officio
1330 2196 1487 2228 nostro:
1522 2201 1604 2227 non
1629 2189 1757 2227 solum
1783 2199 1860 2238 qua
1883 2186 2063 2225 homines

119 2254 273 2294 sumus,
302 2243 457 2282 socialis
487 2243 588 2282 vitae
618 2245 654 2282 &
681 2243 1052 2282 communicationis
1074 2242 1283 2294 participes
1311 2243 1527 2281 secundum
1554 2248 1755 2294 naturam3
1779 2242 1915 2279 verum
1931 2240 2061 2289 etiam,

119 2297 156 2335 &
197 2296 359 2346 quidem
398 2295 586 2348 maxime,
627 2308 705 2347 qua
734 2296 943 2336 Christiani
969 2308 1124 2347 sumus,
1160 2296 1300 2335 adsciti
1327 2297 1378 2334 ad
1406 2295 1727 2335 communionem
1755 2296 1791 2333 δε
1819 2293 2061 2333 consortium

119 2350 294 2389 caelestis
322 2349 424 2389 vitae
450 2351 668 2389 secundum
696 2350 861 2401 gratiam
887 2349 952 2388 hic
979 2350 1020 2388 in
1048 2349 1158 2389 terris
1173 2349 1387 2388 colendum
1402 2356 1519 2399 atque
1531 2348 1836 2388 obseruandum.
1863 2346 2061 2396 Quemad-

120 2403 287 2442 modum
329 2403 433 2442 enim
471 2416 519 2442 eo
548 2404 657 2453 quOd
684 2403 894 2442 Christiani
921 2404 1056 2454 fimus,
1092 2416 1174 2442 non
1201 2402 1413 2442 desinimus
1441 2402 1620 2441 homines
1649 2414 1753 2452 esse,
1784 2401 1854 2440 sed
1880 2399 2062 2439 homines

120 2456 330 2495 Christiani
357 2468 512 2495 sumus:
540 2457 594 2496 ita
624 2457 740 2496 etiam
768 2457 1018 2495 statuendum
1046 2456 1161 2496 nobis
1190 2463 1268 2507 est,
1304 2469 1352 2495 eo
1385 2457 1494 2506 quod
1527 2454 1755 2495 Christianis
1782 2454 1932 2505 legibus
1956 2461 2064 2492 tene-

119 2521 228 2560 mur,
270 2522 351 2548 non
393 2509 583 2549 continuo
611 2523 684 2549 nos
712 2510 893 2548 humanis
920 2510 1072 2560 legibus
1099 2511 1250 2549 solutos
1275 2522 1372 2548 esse.
1401 2510 1504 2547 Nam
1532 2508 1656 2560 gratia
1682 2515 1863 2547 naturam
1891 2507 2063 2558 perficit,

119 2575 201 2601 non
221 2569 352 2602 autem
376 2564 530 2602 abolet:
559 2565 621 2602 Ac
650 2570 857 2614 propterea
885 2564 990 2614 leges
1018 2563 1160 2613 quibus
1187 2569 1326 2601 natura
1353 2562 1438 2613 ipsa
1465 2562 1704 2612 continetur,
1732 2561 2065 2610 instauraturque,

119 2615 286 2654 restituit
311 2616 491 2666 amissas,
520 2624 723 2667 corruptas
750 2617 958 2665 instaurat,
999 2617 1035 2654 &
1063 2616 1181 2655 tradit
1207 2616 1440 2667 incognitas.
1468 2618 1605 2666 Itaque
1632 2615 1682 2654 de
1710 2614 1956 2654 sanctissimo
1985 2615 2063 2652 hoc

120 2668 403 2720 vtilissimoque
442 2677 674 2720 argumento
715 2669 856 2709 dicturi
897 2676 1088 2719 quantum
1122 2683 1170 2708 ex
1209 2669 1361 2708 ratione
1400 2669 1644 2720 Theologica
1679 2669 1731 2707 ad
1754 2667 2061 2718 tranquillandas

120 2722 326 2761 hominum
366 2723 625 2762 conscientias
667 2735 767 2774 opus
803 2723 958 2762 videtur
984 2724 1085 2772 fore,
1128 2730 1170 2762 vt
1195 2722 1432 2774 intelligatur
1460 2722 1557 2773 quid
1585 2722 1633 2761 sit
1659 2721 1700 2760 id
1727 2722 1777 2761 de
1806 2734 1886 2772 quo
1914 2720 2061 2771 agitur,

120 2777 143 2814 ὰ
185 2776 412 2815 definitione
451 2776 569 2827 Legis
612 2776 780 2826 primum
816 2776 1061 2815 instituemus
1097 2788 1320 2815 sermonem
1347 2782 1547 2815 nostrum:
1577 2775 1721 2814 deinde
1749 2778 1844 2814 vero
1873 2772 2064 2813 distinctis

1853 2827 2062 2877 generibus
