2334 3020
229 90 300 137 184
849 99 1064 127 THESES
1105 100 1531 127 THEOLOGICAE.

226 204 414 255 Sapientia
441 203 661 241 hominibus
689 204 872 255 traditae‚
902 217 973 254 pro
1003 205 1152 242 ratione
1173 206 1441 255 oppositarum
1457 206 1624 244 'nominis
1640 206 1930 256 conditionum7
1952 206 1991 243 in
2007 207 2148 244 eodem

224 260 346 296 verbo
379 258 422 294 fit
449 256 608 293 mentio.

279 323 315 358 3.
369 308 478 346 Prior
519 316 576 346 est
617 309 755 346 foedus
787 311 811 345 a
838 311 925 347 Deo
955 312 1065 348 Patre
1093 309 1131 347 in
1160 310 1240 348 filio
1270 311 1498 349 delectionis
1528 323 1619 349 suae
1648 324 1737 349 cum
1767 311 1900 360 primis
1927 311 2149 360 parentibus

224 361 383 411 nostris,
412 360 451 399 in
479 362 594 399 horto
622 361 821 411 Hedenis,
850 362 1007 414 initum3
1037 374 1115 411 quo
1142 363 1258 401 vitam
1274 365 1604 413 supernaturalem
1618 364 1871 414 promittens,
1897 376 1964 402 eos
1979 363 2149 402 vicissim

222 415 274 452 ad
315 413 374 452 sui
413 414 582 464 cultum,
622 414 898 466 reuerentiam,
940 417 975 453 δι
1015 416 1248 464 obsequium
1289 417 1579 468 obstringebat,
1619 417 1733 455 minis
1775 415 1912 454 mortis
1953 416 2150 465 Vtriusque

224 465 406 505 adhibitis
435 465 466 504 si
496 477 608 504 secus
637 468 820 505 facerent.

275 533 310 566 4.
365 520 515 556 Foedus
555 518 636 557 siue
677 526 834 569 pactum
876 519 1061 569 dicimus7
1102 534 1182 559 non
1218 521 1376 571 propria
1413 521 1476 560 illa
1503 522 1783 571 significatione
1811 533 1888 571 qua
1916 535 1986 571 pro
2014 528 2150 559 mutuo

225 578 426 610 contractu
454 572 489 609 &
516 572 680 610 duarum
707 573 872 622 partium
900 573 1154 623 dispositione
1181 574 1364 626 sumitur-3
1393 576 1510 623 (Nam
1537 575 1728 613 eiusmodi
1742 576 1878 613 foedus
1903 574 1988 624 in(f.
2008 576 2150 622 1661.)-

225 633 282 663 ter
309 632 457 674 partes,
485 637 738 673 personarum
766 627 801 664 ἃ
828 626 919 664 iuris
948 627 1219 676 aequalitatem
1248 628 1445 676 quandam
1475 628 1772 678 praesupponit,
1797 639 1895 677 quae
1910 627 2009 665 inter
2022 629 2151 665 Deum

227 678 262 715 &
290 684 504 715 creaturam
531 689 731 727 nunquam
760 691 844 717 esse
871 684 1028 728 potest.)
1058 680 1135 718 Sed
1164 693 1210 718 eo
1242 692 1357 718 sensu
1384 693 1632 731 vsurparnus⁷
1649 693 1727 730 quo
1743 681 1855 718 vnius
1869 682 2019 718 tantum
2035 680 2151 730 partis

224 729 426 779 dispositio
457 730 681 782 denotatur3
726 738 786 781 vt,
820 744 910 770 cum
938 734 1043 771 bello
1070 734 1160 771 Lm.
1189 734 1250 770 lib.
1286 746 1320 780 4.
1351 734 1434 771 bell.
1462 735 1616 771 Maced.
1644 733 1754 771 victis
1782 733 2005 772 indicuntur
2032 736 2150 782 leges.

224 785 325 820 Nam
352 782 528 832 quamuis
556 785 663 821 Deus
689 784 770 822 iure
797 785 1060 835 sanctissimo,
1083 798 1163 823 non
1190 786 1228 823 vi
1255 793 1321 824 aut
1348 786 1484 835 armis3
1512 799 1603 824 suos
1631 786 1845 836 possideat3
1875 786 1914 824 in
1943 799 1990 825 eo
2021 793 2150 824 tamen

223 835 427 886 conuenit,
457 836 565 885 quod
590 844 632 874 vt
658 836 826 875 victores
855 838 982 889 victis⁷
1011 839 1066 876 sic
1093 838 1209 876 etiam
1238 846 1363 876 certas
1392 839 1469 877 suis
1498 838 1632 877 indicit
1661 841 1778 889 leges,

277 899 311 937 5.
367 889 617 939 Quapropter
632 896 824 928 auctorem
839 891 1039 929 statuimus
1053 892 1182 929 Deum
1198 892 1345 941 solum,
1376 892 1459 941 qui,
1488 891 1595 929 mera
1621 894 1820 930 voluntate
1843 903 1930 938 sua,
1954 893 2151 929 anullare

222 949 348 990 mota,
389 941 526 979 foedus
566 942 661 979 illud
701 954 790 981 cum
832 944 991 982 homine
1030 944 1176 994 pepigit
1217 944 1627 983 conuenientissimum
1664 946 1714 982 ad
1751 957 1840 982 eum
1868 947 1888 982 e
1917 952 2054 982 natura
2081 956 2149 982 sua

221 995 477 1032 euehendum.
519 995 598 1033 Sed
637 995 708 1034 etsi
748 996 842 1034 illud
882 997 1115 1035 beneficium
1156 997 1370 1047 singulare,
1412 998 1459 1035 sit
1495 998 1570 1036 Dei
1605 998 1746 1048 Patris,
1784 997 1888 1047 Filij3
1920 1000 1955 1035 δι
1986 997 2150 1046 Spiritus

220 1045 350 1084 Sancti
376 1047 653 1099 communiter,
681 1049 919 1098 particularis
946 1057 1075 1088 tamen
1099 1049 1162 1088 hic
1190 1050 1254 1098 filij
1286 1050 1384 1088 ratio
1411 1057 1487 1088 est:
1517 1058 1557 1089 vt
1583 1050 1688 1088 enim
1716 1051 1915 1089 electionis
1938 1058 1997 1089 est
2019 1050 2150 1088 vincu-

217 1100 318 1149 lum,
346 1099 401 1137 sic
428 1102 464 1137 δι·
490 1101 656 1150 gratiae,
684 1113 783 1150 quae
811 1102 992 1141 electioni
1021 1102 1277 1141 substernitur
1306 1104 1615 1141 fundamentum.
1645 1105 1783 1154 Ephcs.
1812 1117 1842 1140 1.
1860 1117 1897 1152 3.
1914 1105 2013 1150 6904.
2047 1104 2148 1140 Nam

219 1153 309 1190 esim
336 1152 430 1190 nihil
457 1152 496 1190 in
524 1154 597 1191 hae
623 1166 740 1192 causa
768 1156 818 1193 ab
844 1155 1004 1194 homine
1031 1155 1224 1205 exigatur,
1252 1156 1323 1194 nisi
1351 1158 1459 1205 quod
1487 1156 1569 1194 iure
1597 1157 1731 1206 debet,
1757 1157 1964 1206 promissio
1980 1156 2150 1206 gratuita

221 1212 278 1242 est
318 1204 505 1255 dicenda,
540 1214 581 1244 vt
614 1219 664 1244 ne
699 1207 763 1245 hic
797 1207 955 1257 quidem
984 1209 1163 1247 meritum
1190 1210 1321 1247 locum
1350 1210 1494 1248 habere
1523 1209 1663 1260 possit,
1692 1211 1761 1248 sed
1791 1222 1939 1247 merces
1968 1210 2086 1247 detur
2115 1209 2150 1245 &

225 1257 473 1307 promittatur
499 1271 547 1297 ex
572 1259 706 1309 gratia.

274 1312 310 1349 6.
364 1313 542 1349 Materia
581 1312 684 1350 circa
724 1324 861 1364 quam,
903 1314 983 1352 siue
1025 1314 1222 1352 obiectum
1259 1315 1402 1364 duplex
1438 1322 1513 1364 est,
1556 1317 1588 1353 Ι.
1624 1316 1731 1353 Deus
1759 1321 1894 1353 auctor
1922 1315 2151 1364 promittens

221 1362 340 1401 vitam
367 1365 439 1402 sub
467 1364 694 1403 conditione
722 1367 847 1404 cultus
876 1367 944 1404 sui.
986 1369 1034 1405 Π.
1065 1369 1202 1406 Homo
1230 1367 1414 1417 stipulans
1437 1368 1621 1419 gratiam⁷
1641 1369 1676 1405 δι
1693 1369 1890 1418 spondens
1906 1367 2151 1416 obsequium.

221 1417 324 1453 Nam
355 1417 444 1454 cum
474 1430 534 1454 res
562 1424 761 1468 aeternae,
792 1421 924 1468 quales
954 1421 1114 1458 foedere
1141 1428 1432 1472 proponuntur,
1460 1429 1660 1460 aeternum
1689 1421 1907 1459 subiectum
1935 1420 2150 1470 requirant,

220 1470 304 1507 sola
332 1469 405 1506 Dei
430 1469 560 1519 imago
588 1470 688 1509 illius
719 1485 840 1520 capax
869 1479 936 1510 est.
979 1475 1063 1511 Nec
1091 1480 1223 1511 tamen
1251 1474 1358 1511 istius
1388 1475 1553 1513 foederis
1583 1474 1742 1512 materia
1769 1482 1827 1512 est
1854 1474 2030 1511 Adamus
2059 1485 2149 1510 cum

220 1522 326 1572 Eua,
362 1523 430 1560 sed
468 1522 703 1562 considerati
729 1524 768 1561 in
795 1524 1012 1575 integritate
1040 1526 1104 1563 illa
1131 1526 1377 1575 primigenia7
1405 1527 1444 1564 in
1472 1539 1549 1576 qua
1576 1528 1821 1565 conditiones
1849 1526 1921 1564 sibi
1950 1526 2150 1575 impositas

220 1573 414 1623 praestare
456 1582 647 1624 poterant.
689 1577 844 1615 Etenim
872 1578 935 1616 hic
964 1580 1066 1616 valet
1093 1578 1157 1616 illa
1185 1580 1423 1629 propositio,
1453 1587 1623 1618 statuens
1657 1582 1785 1617 Deum
1814 1592 1894 1617 non
1924 1579 2148 1628 praecipere

219 1627 491 1679 impossibilia3
527 1639 626 1678 quae
662 1628 929 1679 intempestiue
964 1632 1169 1669 adducitur
1198 1632 1261 1670 vbi
1293 1632 1367 1670 alia
1395 1639 1453 1671 est
1481 1646 1589 1671 mens
1618 1633 1692 1671 Dei
1720 1632 1905 1682 exigentis
1934 1632 2085 1681 debita,
2114 1632 2149 1668 ἃ

222 1679 412 1730 hominis7
441 1683 464 1718 a
492 1682 697 1720 conditore
724 1683 864 1734 pressi,
894 1684 1068 1722 conditio
1098 1684 1260 1723 diuersa.

274 1743 307 1780 7.
364 1733 526 1771 Materia
552 1737 645 1772 vero
676 1748 723 1773 ex
752 1747 848 1786 (μω,
876 1736 915 1774 in
943 1736 1231 1775 conditionibus
1253 1738 1419 1776 foederis
1435 1739 1646 1776 commode
1662 1739 1896 1785 collocatur3
1913 1749 2012 1786 quae
2029 1737 2148 1774 duum

220 1791 309 1823 sunt
334 1798 533 1836 generum.
562 1787 734 1826 Primum
763 1796 821 1826 est
848 1802 979 1827 earum
1008 1802 1107 1838 quae
1134 1792 1156 1827 a
1183 1792 1270 1828 Deo
1300 1792 1554 1840 spondentur.
1584 1792 1759 1828 Alterum
1789 1794 1881 1828 vero
1911 1802 2044 1828 earum
2067 1789 2148 1838 qui-

220 1838 291 1875 bus
319 1840 559 1888 praestandis
587 1853 669 1879 sese
697 1841 902 1891 obstringit
928 1843 1069 1892 homo,
1100 1844 1298 1892 spondens
1328 1846 1433 1883 bona
1460 1857 1598 1893 opera,
1628 1846 1699 1882 διο.

275 1893 311 1928 8.
364 1893 515 1930 Forma
543 1901 601 1932 est
627 1894 795 1944 partium
823 1897 1039 1934 secundum
1069 1896 1314 1935 conditiones
1343 1896 1528 1946 obligatio
1556 1903 1708 1934 mutua:
1739 1896 1848 1934 cuius
1870 1894 2055 1933 indicium
2071 1907 2149 1932 cer-

218 1950 301 1981 tum
336 1951 393 1982 est
429 1946 639 1984 earundem
674 1947 944 1986 conditionum
983 1948 1220 1987 obseruatio:
1249 1956 1383 1998 vtpote
1411 1949 1487 1998 qua
1516 1956 1712 1998 cessante,
1741 1949 1891 1987 irritum
1919 1950 1960 1986 fit
1988 1948 2148 1997 foedus,

222 1997 329 2046 quod
356 2010 402 2036 ex
431 1998 719 2038 conditionibus
748 1999 898 2039 initum.

273 2063 309 2100 9.
364 2052 477 2088 Finis
518 2052 707 2102 generalis
748 2053 818 2091 fuit
859 2053 982 2104 gloria
1023 2054 1116 2101 Dei.
1153 2057 1176 2092 a
1214 2066 1313 2103 quo,
1343 2069 1411 2105 per
1439 2066 1573 2105 quem,
1602 2057 1638 2093 δε
1666 2056 1704 2092 in
1733 2066 1850 2104 quem
1879 2061 1967 2092 sunt
1995 2053 2146 2091 omnia:

218 2103 330 2140 Rom.
360 2116 417 2140 11.
447 2106 508 2152 36.
551 2106 793 2144 Particularis
820 2110 914 2145 vero
942 2106 1012 2144 fuit
1038 2106 1205 2145 hominis
1233 2109 1351 2153 salus,
1384 2115 1572 2158 quatenus
1600 2108 1695 2145 illud
1723 2108 1861 2146 foedus
1885 2107 1937 2145 ita
1961 2113 2041 2145 erat
2055 2119 2146 2144 con-

221 2155 414 2206 stitutum.J
442 2164 483 2194 vt
509 2170 579 2207 per
606 2171 647 2196 se
674 2159 843 2197 hominis
870 2161 1019 2197 bonum
1047 2162 1447 2210 spectaretgquamuis
1463 2161 1555 2198 vitio
1570 2161 1650 2198 eius
1664 2174 1745 2198 non
1761 2160 1957 2210 fueritipsi
1971 2161 2147 2197 salutare.

276 2222 334 2246 10.
388 2210 652 2249 Instrmuenta
679 2214 771 2250 vero
799 2213 970 2261 (praeter
995 2214 1175 2262 generale
1205 2213 1321 2263 illud,
1350 2215 1399 2252 de
1428 2225 1507 2264 quo
1535 2214 1635 2252 thesi
1655 2218 1703 2263 1.)
1727 2215 1880 2252 fuerunt
1896 2212 2086 2262 duplicia.
2108 2212 2148 2249 in

220 2260 434 2300 visibilibus
461 2264 576 2302 rebus
604 2265 740 2313 posita.
782 2265 952 2303 Primum
983 2266 1053 2303 fuit
1079 2265 1171 2316 Dei,
1199 2268 1451 2315 proponentis
1480 2268 1659 2305 arborem
1682 2268 1802 2316 vitae,
1822 2273 1863 2304 vt
1886 2265 2035 2303 homini
2050 2271 2148 2302 esset

219 2314 510 2354 Sacramentum
539 2316 641 2354 vitae
669 2318 987 2369 supernaturalis,
1016 2332 1084 2368 per
1113 2319 1307 2357 Christum
1335 2320 1501 2371 ἀρχηγὸν
1531 2324 1598 2366 τῆς
1626 2323 1742 2370 ζωῆς,
1768 2319 2020 2358 obtinendae:
2050 2319 2146 2355 (J'cn.

219 2379 256 2415 3.
288 2380 348 2405 22.
376 2369 460 2406 Act.
490 2381 525 2416 3.
560 2380 618 2419 15.
647 2372 792 2421 Apoca.
827 2385 861 2410 2.
894 2383 951 2419 17.
994 2373 1170 2409 Alterum
1200 2374 1291 2410 vero
1321 2374 1390 2409 fuit
1417 2373 1555 2421 pignus
1584 2373 1828 2410 obedientiae
1856 2371 2026 2409 hominis
2055 2382 2146 2419 erga

218 2421 368 2470 Deum7
397 2421 490 2459 dum
519 2435 565 2460 ex
593 2423 667 2460 Dei
695 2423 881 2463 mandato
909 2423 1118 2462 abstineret
1146 2425 1196 2462 ab
1224 2437 1292 2463 esu
1322 2426 1467 2462 fructus
1497 2425 1646 2463 arboris
1675 2425 1857 2463 scientiae
1882 2424 2026 2463 boni&
2043 2422 2144 2460 mali.

225 2474 361 2510 Genes.
393 2487 426 2511 2.
463 2485 519 2522 17.

275 2538 333 2563 11.
388 2528 490 2564 Nam
531 2528 706 2577 quamuis
747 2529 914 2567 hominis
955 2530 1113 2580 sponsio
1151 2530 1249 2568 illius
1278 2530 1511 2568 conditionis
1539 2530 1729 2580 generalis
1759 2537 1877 2577 esset,
1907 2541 2024 2579 quam
2053 2535 2142 2565 ante

221 2578 437 2627 attulimu33
481 2587 630 2630 tamen,
664 2581 702 2618 in
740 2594 781 2619 re
814 2589 892 2620 tam
930 2583 1040 2632 parui
1068 2583 1277 2632 momenti7
1306 2585 1420 2621 fidem
1449 2585 1483 2621 ἃ*
1506 2583 1780 2632 gratitudinem
1808 2582 1947 2632 ipsius,
1977 2582 2144 2630 probare

218 2630 339 2667 voluit
366 2633 484 2671 Deus.
527 2635 587 2670 Ex
613 2645 692 2682 quo
721 2637 972 2684 transgressio
1002 2637 1119 2673 fiebat
1146 2635 1361 2685 indignior,
1390 2643 1430 2673 vt
1457 2649 1536 2673 non
1566 2636 1705 2674 mirum
1735 2636 1801 2686 sit,
1825 2641 1856 2673 si
1870 2641 2004 2684 postea
2018 2635 2143 2671 laesae

218 2683 424 2722 maiestatis
452 2685 606 2724 diuinae
633 2693 712 2723 tam
738 2689 1018 2726 contumaciter
1048 2700 1153 2738 reus.
1181 2701 1251 2738 per
1278 2688 1449 2726 mandati
1477 2689 1576 2726 illius
1605 2688 2142 2738 contemptum,sibi7poste-

216 2739 345 2784 nsque
375 2738 555 2776 omnibus
583 2739 842 2788 corruptionis
871 2754 1006 2779 caussa
1034 2741 1221 2791 extiterit7
1263 2741 1402 2790 quibus
1430 2748 1579 2787 tamen,
1618 2741 1650 2780 si
1677 2742 1751 2779 Dei
1777 2748 1985 2791 praecepta
2010 2739 2141 2776 obser-

1998 2797 2143 2840 nasset,
