2334 3020
862 115 1129 142 EIRENICI
1172 115 1310 143 PARS
1350 116 1374 142 1.
2009 118 2083 154 447

149 228 281 272 noque
318 220 463 260 Christi
499 220 702 259 veritatem
743 222 873 271 aliquo
913 228 1031 272 pacto
1071 229 1161 260 ante
1202 223 1340 261 oculos
1383 221 1534 272 priscae
1572 222 1673 261 illius
1711 222 1912 263 Ecclesiae
1941 236 2090 274 reprae—

149 282 330 314 sentaret.

201 330 334 378 Atque
361 329 435 367 hae
463 327 621 378 quidem
649 326 1005 367 administrationes
1033 327 1072 366 in
1101 341 1146 367 ea
1172 328 1349 368 Ecclesia
1377 330 1503 367 aDeo
1519 329 1754 368 constitutae
1770 337 1881 381 sunt⁷
1910 336 1952 368 vt
1966 331 2093 368 forma

149 389 309 420 externa
338 381 538 420 Ecclesiae
565 381 826 420 conueniente
854 382 993 420 ordine
1022 388 1261 420 seruaretur:
1303 394 1381 432 qua
1410 384 1536 421 forma
1562 382 1703 432 singuli
1728 384 1778 421 ad
1808 383 2091 422 conscientiam

149 437 186 473 &
218 434 495 485 probationem
525 433 721 484 internae,
757 447 875 484 quam
913 434 1105 485 principio
1145 434 1392 485 dicebamus,
1423 436 1534 485 quasi
1563 437 1798 475 ducerentur
1827 448 1958 475 manu.
2015 436 2093 475 Sed

150 487 242 537 quia
283 491 341 537 (vt
380 487 475 526 olim
516 487 674 526 dicebat
714 488 1016 527 Iurisconsultus
1058 488 1234 538 quidam)
1269 501 1407 539 parum
1437 496 1495 528 est
1523 489 1554 528 si
1582 490 1640 528 ius
1669 489 1707 527 in
1736 489 1893 529 ciuitate
1921 489 1988 540 sit7
2019 488 2092 528 nisi

149 541 226 579 sint
266 541 334 590 qui
375 541 506 580 dicere
546 542 716 590 possint3
766 541 818 580 ita
859 541 976 580 etiam
1006 555 1066 580 res
1095 555 1135 580 se
1164 542 1203 580 in
1232 541 1410 581 Ecclesia
1438 543 1576 595 habet3
1619 555 1692 593 age
1720 544 1769 581 de
1795 543 2026 582 custodibus
2054 544 2090 582 δε

150 594 394 633 curatoribus
422 593 514 633 iuris
543 594 651 633 istius
681 595 896 633 videamus.

203 648 401 686 Custodes
428 648 543 698 igitur
570 647 662 686 iuris
691 650 727 687 &
757 647 906 687 ordinis
934 648 1078 699 sancti,
1107 661 1226 698 quem
1255 650 1332 687 hoc
1360 649 1452 687 loco
1482 649 1660 688 Ecclesia
1690 649 1952 701 praedicauit,
1985 663 2092 689 com-

149 701 258 739 muni
298 701 560 751 appellatione
589 701 792 752 significati
822 709 910 740 sunt
939 703 1080 741 domus
1108 703 1170 740 vel
1200 702 1368 740 familiae
1397 702 1584 741 Dauidis:
1617 704 1958 752 quemadmodum
1990 704 2096 754 apud

149 755 363 804 Prophetas
390 754 534 805 passim
561 754 739 794 videmus
768 768 816 793 eo
845 755 1004 794 nomine
1033 757 1135 794 hanc
1163 755 1328 794 domum
1356 756 1571 806 celebrari7
1601 758 1636 794 δε
1667 760 1805 796 contra
1820 770 1912 808 prae
1930 756 2094 796 caeteris

148 807 304 846 familiis
346 807 386 845 in
428 809 577 858 populo
620 808 696 847 Dei
736 808 990 858 reprehendi,
1033 810 1064 848 si
1105 809 1265 858 quando
1308 809 1409 847 iusta
1439 809 1537 848 ratio
1566 809 1714 848 ordinis
1742 814 1765 849 a
1794 813 1881 849 Deo
1912 810 2095 861 imperati

148 860 306 910 publice
334 862 609 911 negligeretur.
638 861 767 901 Huius
796 868 927 900 autem
955 863 1155 901 custodiae
1184 876 1230 900 ac
1258 863 1544 912 procurationis
1573 865 1715 902 modus
1742 864 1782 902 in
1797 865 1856 903 his
1873 866 2093 914 Prophetae

147 914 278 953 verbis
317 915 463 964 duplex
496 915 772 966 intelligendus
806 921 876 954 est.
919 916 1022 954 Nam
1051 918 1127 965 qua
1156 915 1285 953 Dauid
1314 916 1531 954 secundum
1561 918 1776 955 humanum
1805 918 1984 956 ordinem
2022 917 2094 956 fuit

149 974 342 1017 potestate
379 968 599 1019 praeditus,
638 969 779 1007 modus
808 969 1009 1007 custodiae
1037 971 1231 1007 humanus
1260 975 1340 1007 est:
1371 971 1450 1019 qua
1477 977 1607 1008 autem
1637 971 1706 1009 fuit
1728 978 1843 1021 typus
1872 971 2018 1010 Christi
2047 984 2095 1010 ex

149 1020 284 1059 diuina
318 1021 581 1071 institutione,
617 1022 770 1061 diuinus
809 1023 973 1072 modus,
1011 1022 1120 1061 cuius
1156 1023 1194 1060 in
1233 1022 1390 1060 Christo
1428 1024 1464 1061 &
1498 1025 1521 1061 a
1556 1024 1714 1062 Christo
1746 1027 2096 1064 consummabatur

148 1074 305 1113 veritas.
349 1075 525 1113 Humani
565 1075 665 1114 illius
702 1075 814 1114 modi
837 1083 954 1125 caput
983 1075 1055 1114 fuit
1081 1076 1234 1125 Dauid3
1262 1077 1297 1114 &
1325 1075 1549 1126 quicunque
1577 1078 1627 1115 ad
1658 1078 1843 1116 familiam
1867 1078 1949 1117 eius
1980 1078 2095 1129 perti-

149 1135 339 1178 nuerunt,
374 1127 398 1177 ij
435 1129 630 1178 quaedam
671 1128 792 1168 veluti
820 1130 998 1167 membra
1027 1129 1254 1180 extiterunt3
1284 1141 1374 1167 cum
1403 1141 1558 1168 summo
1588 1129 1655 1168 illo
1685 1131 1812 1181 capite
1840 1132 1891 1170 ad
1919 1131 2096 1182 corporis

149 1181 270 1220 totius
311 1184 347 1220 δε
389 1182 538 1221 ordinis
578 1183 617 1221 in
656 1195 825 1232 corpore
861 1182 1203 1221 conseruationem
1246 1182 1512 1233 conspirantia
1542 1184 1759 1222 secundum
1788 1187 1931 1223 Deum.
1962 1185 2096 1223 Diuini

149 1242 280 1274 autem
323 1235 432 1274 modi
470 1243 588 1286 caput
630 1236 787 1274 vnicum
830 1238 865 1274 &
907 1235 1152 1274 immutabile
1197 1236 1374 1274 Christus
1404 1244 1485 1275 est:
1514 1237 1581 1287 qui
1611 1237 1826 1277 ministerio
1856 1252 1937 1277 non
1968 1240 2095 1277 solum

149 1288 366 1328 sacerdotis
381 1290 535 1340 summi,
551 1297 615 1328 aut
631 1290 829 1328 seniorum
844 1302 892 1328 ex
906 1290 1187 1336 sacerdotibus.⁴
1204 1297 1270 1327 aut
1285 1290 1534 1328 sacerdotum
1550 1290 1724 1340 ipsorum
1741 1299 1857 1341 atque
1872 1292 2096 1332 Leuitarum

148 1355 197 1381 ex
224 1342 381 1392 ordine,
401 1342 654 1381 verumetiam
672 1343 955 1392 Prophetarum
972 1350 1079 1381 extra
1094 1342 1291 1393 ordinem,
1315 1343 1625 1393 quotiescunque
1640 1344 1765 1383 visum
1782 1353 1900 1393 esset,
1918 1348 2098 1385 vtebatur

148 1397 200 1435 ad
226 1397 306 1434 hoc
335 1408 448 1434 suum
476 1408 576 1446 opus
599 1396 637 1434 in
664 1396 841 1435 Ecclesia
864 1407 933 1434 sua
948 1397 1278 1446 promouendum.
1295 1410 1343 1435 ex
1357 1408 1436 1446 quo
1453 1399 1589 1442 fiebat,
1622 1405 1662 1436 vt
1676 1398 1716 1436 hi
1732 1398 1892 1448 quidem
1909 1400 2095 1451 singulari

148 1463 218 1489 sua
244 1449 454 1489 vocatione
481 1449 520 1488 in
548 1449 762 1489 ministerio
792 1463 863 1488 suo
892 1462 1055 1499 operam
1083 1457 1381 1499 consumerent3
1416 1449 1471 1489 illi
1499 1453 1616 1502 vero,
1646 1452 1776 1490 Dauid
1802 1452 1961 1503 inquam
1979 1457 2013 1494 &
2030 1454 2096 1505 qui

148 1520 196 1546 ex
223 1506 367 1545 familia
397 1505 479 1544 eius
495 1536 505 1556 7
532 1511 714 1555 vrgerent
742 1503 995 1542 ministerium
1023 1505 1140 1550 illud,
1171 1505 1206 1541 &
1230 1504 1409 1543 ordinem
1434 1505 1648 1543 humanum
1664 1506 1830 1545 suumin
1847 1510 2096 1557 procurando

147 1573 277 1600 rerum
308 1571 505 1598 sacrarum
534 1558 673 1597 ordine
702 1557 882 1607 religiose
909 1565 1161 1607 occuparent.
1191 1558 1255 1597 Sic
1285 1558 1461 1597 videmus
1487 1560 1869 1599 PsalmosaDauide
1890 1562 2007 1602 fuisse
2024 1564 2097 1602 Ec-

147 1614 287 1653 clesiae
315 1613 448 1663 datos3
477 1614 513 1650 &
543 1612 700 1651 ordines
730 1610 929 1660 ministerij
948 1610 1066 1660 sacri„
1096 1611 1275 1651 adhibito
1290 1613 1576 1662 Prophetarum
1593 1621 1818 1652 sanctorum
1834 1616 1908 1654 Dei
1923 1615 2097 1655 virorum

147 1667 334 1717 consilio7
363 1666 615 1706 distributos:
645 1672 687 1704 vt
711 1664 863 1703 disertis
891 1664 1019 1703 verbis
1047 1672 1185 1703 auctor
1199 1665 1289 1704 libri
1304 1665 1595 1705 Chronicorum
1611 1667 1818 1717 aliquoties
1835 1670 2096 1710 confirmauit.

197 1723 337 1761 Restat
362 1722 474 1759 locus
502 1720 657 1769 tertius,
687 1720 737 1758 de
766 1717 1032 1757 stabilimento
1062 1717 1171 1757 istius
1199 1719 1374 1758 ordinis:
1403 1721 1513 1769 quod
1530 1722 1730 1770 Propheta
1745 1721 1873 1761 innuit
1887 1724 2096 1774 perpaucis

145 1776 297 1824 verbis,
339 1774 475 1813 dicens
516 1774 615 1812 haec
647 1774 755 1821 folia
790 1773 870 1810 illic
910 1772 1116 1810 considere.
1161 1773 1266 1822 prins
1295 1773 1477 1824 quidem,
1507 1774 1573 1813 vbi
1603 1775 1653 1813 de
1682 1775 1864 1815 fidelibus
1895 1777 2095 1817 Ecclesiae

145 1827 331 1867 membris
359 1835 489 1866 actum
519 1834 595 1877 est,
624 1826 722 1865 dixit
749 1825 872 1864 tribus
901 1825 1116 1864 ascendere
1143 1825 1235 1865 illuc
1262 1829 1314 1866 ad
1345 1828 1613 1866 testimonium
1641 1829 1838 1868 Iehouae:
1868 1842 1974 1869 nunc
2001 1834 2095 1870 vero

145 1894 265 1931 agens
305 1880 355 1919 de
390 1880 525 1920 diuino
555 1881 712 1930 ordine,
743 1885 809 1917 aut
836 1879 954 1917 rebus
983 1878 1126 1917 diuinis
1156 1880 1421 1932 ministrante,
1450 1881 1518 1931 qui
1546 1881 1622 1920 Dei
1650 1882 1883 1921 auctoritate
1899 1883 2096 1924 institutus

147 1941 205 1973 est
240 1934 279 1973 in
308 1934 486 1973 Ecclesia
514 1933 614 1984 eius,
658 1933 753 1972 dicit
791 1933 990 1982 Propheta
1019 1931 1058 1970 in
1087 1934 1179 1972 loco
1208 1935 1426 1974 considere.
1455 1936 1503 1973 Id
1531 1942 1662 1974 autern
1692 1935 1911 1986 significare
1941 1938 2096 1977 videtur

146 1989 292 2027 Psaltes
320 1987 554 2026 considendi
581 1988 725 2036 verbo„
753 1987 885 2024 Deum
913 1992 1116 2024 auctorem
1148 1987 1257 2026 istius
1291 1988 1439 2027 ordinis
1469 1988 1508 2026 in
1540 1988 1718 2028 Ecclesia
1749 2001 1838 2039 sua,
1868 1997 1952 2028 tum
1982 1991 2091 2030 stabi-

145 2040 276 2080 liuisse
319 2040 501 2079 ordinem
543 2040 671 2091 illum,
715 2047 799 2078 tum
840 2041 933 2077 vero
974 2039 1150 2078 actiones
1188 2040 1288 2080 illius
1327 2041 1474 2080 ordinis
1503 2042 1726 2092 praesentia
1753 2054 1822 2081 sua
1852 2043 2036 2084 direxisse
2061 2046 2097 2083 &

145 2094 360 2133 firmauisse
387 2095 439 2133 ad
463 2093 628 2144 gloriam
658 2106 780 2132 suam.
809 2092 1027 2131 Consident
1053 2093 1158 2131 enim
1175 2124 1184 2138 ,
1213 2095 1279 2144 qui
1306 2095 1344 2133 in
1374 2108 1472 2145 pace
1501 2103 1610 2144 sunt,
1640 2102 1706 2134 aut
1728 2096 1796 2146 qui
1825 2096 1978 2136 immoti
2009 2106 2099 2137 sunt

146 2149 197 2187 ab
234 2147 408 2186 aduersis
443 2148 585 2186 rebus:
623 2146 830 2186 consident
866 2147 1084 2196 praeterea,
1117 2146 1183 2196 qui
1214 2151 1366 2186 mature
1395 2148 1558 2187 consilia
1586 2149 1747 2194 ineunt„
1776 2156 1816 2188 vt
1847 2151 1949 2189 bene
1980 2153 2096 2191 rebus

146 2201 326 2251 gerendis
357 2201 528 2251 praesint
556 2214 602 2239 ac
630 2200 857 2239 salutariter.
889 2199 990 2237 Cum
1019 2199 1150 2248 itaque
1178 2200 1217 2238 hi
1246 2201 1378 2239 throni
1408 2203 1591 2241 dicuntur
1620 2202 1844 2249 considere,
1875 2204 2017 2254 partim
2047 2206 2097 2244 de

146 2267 244 2304 pace
287 2255 322 2292 &
365 2255 616 2293 firmamento
646 2254 804 2292 illorum
833 2251 1036 2303 prouisum
1065 2266 1149 2291 esse
1179 2255 1202 2291 a
1231 2256 1318 2293 Deo
1349 2254 1621 2306 intelligimus„
1650 2261 1870 2306 partimque
1901 2270 1962 2296 res
1992 2258 2094 2298 iusto

147 2307 286 2346 ordine
315 2306 560 2357 consilioque
587 2307 783 2358 prouisas,
813 2312 987 2351 curatasq
1016 2313 1156 2355 gestas,
1186 2315 1373 2357 tanquam
1389 2311 1411 2346 a
1427 2309 1666 2358 sapientibus
1682 2309 1920 2349 administris
1938 2311 2094 2350 diuinae

146 2360 358 2400 voluntatis
373 2390 383 2409 .,
413 2360 453 2399 in
483 2372 652 2411 quorum
680 2370 866 2400 consessu
893 2358 1138 2409 consilioque
1156 2363 1212 2408 (vt
1227 2361 1320 2400 alibi
1336 2361 1431 2399 dicit
1447 2363 1610 2410 Psaltes)
1629 2364 1734 2401 Deus
1755 2364 1976 2413 praefuerit.
1992 2366 2093 2404 Psal.

148 2416 211 2453 82.
254 2428 285 2452 1.
322 2413 536 2453 Enimuero
575 2414 712 2464 quidni
741 2412 934 2452 sedissent
962 2413 1122 2450 sedente
1153 2413 1355 2452 Domino?
1383 2416 1521 2464 quidni
1551 2415 1836 2465 substitissent,
1866 2418 1953 2455 Deo
1983 2430 2092 2457 suam

145 2468 280 2506 sedem
309 2481 355 2505 ac
384 2466 630 2505 domicilium
658 2468 698 2505 in
728 2480 776 2506 eo
813 2467 905 2504 loco
935 2464 1151 2504 statuente?
1181 2468 1283 2506 Nam
1315 2469 1379 2506 vbi
1404 2469 1521 2507 tutius
1552 2470 1687 2507 sedeat
1717 2470 1897 2509 Ecclesia
1923 2470 2092 2520 piorum„

147 2523 265 2570 quam
305 2520 346 2558 in
387 2520 480 2559 sede
520 2522 556 2559 δε
598 2520 842 2559 habitatione
872 2518 1055 2562 Domini„
1097 2520 1373 2560 sanctificantis
1414 2522 1633 2572 praesentia
1662 2534 1731 2560 sua
1761 2524 1796 2561 &
1825 2524 2094 2564 confirmantis

147 2575 294 2613 electos
322 2586 484 2623 omnes,
512 2588 558 2613 ac
586 2574 814 2624 praesertim
842 2571 1094 2610 administros
1123 2572 1243 2612 suos?
1273 2575 1394 2623 Quod
1422 2576 1452 2614 si
1482 2576 1581 2621 illic,
1612 2589 1693 2614 non
1722 2576 1814 2614 alibi
1829 2577 1982 2626 sedent,
1997 2580 2093 2628 quid

146 2627 262 2666 nobis
288 2639 379 2665 cum
407 2627 473 2664 illa
500 2628 856 2678 dllotqtonqoeycqc,
897 2637 998 2674 quae
1027 2632 1106 2662 tam
1135 2629 1350 2666 multorum
1380 2629 1535 2668 infestat
1563 2627 1742 2667 mentes?
1771 2632 1888 2668 Hanc
1912 2631 2091 2681 Spartam

147 2691 329 2719 curemus
363 2679 504 2730 singuli
539 2691 657 2730 quarn
695 2679 799 2717 nacti
834 2689 988 2725 sumus„
1017 2680 1053 2716 St
1083 2691 1293 2728 sequamur
1320 2682 1483 2733 vestigia
1510 2682 1675 2721 dicentis
1704 2683 1833 2731 Pauli„
1867 2684 1975 2732 Quid
2005 2699 2093 2724 mea

146 2733 306 2773 interest
340 2732 457 2772 etiam
492 2733 542 2771 de
579 2732 772 2771 extraneis
809 2729 1008 2769 iudicare?
1036 2736 1168 2771 nonne
1197 2734 1247 2772 de
1276 2734 1321 2773 iis
1351 2735 1418 2785 qui
1447 2736 1550 2775 intus
1585 2742 1675 2774 sunt
1703 2749 1775 2775 vos
1804 2736 2012 2778 iudicatis?
2042 2740 2093 2778 de

151 2786 347 2826 extraneis
378 2787 470 2825 vero
497 2787 606 2824 Deus
634 2784 795 2824 iudicat.
828 2797 861 2824 1.
892 2784 985 2823 Cor.
1015 2785 1051 2822 6.
1086 2797 1145 2823 12.
1181 2799 1239 2836 13.

1928 2842 1965 2881 Ο
1993 2845 2088 2882 vero
