2334 3020
799 119 908 147 THE
959 121 1015 147 Es
1057 116 1488 146 THEOLOGICAE.
2041 110 2109 153 145

179 232 275 271 alius
308 234 332 270 a
366 231 465 270 Filio
497 228 649 268 dicitur.
680 228 792 266 Ioan.
827 238 861 277 5.
892 240 953 275 32.
984 238 1061 264 vox
1091 231 1183 274 puta
1213 226 1313 261 alius
1342 223 1631 261 distinctionem
1660 221 1699 259 in
1726 232 1893 270 persona
1919 220 2115 271 designat:

181 284 377 325 distinctio
414 285 507 322 vere
548 284 624 331 qua
659 293 825 331 persona
853 292 929 317 vna
959 280 1009 318 ab
1040 280 1161 316 altera
1189 276 1457 327 distinguitur,
1486 275 1598 314 realis
1626 281 1696 313 est.
1737 273 1854 312 Ratio
1882 273 1987 312 idem
2016 286 2115 313 asse-

180 351 266 377 rens
308 339 406 376 haec
434 342 510 385 est,
537 334 627 384 quia
654 333 772 372 Filius
801 344 913 372 suum
943 331 1150 371 subsistere
1178 343 1201 367 a
1229 331 1342 368 Patre
1371 330 1540 379 accepit,
1569 335 1610 366 vt
1636 330 1659 366 a
1687 326 1876 378 principio
1906 327 2115 377 personali-

179 392 266 429 tatis
300 402 410 429 suae:
441 387 678 437 Principium
705 389 798 426 vere
824 387 859 424 ἅν
888 384 1163 435 principiatum
1193 396 1234 420 re
1262 382 1366 420 idem
1397 395 1477 420 non
1506 389 1607 420 sunt.

232 446 268 482 6.
323 445 498 482 Primam
539 442 576 479 S.
618 439 818 478 Trinitatis
853 451 1061 489 personam
1102 439 1254 475 Patrem
1293 435 1600 485 appellauimus,
1639 432 1959 483 quandoquidem
1988 436 2044 481 (vt
2068 432 2116 470 de

180 497 316 535 ordine
344 496 383 534 in
412 492 703 544 operationibus
732 493 827 531 nihil
855 491 1050 542 dicamus,
1079 490 1144 540 qui
1174 490 1251 527 hoc
1279 489 1494 526 secundum
1524 486 1794 526 oeconomiam
1811 486 1983 524 diuinam
2001 485 2117 535 exigit

180 548 416 592 necessarie)
444 548 508 585 ille
538 559 578 585 se
606 547 722 584 talem
752 544 1012 597 praedicauit,
1044 545 1132 582 curn
1162 544 1313 580 Patrem
1342 541 1456 591 dixit,
1486 552 1612 590 neque
1631 540 1734 578 enim
1749 538 1868 577 Filius
1883 539 1996 577 Patre
2010 539 2117 589 prior

180 609 259 653 est,
286 608 379 652 puta
407 601 457 639 ab
473 612 520 638 eo
535 598 686 649 genitus
697 630 708 649 ,
723 612 850 649 neque
867 598 1028 648 Spiritus
1045 598 1083 636 S.
1099 596 1165 646 qui
1179 597 1228 634 ab
1244 603 1409 644 vtroque
1423 594 1642 645 procedens
1658 599 1822 642 vtroque
1836 591 2030 642 posterior
2046 599 2115 630 est.

234 668 268 703 7.
323 653 515 692 Addimus
551 665 634 691 esse
671 651 855 703 ἄναρχον,
885 653 934 689 &²
963 653 986 687 ὰ
1016 664 1054 688 se
1079 651 1257 699 existere,
1286 647 1607 697 quandoquidem
1636 658 1802 696 persona
1832 645 1953 682 Patris
1982 657 2114 683 secun—

179 709 273 746 dum
302 708 447 746 nullam
476 706 533 744 sui
562 705 937 755 considerationem,
964 704 1086 741 Vllum
1112 704 1229 740 habet
1258 701 1510 752 principium,
1540 701 1621 738 siue
1647 706 1776 748 ortus,
1792 697 1872 736 siue
1886 705 2014 748 actus,
2030 698 2110 735 siue

178 760 381 811 temporis:
423 770 550 808 neque
592 757 696 796 enim
739 758 956 797 secundum
992 754 1316 795 considerationis
1353 754 1542 792 rationem
1571 764 1823 792 communem
1852 751 1890 788 in
1920 750 2107 801 essentia,

179 816 256 863 qua
284 815 390 851 Deus
418 818 491 850 est:
521 811 685 850 essentia
712 817 823 861 puta,
851 813 929 860 qua
957 808 1141 858 essentia,
1170 809 1319 845 nullum
1347 808 1465 845 habet
1480 806 1733 857 principium:
1751 815 1879 853 neque
1894 804 2110 842 secundum

179 867 410 916 singularem
439 866 658 903 absolutam
686 863 724 901 in
751 876 937 914 persona,
965 865 1042 911 qua
1071 861 1244 900 subsistit
1271 860 1310 897 in
1338 860 1485 898 vnitate
1514 859 1705 898 essentiae
1734 857 1825 907 quia
1853 857 1892 894 in
1922 870 1962 895 se
1991 858 2025 894 ἃ
2048 869 2116 906 per

179 933 219 958 se
246 921 296 958 ab
325 926 483 957 aeterno
512 917 700 956 subsistit:
730 927 857 966 neque
886 916 1099 955 secundum
1136 914 1357 958 relatiuam,
1382 925 1482 962 quae
1512 919 1570 950 est
1598 911 1638 949 in
1656 910 1960 948 distinctione&
1980 910 2117 948 ordine

179 973 229 1010 ad
257 984 442 1022 personas
472 970 654 1020 reliquas:
683 970 895 1008 secundum
924 971 1024 1007 hanc
1052 967 1154 1006 enim
1182 966 1419 1015 reliquarum
1443 966 1481 1003 in
1497 967 1639 1003 Sancta
1654 963 1844 1002 Trinitate
1860 974 2117 1013 personarum

181 1025 416 1075 principium
443 1030 513 1062 est.

234 1081 269 1116 8.
325 1077 548 1116 Secundum
585 1077 681 1114 duas
720 1075 867 1125 priores
896 1073 1205 1113 considerandae
1234 1084 1423 1122 personae
1451 1070 1620 1109 rationes
1647 1071 1670 1106 a
1700 1082 1740 1107 se
1768 1081 1850 1107 esse
1881 1068 2005 1106 tribus
2034 1082 2117 1118 pcr-

181 1131 286 1170 sonis
320 1141 529 1169 commune
566 1136 641 1168 est:
672 1128 835 1167 essentia
871 1128 996 1177 enim,
1028 1138 1126 1176 quae
1153 1133 1236 1164 tota
1263 1124 1386 1163 Patris
1413 1131 1489 1174 est,
1518 1131 1600 1162 tota
1629 1122 1742 1162 simul
1771 1129 1828 1160 est
1857 1121 1942 1171 filij,
1971 1122 2006 1158 ἃ
2035 1128 2118 1159 tota

181 1186 246 1235 Sp.
274 1185 312 1223 S.
343 1195 459 1233 quam
486 1184 598 1220 Pater
626 1181 665 1220 in
693 1181 836 1219 vnitate
851 1181 1042 1219 essentiae
1058 1179 1097 1217 in
1112 1191 1153 1217 se
1169 1180 1204 1216 &
1218 1191 1287 1228 per
1302 1190 1342 1215 se
1357 1177 1580 1215 subsistunt.
1598 1175 1813 1214 secundum
1829 1174 2004 1212 vltimam
2022 1178 2117 1212 vero

181 1237 285 1275 Patri
310 1235 511 1301 proprium
541 1242 617 1274 est:
647 1235 710 1273 ille
740 1233 843 1273 enim
871 1234 959 1285 filij,
989 1234 1023 1270 82
1045 1244 1135 1270 cum
1149 1231 1249 1270 Filio
1266 1230 1428 1281 Spiritus
1443 1231 1607 1269 Sanctus
1623 1227 1856 1279 principium
1873 1227 2033 1277 originis
2049 1234 2118 1265 est.

234 1303 270 1340 9.
325 1291 362 1327 A
401 1302 441 1327 se
479 1294 608 1327 autem
643 1289 732 1326 clim
765 1288 918 1325 Patrem
955 1292 1020 1325 aut
1048 1286 1170 1322 filium
1199 1297 1284 1323 esse
1312 1283 1497 1334 dicimus,
1525 1295 1606 1321 non
1635 1280 1885 1330 intelligimus
1912 1283 1936 1317 a
1965 1293 2006 1318 se
2036 1293 2119 1318 esse

179 1343 336 1393 proprie
365 1344 400 1380 δε
427 1343 603 1380 absolute
631 1341 724 1377 κατὰ
755 1340 872 1377 θέσιν
899 1339 980 1377 siue
1008 1345 1118 1387 ortu,
1147 1336 1228 1376 siue
1257 1344 1364 1387 actu,
1395 1337 1504 1386 quod
1535 1337 1558 1373 a
1586 1348 1627 1373 se
1656 1334 1945 1384 producantur,
1976 1334 2011 1371 &
2035 1335 2058 1370 a
2080 1346 2120 1371 se

180 1396 406 1435 subsistant:
437 1394 505 1433 sed
527 1395 686 1443 figurate
712 1393 791 1429 κατ’
814 1392 1034 1443 ἀναίρεσιν,
1059 1391 1167 1441 quod
1181 1403 1262 1429 non
1277 1390 1546 1440 producantur
1562 1394 1628 1427 aut
1641 1386 1851 1425 subsistant
1866 1387 1917 1424 ab
1934 1386 2010 1423 alio
2025 1386 2121 1423 vllo.

238 1462 297 1488 10.
351 1450 396 1486 In
435 1460 475 1486 se
510 1449 602 1485 vero
631 1445 721 1495 quia
748 1444 919 1483 subsistit
945 1446 995 1483 ab
1023 1451 1181 1483 aeterno
1211 1445 1247 1483 &
1275 1443 1398 1491 filius,
1425 1455 1506 1481 non
1535 1449 1646 1488 actu,
1675 1447 1740 1478 aut
1768 1448 1946 1489 tempore
1976 1439 2117 1488 princi-

180 1503 287 1552 pium
314 1501 431 1551 ipsius
458 1501 610 1538 Patrem
636 1497 821 1548 dicimus,
851 1497 919 1536 sed
947 1505 1035 1536 ortu
1062 1499 1233 1544 tantum,
1263 1497 1353 1547 quia
1382 1498 1406 1532 ὰ
1436 1509 1474 1534 se
1501 1498 1541 1533 ἐκ
1566 1496 1709 1534 vailate
1723 1495 1904 1531 essentiae
1919 1498 2116 1530 aeternnm

180 1557 304 1606 zpsum
333 1555 471 1603 genuit
502 1553 693 1603 (inquam)
731 1563 812 1589 non
839 1550 1015 1601 genitura
1042 1549 1384 1601 praedicamentali
1412 1550 1530 1599 (quae
1559 1559 1686 1586 rerum
1719 1558 2018 1596 corporearum.
2049 1558 2117 1595 per

180 1620 221 1646 se
248 1609 284 1645 &
312 1607 361 1645 de
392 1619 432 1645 se
460 1613 566 1644 extra
594 1618 634 1643 se
661 1617 731 1654 per
756 1604 973 1654 potentiam
1000 1605 1164 1642 similem
1188 1604 1261 1641 sibi
1275 1602 1531 1642 substantiam
1547 1613 1780 1651 corpoream
1796 1599 2117 1650 producentium)

179 1673 260 1699 non
289 1658 612 1698 transcendentali
639 1660 755 1707 (quae.
783 1657 958 1707 spiritum
984 1670 1054 1708 per
1081 1670 1142 1708 se,
1171 1657 1211 1695 in
1240 1669 1303 1706 se,
1331 1669 1400 1706 per
1423 1662 1601 1694 naturam
1616 1654 1842 1692 facultatem
1857 1651 2116 1703 gignentium)

181 1714 250 1752 sed
278 1713 407 1752 diuina
434 1713 571 1763 plane,
599 1724 667 1761 per
695 1724 756 1761 se,
785 1713 820 1749 δε
847 1711 886 1749 in
914 1723 976 1760 se,
1004 1724 1075 1761 per
1102 1718 1282 1748 naturam
1310 1708 1474 1748 similem
1502 1720 1727 1758 personam.

238 1780 297 1805 11.
352 1767 540 1816 Suprema
573 1764 688 1814 igitur
714 1765 812 1802 haec
840 1764 1060 1814 generatio,
1088 1770 1172 1801 vtvt
1199 1770 1337 1801 natura
1365 1768 1587 1800 creaturum
1616 1771 1745 1799 rerum
1775 1772 1823 1798 ex
1851 1764 1959 1809 parte
1987 1757 2121 1795 adum-

181 1822 291 1859 brata
317 1826 396 1869 est,
421 1818 578 1857 infinitis
604 1824 737 1855 tamen
765 1818 892 1855 modis
921 1825 1080 1867 propter
1103 1816 1293 1855 infinitam
1308 1815 1490 1854 similium
1506 1814 1822 1863 inaequalitatem
1839 1825 1925 1850 eam
1941 1819 2119 1861 superat:

180 1872 302 1912 Verbi
329 1871 470 1923 gratia,
499 1871 621 1922 gignit
648 1872 760 1909 Pater
790 1883 860 1920 per
887 1883 927 1908 se
956 1870 1141 1921 similem,
1170 1877 1211 1908 vt
1239 1869 1373 1908 omnia
1401 1881 1593 1918 corporea
1622 1873 1759 1905 natura
1787 1866 2006 1916 gignentia,
2037 1877 2121 1914 per-

182 1939 299 1977 sona,
327 1938 556 1976 personam,
584 1931 625 1962 vt
651 1923 850 1962 homines:
884 1936 964 1962 non
993 1931 1123 1962 tamen
1153 1930 1260 1962 extra
1289 1936 1349 1973 se,
1380 1922 1471 1972 quia
1499 1921 1663 1960 essentia
1687 1926 1745 1958 est
1767 1918 1935 1966 infinita,
1958 1917 2123 1967 simplex

182 1993 229 2018 ac
256 1991 370 2029 pura:
398 1991 479 2016 non
507 1978 733 2027 essentiam,
762 1978 852 2027 quia
880 1978 1012 2015 vnica:
1043 1977 1166 2027 gignit
1193 1977 1233 2014 in
1261 1989 1300 2014 se
1330 1989 1400 2026 per
1427 1982 1626 2024 naturam,
1658 1980 1699 2011 vt
1730 1972 1915 2022 Spiritus,
1945 1971 2014 2009 sed
2041 1983 2119 2008 non

183 2034 427 2082 facultatem,
457 2031 547 2081 quia
574 2042 692 2081 purus
720 2037 828 2069 actus
858 2037 926 2069 est.

239 2099 299 2125 12.
351 2084 530 2123 Diximus
552 2086 718 2133 gzgrnere
735 2090 946 2134 personam
975 2085 1135 2134 Patris,
1155 2089 1366 2133 personam
1394 2083 1490 2131 Filzj
1514 2082 1554 2118 isz
1579 2081 1720 2119 varitate
1735 2081 1918 2117 essentiae
1932 2084 1973 2116 vt
1989 2076 2120 2126 quoad

183 2140 265 2178 fieri
300 2145 429 2188 potest
462 2139 502 2176 in
538 2137 756 2188 profundo,
785 2138 821 2175 δι
849 2137 1174 2187 imperscrutabili
1202 2136 1387 2185 mysterio
1415 2136 1623 2184 loquamur
1651 2132 1827 2183 proprie:
1858 2137 1966 2170 extra
1995 2143 2123 2168 essen-

181 2193 275 2231 tiam
306 2192 409 2230 enim
437 2193 591 2230 Patrem
620 2203 804 2241 generare
833 2203 912 2228 non
940 2191 1113 2241 potuisse
1140 2190 1327 2239 vidimus,
1356 2189 1456 2227 thesi
1482 2187 1761 2237 praecedente:
1792 2199 1839 2224 ex
1866 2183 2037 2224 essentia
2062 2195 2125 2233 ge-

181 2245 309 2284 nuisse
349 2245 380 2283 si
415 2245 543 2294 dicas,
579 2245 740 2295 figurate
770 2243 959 2294 loqueris,
996 2256 1078 2281 non
1107 2244 1157 2281 ad
1186 2242 1422 2293 positionem
1451 2240 1634 2279 materiae
1661 2239 1775 2278 vllius
1805 2239 1910 2286 (cum
1940 2239 2047 2275 Deus
2077 2236 2124 2273 sit

182 2299 478 2346 immateriatus)
507 2298 577 2337 sed
603 2298 654 2336 ad
681 2297 929 2348 negationem
957 2297 1085 2335 omnis
1112 2295 1311 2334 vniuerse:
1340 2301 1456 2345 prout
1484 2307 1533 2332 ex
1547 2292 1670 2331 nihilo
1687 2291 1821 2331 omnia
1836 2304 1920 2330 esse
1936 2290 2124 2339 dicimus,

184 2353 273 2412 cum
299 2352 499 2390 materiam
527 2362 794 2390 remouemus:
824 2352 859 2389 δε
886 2352 1016 2389 Deum
1042 2353 1065 2388 a
1094 2363 1134 2388 se
1163 2362 1246 2388 esse
1274 2360 1363 2387 cum
1392 2360 1511 2386 omne
1537 2346 1727 2385 essentiae
1748 2348 1806 2394 (vt
1820 2344 2003 2392 diximus)
2020 2343 2122 2393 prin-

187 2417 331 2456 c1p1um
358 2416 559 2455 negamus.
972 2442 977 2447 ,

242 2472 302 2508 13.
362 2459 533 2508 ngnere
559 2459 775 2507 aeternam,
804 2457 895 2507 quia
924 2459 1061 2495 natura
1090 2459 1201 2494 Pater
1229 2455 1371 2506 gignit:
1401 2453 1548 2504 quippe
1577 2454 1621 2503 (f.
1655 2455 1784 2502 1628.)
1817 2465 1862 2490 ea
1889 2452 1979 2489 cum
2003 2455 2124 2488 aeter-

185 2514 279 2550 num
306 2511 373 2562 sit,
401 2518 600 2550 aeternum
627 2509 769 2561 gignit,
805 2517 983 2549 aeternus
1011 2516 1123 2560 pater
1150 2516 1350 2548 aeternum
1379 2508 1521 2546 filium:
1551 2507 1651 2545 adeo
1680 2513 1722 2544 vt
1751 2507 1842 2544 cum
1857 2503 2064 2543 aeternitas
2079 2501 2127 2539 sit

186 2565 286 2603 uitae
325 2571 408 2603 tota
443 2564 558 2603 simul
595 2565 629 2601 δῑ
665 2564 838 2613 perfecta
878 2565 1088 2614 possessio,
1131 2563 1230 2601 filius
1257 2574 1408 2611 semper
1438 2561 1485 2600 sit
1513 2563 1535 2598 a
1564 2561 1677 2598 Patre
1708 2559 1879 2609 genitus,
1909 2558 1945 2594 δι
1974 2568 2126 2605 semper

185 2619 355 2668 perfecte
396 2629 487 2656 cum
527 2619 657 2667 Patre,
698 2618 810 2655 Pater
846 2624 977 2656 tamen
1011 2616 1132 2654 filium
1161 2628 1315 2665 semper
1345 2615 1499 2665 gignat,
1530 2614 1599 2652 sed
1627 2614 1784 2651 exclusa
1813 2609 2061 2649 successione
2091 2609 2126 2645 ἃ

187 2672 482 2721 imperfectione
511 2671 635 2708 omni:
664 2669 809 2720 quippe
836 2677 954 2721 prout
984 2669 1100 2708 etiam
1129 2669 1167 2707 in
1195 2667 1473 2718 Metaphysicis
1502 2669 1525 2704 a
1554 2667 1728 2716 perfecto
1745 2664 1923 2702 subiecto
1939 2662 2126 2701 terminus

188 2725 380 2774 perfectus
415 2736 566 2773 semper
605 2730 830 2774 generatur,
859 2725 894 2761 δε
923 2736 1076 2772 semper
1101 2722 1238 2760 itidem
1265 2724 1460 2772 perfectus
1489 2727 1568 2770 est,
1605 2718 1660 2757 sic
1687 2719 1806 2757 etiam
1834 2724 1943 2755 actus
1969 2728 2127 2766 genera-

188 2777 304 2816 tionis
331 2778 369 2815 in
397 2779 510 2815 Patre
538 2778 573 2815 &
601 2777 679 2814 filio
708 2775 747 2813 in
777 2778 916 2815 effectu
944 2777 1154 2826 perfectus,
1183 2776 1222 2812 in
1251 2775 1458 2814 effectione
1485 2779 1695 2823 perpetuus
1724 2771 2006 2809 consideratur.
2065 2821 2098 2857 E

1156 2842 1200 2877 19
1949 2835 2008 2868 14.
2101 2831 2129 2857 x
