2334 3020
263 97 334 133 128
875 99 1091 126 Tnnsns
1133 97 1567 126 THEOLOGICAE.

258 219 342 250 tura
372 209 579 248 innumeris
606 207 644 245 in
672 206 791 256 locis,
820 207 955 244 M'arc.
989 219 1046 242 10.
1082 208 1140 242 18.
1171 206 1301 253 Atque
1330 206 1429 242 haec
1453 206 1502 242 de
1519 205 2002 255 intellectu&voluntate,
2019 204 2190 254 sequitur

257 263 445 315 potentia,
477 272 576 310 quae
598 259 820 309 exequitur,
849 258 956 307 quod
979 259 1158 296 voluntas
1180 257 1365 308 imperat,
1381 259 1416 295 δε
1431 257 1482 295 ad
1495 257 1604 307 quod
1617 256 1835 296 intellectus
1851 255 1980 307 dirigit
1996 259 2036 307 (f.
2057 259 2186 307 1613).

310 330 371 365 39.
426 314 659 363 Potentiam,
688 311 846 361 quando
877 311 926 349 de
954 312 1042 348 Deo
1070 311 1329 360 affirmamus,
1358 322 1439 348 non
1467 309 1715 360 intelligimus
1746 309 1982 361 potentiam,
2013 322 2114 360 quae
2134 319 2191 349 est

256 368 426 408 secunda
462 366 608 416 species
637 364 846 414 qualitatis,
875 363 973 413 qua,
1002 363 1087 412 quis
1115 370 1172 400 est
1205 370 1318 412 aptus
1346 364 1382 400 &
1409 363 1549 400 habilis
1577 363 1628 401 ad
1655 363 1823 415 aliquid,
1851 375 1925 400 nec
1955 363 2004 401 de
2032 364 2165 401 habitu
2182 393 2193 414 ,

258 422 324 471 qui
363 427 421 458 est
461 419 650 468 potentia,
686 417 863 467 proxime
898 415 1154 454 determinata
1181 415 1232 452 ad
1258 415 1475 465 agendum,
1502 428 1576 454 nec
1604 417 1819 465 potentiam
1848 415 2060 466 passiuam,
2089 428 2190 465 quae

257 473 411 525 propria
452 480 509 510 est
538 471 828 509 materiatorum
855 475 1014 519 propter
1041 468 1260 506 materiam:
1291 468 1383 517 quia
1409 467 1505 506 nihil
1532 469 1571 506 in
1599 470 1689 506 Deo
1717 469 1933 519 materiale,
1961 469 2055 506 nihil
2084 469 2192 507 habi-

257 529 379 574 tuale,
408 525 502 563 nihil
530 524 761 574 potentiale,
787 522 883 560 nihil
911 522 983 560 nisi
1013 522 1176 560 actuale.
1205 521 1283 559 Sed
1309 521 1557 570 intelligimus
1586 522 1818 571 principium
1847 522 1990 571 agendi
2007 522 2048 559 in
2063 522 2195 560 aliud:

259 583 293 619 δι
321 579 411 629 quia
438 578 651 616 secundum
679 576 789 625 quod
817 575 964 624 aliquid
993 582 1049 613 est
1077 582 1188 624 actu,
1217 574 1434 612 secundum
1448 573 1487 611 id
1503 581 1560 612 est
1575 574 1809 625 principium
1824 575 1997 612 actiuum
2012 574 2194 624 alicuius,

261 633 424 671 dicimus
464 630 678 680 potentiam
719 629 825 666 illam
865 628 1033 667 actiuam
1074 627 1242 665 maxime
1285 626 1497 665 conuenire
1536 628 1644 678 Deo,
1673 628 1740 677 qui
1767 635 1824 666 est
1854 627 2020 665 maxime
2047 629 2195 678 Actus,

263 686 371 735 quod
411 689 649 722 contestatur
689 682 886 732 Scriptura
925 681 1061 732 totieS,
1103 680 1255 730 quoties
1297 685 1437 730 potens
1478 687 1543 718 aut
1588 681 1837 730 omnipotens
1875 681 1916 719 in
1946 694 1991 719 ea
2019 687 2194 719 vocatur.

265 741 376 776 Rom.
405 751 440 784 4.
475 750 533 774 21.
577 737 672 773 Luc.
707 749 738 773 1.
769 746 831 784 37.

316 804 378 839 40.
434 789 612 828 Potentia
652 788 716 826 illa
757 788 831 826 Dei
860 793 1055 837 spectatur
1082 787 1237 824 duobus
1265 786 1412 824 modis:
1441 792 1507 824 aut
1537 787 1736 838 absolute,
1765 793 1832 824 aut
1859 787 2075 825 secundum
2103 787 2196 825 rela-

263 846 409 883 tionem
436 843 486 881 ad
516 854 652 880 omnes
680 840 935 891 proprietates
963 851 1058 890 quas
1087 840 1288 877 statuimus
1315 839 1353 877 in
1383 840 1472 878 Deo
1501 840 1718 878 secundum
1732 840 1949 890 potentiam
1962 840 2067 877 illam
2082 841 2195 878 abso-

261 900 399 947 lutam,
429 897 536 934 Deus
563 894 695 933 omnia
721 901 870 945 potest,
898 905 997 943 quae
1025 900 1113 930 sunt
1141 891 1357 942 potentiae,
1385 904 1467 930 non
1494 892 1765 943 impotentiae,
1789 899 1830 931 vt
1852 893 2019 943 malum,
2046 895 2080 931 &
2096 905 2197 942 quae

261 951 461 1000 implicant
487 947 852 986 contradictionem.
881 947 958 985 Sed
988 945 1078 996 quia
1106 958 1305 995 nunquam
1334 944 1399 983 illa
1425 946 1603 995 potentia
1631 951 1829 996 separatur
1843 947 1894 984 ab
1909 945 1991 983 aliis
2005 945 2198 984 attributis

262 1003 357 1053 Dei,
399 1002 565 1040 dicimus
607 1001 681 1039 Dei
722 1000 937 1051 potentiam
980 1007 1021 1037 vt
1060 999 1210 1037 infinita
1251 998 1317 1049 sit,
1357 1009 1558 1048 nunquam
1599 1006 1730 1038 tamen
1768 1011 1903 1049 agere,
1933 997 2005 1036 nisi
2032 1005 2146 1048 prout
2174 1001 2197 1036 a

262 1056 448 1106 sapientia
477 1057 512 1093 δε
540 1055 740 1092 voluntate
769 1053 992 1091 modificata
1020 1059 1089 1091 cst.

316 1123 380 1156 41.
434 1110 637 1146 Hactenus
679 1107 727 1145 de
768 1106 884 1157 primi
924 1108 958 1144 δι
997 1104 1158 1143 secundi
1185 1104 1337 1154 generis
1367 1104 1572 1144 attributis.
1602 1104 1775 1154 sequitur
1803 1105 1959 1143 tertium
1986 1116 2131 1155 genus,
2158 1104 2197 1142 in

264 1175 343 1212 quo
375 1162 547 1199 vltimum
575 1167 725 1198 tantum
752 1159 974 1210 posuimus,
1003 1159 1093 1208 quia
1113 1158 1439 1209 pmfectlssimum
1455 1159 1728 1208 complectitur
1743 1157 1933 1207 quicquid
1948 1158 1987 1196 in
2002 1158 2115 1196 tertio
2131 1157 2198 1195 illo

263 1216 385 1266 gradu
414 1213 740 1252 desiderabamus.
768 1212 901 1250 Misso.
931 1225 970 1249 n.
999 1224 1047 1250 eo
1075 1211 1182 1260 quod
1211 1211 1511 1260 comprehendit
1539 1212 1578 1249 in
1607 1225 1648 1250 se
1678 1210 1812 1249 omnia
1840 1211 2025 1250 attributa
2046 1217 2199 1249 antece-

265 1268 414 1317 dentia,
453 1267 524 1316 (ob
563 1279 680 1316 quam
707 1277 903 1315 caussam,
929 1264 1065 1303 vltimo
1093 1266 1207 1314 loco,
1235 1271 1422 1313 tanquam
1453 1265 1789 1311 ἀνακεφαλαίωσιν
1819 1265 2114 1313 collocauimus)
2142 1270 2200 1302 est

265 1322 405 1359 modus
445 1320 508 1358 ille
548 1319 837 1369 supereminens
877 1318 942 1367 (de
984 1329 1062 1367 quo
1091 1318 1188 1355 thes.
1221 1320 1243 1355 S
1272 1318 1308 1355 &
1341 1319 1415 1366 10.)
1445 1318 1662 1354 secundum
1690 1329 1831 1366 quem,
1861 1317 1993 1355 onmia
2022 1328 2122 1366 quae
2150 1317 2200 1354 de

265 1376 354 1412 Deo
394 1372 665 1422 enunciantur,
706 1374 792 1410 Deo
832 1372 978 1421 insunt,
1006 1382 1140 1420 quum.
1168 1383 1205 1408 n.
1236 1369 1422 1419 dicimus,
1451 1371 1580 1407 Deum
1609 1383 1694 1408 esse
1721 1369 1958 1421 simplicem,
1991 1369 2200 1420 superemi-

265 1434 380 1465 nente
421 1426 541 1464 modo
583 1427 619 1463 δι
659 1425 831 1475 infinito,
872 1424 975 1462 idem
1012 1430 1088 1473 est,
1118 1436 1163 1461 ac
1191 1424 1222 1460 si
1249 1423 1487 1474 diceremus,
1515 1424 1712 1472 perfecto:
1742 1423 1855 1475 quia,
1883 1423 1914 1462 si
1942 1424 2084 1461 modus
2115 1423 2200 1471 ille,

266 1492 344 1529 quo
372 1478 618 1529 proprietatis
645 1479 719 1516 Dei
748 1479 834 1516 Deo
860 1476 1011 1527 insunt,
1038 1489 1120 1514 non
1148 1482 1250 1514 esset
1277 1477 1579 1526 supereminens.
1607 1476 1632 1514 i.
1662 1475 1694 1514 si
1721 1488 1801 1513 non
1830 1483 2028 1526 superaret
2054 1477 2200 1526 perfec-

266 1534 390 1571 tiones
432 1538 714 1581 creaturarum,
756 1532 792 1568 ἅν
832 1531 996 1568 modum
1038 1529 1226 1579 ipsarum,
1260 1541 1341 1567 non
1369 1535 1469 1567 esset
1497 1530 1709 1579 perfectus,
1738 1541 1812 1566 nec
1840 1530 1948 1568 Deus
1976 1529 2080 1579 ipse,
2112 1529 2200 1566 cum

264 1585 411 1634 aliquid
439 1584 644 1634 creaturis,
674 1586 709 1622 δε
738 1582 860 1621 modo
886 1583 1056 1632 ipsarum
1084 1582 1291 1632 perfectius
1318 1581 1520 1632 imaginari
1547 1593 1773 1632 possemuS,
1802 1584 1837 1620 &
1865 1583 1961 1620 illud
1989 1582 2196 1631 perfectius

266 1639 306 1677 in
346 1640 434 1676 Deo
475 1637 804 1675 desideraremus:
833 1636 994 1686 perfecti
1021 1638 1114 1673 vero
1144 1635 1339 1686 definitio,
1367 1634 1436 1683 sit,
1465 1634 1504 1672 in
1531 1646 1609 1683 quo
1638 1634 1733 1672 nihil
1762 1634 1984 1674 desiderare
2012 1634 2137 1685 possis
2165 1637 2200 1672 &v

266 1692 328 1729 cui
357 1691 453 1728 nihil
481 1697 609 1740 potest
636 1690 839 1728 accedere.

319 1757 381 1791 42.
438 1744 609 1792 Quando
651 1742 766 1781 etiam
807 1741 988 1791 dicimus,
1016 1740 1298 1791 perfectissimo
1326 1740 1447 1778 modo
1475 1739 1599 1778 inesse
1627 1741 1735 1791 Deo,
1765 1740 1953 1778 attributa
1981 1740 2032 1779 de
2059 1740 2200 1788 quibus

267 1809 382 1847 supra
409 1797 575 1835 vniuoce
603 1795 768 1834 dicimus
794 1795 940 1842 inesse,
967 1795 1058 1844 quia
1087 1794 1193 1842 (cum
1222 1794 1271 1831 de
1303 1793 1427 1842 prima
1454 1792 1612 1832 vniuoci
1640 1792 1867 1831 conditione
1897 1793 1997 1831 thesi
2022 1794 2200 1843 proxime

266 1849 516 1900 praecedenti
554 1849 701 1887 dictum
743 1849 804 1898 sit)
841 1847 872 1885 si
899 1849 1006 1886 Deus
1033 1859 1114 1884 non
1142 1852 1241 1885 esset
1269 1846 1321 1884 ita
1347 1847 1497 1896 bonus,
1527 1852 1567 1884 vt
1594 1845 1710 1884 etiam
1737 1846 1923 1884 bonitatis
1951 1858 2050 1896 quae
2077 1853 2135 1884 est
2162 1846 2201 1883 in

267 1903 450 1941 creaturis
477 1914 612 1940 caussa
640 1908 756 1949 esset,
783 1914 865 1939 non
893 1907 994 1939 esset
1020 1901 1191 1949 perfecte
1218 1901 1363 1949 bonus,
1394 1900 1483 1936 cum
1511 1899 1661 1937 bonum
1690 1906 1827 1937 natura
1856 1911 1924 1937 sua
1952 1899 2001 1938 sit
2025 1911 2199 1938 commu-

267 1957 452 2005 nicabile,
481 1957 517 1993 δι
543 1956 650 1993 illam
678 1955 801 2004 ipsam
830 1952 1227 1992 communicationem
1254 1952 1294 1990 in
1321 1954 1409 1990 Deo
1437 1952 1756 1990 desideraremus.

320 2022 384 2058 43.
439 2008 720 2047 Concludimus
747 2007 864 2057 igitur
890 2008 1020 2044 Deum
1047 2019 1131 2044 esse
1158 2005 1196 2043 in
1225 2018 1283 2055 se,
1312 2006 1347 2042 δε
1369 2007 1392 2042 ἐι
1413 2018 1472 2055 se,
1496 2004 1650 2056 diuino,
1676 2005 2200 2055 supereminente&incom-

266 2064 459 2112 prehenso
488 2062 628 2112 modo,
660 2059 988 2111 perfectissimun,
1016 2061 1052 2097 Sc
1078 2058 1326 2108 perfectionis
1355 2057 1500 2108 omnis,
1529 2069 1629 2107 quae
1657 2059 1799 2097 emicat
1826 2058 1865 2096 in
1890 2058 2076 2097 creaturis
2091 2058 2203 2096 nobi-

266 2115 436 2161 lissimis,
465 2126 621 2153 causam
649 2114 870 2152 vniuocam.
898 2118 1092 2151 creaturas
1120 2114 1232 2162 vero,
1262 2124 1342 2149 non
1370 2110 1626 2161 perfectione,
1661 2112 1729 2149 sed
1760 2112 2012 2161 perfectionis
2040 2112 2200 2162 vmbra,

267 2168 457 2218 praeditas
498 2181 592 2206 esse.
633 2169 735 2205 Nam
774 2173 816 2205 vt
857 2167 907 2204 de
947 2164 1136 2215 negatinis
1177 2163 1368 2202 attributis
1409 2165 1483 2201 Dei
1527 2171 1699 2215 taceam,
1735 2177 1835 2213 quae
1864 2176 2058 2214 nusquam
2086 2177 2201 2214 posse

269 2220 549 2259 communicari
575 2220 776 2268 creaturis,
804 2219 844 2257 in
871 2220 1051 2257 confesso
1079 2224 1137 2256 est
1164 2217 1268 2267 apud
1297 2230 1454 2266 omnes,
1484 2217 1567 2266 ipsa
1581 2219 1814 2255 affirmatiua
1829 2217 1903 2255 illis
1917 2218 2048 2256 insunt
2064 2229 2202 2256 secun-

271 2275 365 2312 dum
392 2274 681 2311 similitudinem
707 2274 874 2311 tantuin:
904 2273 1011 2309 Deus
1038 2274 1130 2310 vero
1160 2272 1264 2308 solus
1292 2273 1382 2308 vere
1410 2270 1562 2319 sapiens
1590 2278 1647 2308 est
1675 2275 1709 2309 ἅ
1739 2273 1828 2309 vere
1858 2272 2007 2320 bonus,
2047 2285 2062 2308 1
2100 2272 2197 2308 Tim.

276 2341 307 2363 1.
342 2338 397 2374 17.
440 2330 572 2364 Asara
608 2341 666 2363 10.
700 2329 757 2363 18.
798 2325 905 2363 Huic
935 2324 1092 2363 sitlans
1120 2323 1160 2361 in
1188 2324 1331 2361 secula.

1991 2798 2058 2833 IX.
2114 2797 2200 2832 DE
