2334 3020
786 79 1000 120 THEs'Es
1042 90 1475 119 THEononAE.
2025 97 2124 122 111¹

164 202 258 252 bus,
301 203 465 250 eamque
506 198 688 250 priuatim
730 197 769 236 in
804 197 944 236 animis
978 198 1120 237 nostris
1156 197 1337 248 obsignat
1373 199 1409 235 δι
1437 199 1643 237 confirmat
1670 199 1823 238 interno
1851 199 2014 250 Spiritus
2041 202 2100 240 sui

163 253 402 294 testimonio.

216 320 253 355 4.
306 305 432 345 Nobis
460 304 576 356 igitur
604 307 712 343 certo
740 310 895 343 constat
923 305 1039 343 hasce
1068 303 1286 355 Scripturas
1312 306 1336 342 a
1362 305 1450 343 Deo
1478 304 1692 356 prodiisse,
1720 307 1756 344 δε
1784 318 1867 344 esse
1894 308 1984 345 vere
2013 312 2098 346 θεο-

164 361 393 402 πνεύστους,
423 359 505 397 tum
532 371 579 396 ex
607 357 759 396 illarum
788 356 948 395 materia
975 358 1011 395 &
1039 358 1185 408 forma,
1221 359 1311 395 curn
1341 357 1437 396 nihil
1465 357 1537 396 nisi
1552 358 1730 397 diuinum
1745 359 2098 399 materia&forma

163 412 202 450 in
232 412 429 462 Scriptura
457 410 699 461 deprehendi
729 410 872 460 possit,
907 412 942 449 δι
970 410 1077 449 libris
1105 410 1187 450 eius
1217 409 1376 460 singulis
1392 411 1708 450 canonicisztum
1723 425 1771 450 ex
1786 413 2009 452 testimonio
2023 413 2099 452 Dei

161 477 231 514 per
258 464 452 515 spiritum,
481 465 591 514 quod
621 464 660 502 in
687 463 803 503 nobis
830 463 922 513 ipsis
949 464 1161 515 habemus,
1189 463 1221 502 si
1248 463 1287 501 in
1314 463 1512 502 Christum
1541 464 1757 515 credimus,
1792 479 1825 504 1.
1849 467 1937 505 lolc.
1969 478 2005 516 5.
2037 480 2097 505 10.

163 517 326 567 Spiritus
367 524 498 556 autem
540 517 603 555 ille
645 529 718 556 nos
759 518 877 555 docet
920 516 1072 567 onmia,
1113 518 1259 555 Ibidem
1297 530 1331 555 2.
1369 528 1432 566 27.
1469 518 1504 555 &
1532 519 1618 556 Iolc.
1649 520 1687 557 6.
1715 529 1779 568 45.
1806 530 1918 557 aures
1945 526 2097 558 nostras

163 570 359 620 aperiens,
397 574 476 620 quo
503 583 644 608 vocem
672 569 836 620 pastoris
862 570 985 609 nostri
1011 571 1243 620 dignoscere
1271 570 1594 620 peregrinamque
1619 572 1770 622 fugere:
1799 573 1942 611 Iolzan.
1974 585 2033 611 10.
2062 576 2097 611 &

159 630 316 673 gustum
359 622 498 662 indens
535 626 614 673 quo
656 623 788 662 diuina
829 623 880 661 ab
916 623 1116 674 humanis,
1156 635 1249 662 vera
1285 625 1309 660 a
1335 623 1457 673 falsis,
1494 624 1635 674 singuli
1669 637 1741 675 pro
1769 625 1931 664 modulo
1959 632 2095 664 nostro

160 675 375 714 diiudicare
402 676 611 726 possimus.
645 690 676 715 1.
712 677 802 715 Cor.
836 690 895 716 10.
924 687 984 726 15.
1012 678 1153 715 Iollan.
1186 688 1229 727 7,
1262 687 1322 725 17.

214 739 249 778 5.
303 729 470 768 Accedit
506 729 736 769 secundario
774 731 1057 780 Prophetarum
1091 731 1127 767 δε
1155 730 1440 780 Apostolorum
1468 733 1671 780 (tanquam
1699 730 1948 781 publicorum
1976 733 2096 770 Nota-

158 781 303 820 riorum
339 782 435 833 Dei,
464 783 499 820 δε
528 783 745 833 Ecclesiae)
772 782 1003 834 authoritas,
1032 783 1100 832 qui
1127 784 1232 821 velut
1260 782 1386 832 sigillo
1417 794 1488 821 suo
1515 783 1696 833 apposito
1725 790 1936 836 testantur,
1964 785 2097 823 omnia

158 845 260 884 quae
300 834 339 873 in
380 835 439 875 his
482 835 682 886 scripturis
724 835 973 875 continentur
1009 835 1244 886 ipsissimum
1280 847 1363 874 esse
1397 835 1473 874 Dei
1499 837 1683 875 verbum:
1712 849 1793 876 non
1823 849 1900 887 qua
1928 837 2096 876 Ministri

157 887 356 927 Ecclesiae
383 888 628 939 simpliciter,
659 890 728 928 sed
753 900 831 939 qua
858 888 1072 928 certissima
1096 901 1244 939 organa
1272 888 1311 927 S.
1339 888 1472 927 Sancti
1499 889 1642 928 adhoc
1657 901 1797 928 munus
1812 890 1903 929 inde
1919 892 1970 930 ab
1985 898 2094 930 vtero

157 941 408 980 sanctificata.
435 944 575 980 lerem.
610 956 641 980 1.
673 953 709 992 5.
743 942 876 991 Quare
903 942 1060 981 illorum
1088 941 1374 992 testimonium,
1399 954 1480 981 non
1507 948 1566 980 est
1591 943 1785 982 humanae
1813 943 1995 995 rationis,
2025 944 2093 983 sed

156 993 310 1033 diuinae
334 994 558 1034 authoritati
585 995 837 1035 tribuendum
867 1002 937 1034 est.

210 1049 247 1086 6.
302 1047 562 1087 Posteriorem
602 1049 735 1087 locum
774 1048 925 1087 obtinet
965 1047 1177 1086 authoritas
1215 1046 1440 1097 Ecclesiae,
1468 1058 1569 1097 quae
1594 1047 1687 1087 inde
1713 1051 1737 1087 a
1764 1049 1957 1100 principio
1986 1051 2091 1090 hunc

157 1100 362 1139 Canonem
395 1114 466 1151 per
500 1113 638 1141 manus
674 1102 840 1151 posteris
866 1101 1046 1148 tradidit,
1075 1107 1299 1139 contestans
1328 1100 1601 1139 certitudinem
1629 1101 1747 1153 illius,
1776 1102 2027 1153 sincerosque
2055 1107 2090 1143 &

157 1154 379 1192 Germanos
419 1154 540 1193 libros
574 1155 800 1194 discernens
835 1156 886 1193 ab
919 1153 1145 1193 adulterinis
1180 1156 1216 1192 &
1243 1153 1518 1204 supposititiis,
1547 1154 1667 1204 idque
1693 1167 1767 1205 pro
1796 1155 1928 1194 officio
1956 1168 2026 1195 suo
2055 1157 2095 1195 in

156 1206 338 1257 deposito
369 1209 653 1247 conseruando.
682 1209 774 1247 Non
803 1207 906 1246 enim
935 1206 1120 1246 discreuit
1148 1206 1244 1245 olim
1272 1206 1449 1245 Ecclesia
1476 1206 1598 1245 libros
1614 1207 1839 1246 Canonicos
1855 1209 1904 1247 ab
1920 1211 2096 1259 Apocry-

158 1260 245 1310 phis
279 1259 364 1299 sola
401 1261 634 1300 authoritate
672 1273 757 1299 sua:
786 1261 856 1299 sed
884 1260 1014 1310 potius
1041 1259 1172 1298 diuina
1200 1259 1435 1298 authoritate
1464 1259 1674 1311 discretos,
1702 1262 1780 1300 fide
1807 1263 1843 1299 δε
1870 1263 2096 1314 prudentia,

157 1315 193 1351 δι
222 1317 269 1351 ea
296 1318 374 1362 qua
402 1315 576 1363 pollebat
603 1325 800 1353 sacrarum
826 1325 957 1352 rerum
986 1312 1240 1363 intelligentia
1268 1315 1303 1351 δι
1332 1312 1613 1352 diiudicatione
1639 1314 1859 1354 affirmauit.

209 1377 244 1414 7.
299 1366 579 1406 Certitudinem
601 1379 695 1417 ergo
722 1366 893 1416 aliquam
921 1366 1035 1404 nobis
1063 1366 1114 1404 de
1141 1367 1180 1405 S.
1208 1365 1407 1416 Scriptura
1433 1378 1516 1405 non
1544 1379 1733 1417 negamus
1756 1368 1944 1406 accedere
1959 1381 2007 1407 ex
2022 1370 2095 1407 Ec-

155 1418 292 1458 clesiae
329 1420 502 1458 testantis
529 1419 786 1472 authoritate,
813 1420 883 1458 sed
914 1426 1115 1458 externam
1142 1421 1315 1470 tantsim,
1344 1432 1426 1457 non
1461 1421 1580 1458 talem
1616 1432 1716 1471 quae
1743 1433 1817 1460 nos
1846 1435 1914 1471 per
1943 1435 1983 1461 se
2011 1423 2094 1460 sola

153 1472 349 1510 adducere
375 1472 500 1522 possit
526 1473 577 1512 ad
605 1473 861 1512 credendum.
888 1472 965 1511 Dei
992 1471 1206 1511 authoritas
1233 1479 1291 1511 est
1314 1472 1497 1522 primaria
1525 1474 1983 1526 &formalis,Ecclesiae
1998 1479 2092 1514 vero

152 1524 404 1563 subordinata
431 1527 467 1564 δι
495 1525 766 1565 ministerialis.
1219 1553 1222 1555 -

205 1580 242 1616 8.
297 1580 472 1617 Vocatur
507 1578 667 1629 quidem
699 1578 876 1618 Ecclesia
907 1592 940 1617 1.
975 1580 1074 1618 Tim.
1103 1592 1139 1629 3.
1173 1590 1232 1629 15.
1263 1583 1379 1624 ςύλος
1407 1578 1595 1618 veritatis:
1624 1593 1768 1631 nempe
1797 1581 1887 1631 quia
1914 1581 2092 1620 Ecclesia

152 1637 209 1670 est
248 1637 434 1680 tanquam
476 1633 661 1671 columna
696 1632 760 1671 cui
793 1633 1008 1683 adpensam
1043 1632 1168 1671 voluit
1194 1634 1302 1671 Deus
1329 1633 1573 1672 voluntatem
1602 1645 1713 1672 suam
1739 1636 2092 1684 (quemadmodum

151 1683 245 1722 olim
285 1685 391 1734 leges
427 1685 620 1724 columnis
661 1685 846 1736 publicis)
875 1692 916 1724 vt
955 1684 1105 1725 scilicet
1133 1699 1267 1724 coram
1297 1686 1474 1724 omnium
1503 1687 1626 1725 oculis
1649 1695 1893 1738 proponatur
1920 1691 1956 1727 δι
1981 1688 2090 1727 inno-

150 1743 271 1776 tescat
298 1738 474 1777 salutaris
505 1740 603 1777 haec
631 1740 786 1778 veritas.

204 1804 241 1841 9.
295 1792 473 1830 Vocatur
501 1791 618 1830 etiam
644 1793 863 1843 ἑδραίωμα,
891 1791 932 1830 id
962 1798 1039 1840 est,
1069 1792 1190 1831 sedile
1218 1793 1375 1830 firmum
1405 1792 1596 1845 veritatis,
1622 1794 1714 1843 quia
1740 1794 1780 1832 in
1796 1794 1975 1833 Ecclesia
1988 1795 2093 1833 velut

149 1843 187 1882 in
229 1844 370 1883 throno
412 1846 474 1884 vel
515 1845 599 1884 basi
635 1848 767 1895 sedet,
796 1845 836 1882 in
865 1858 910 1884 ea
937 1852 1193 1884 conseruatur
1220 1848 1256 1884 &
1283 1847 1333 1884 ab
1362 1845 1570 1885 hominum
1598 1848 1831 1898 corruptelis
1862 1848 2092 1887 vindicatur.

147 1899 261 1936 Haec
291 1898 366 1937 Dei
394 1898 550 1940 veritas.
579 1899 657 1938 Sed
684 1900 763 1937 hoc
790 1898 886 1936 nihil
914 1899 1006 1937 facit
1033 1906 1169 1938 contra
1197 1898 1429 1938 sententiam
1457 1907 1655 1952 nostram,
1683 1903 1773 1939 cum
1796 1902 1836 1940 in
1851 1914 1899 1940 eo
1915 1901 2091 1940 debitum

148 1950 341 2001 officium,
370 1953 406 1990 &
435 1951 714 2002 ministerium,
743 1964 824 1990 non
853 1951 1056 1991 Ecclesiae
1082 1953 1384 1992 commendetur
1411 1953 1637 1992 authoritas.

205 2017 264 2042 10.
316 2006 404 2043 Imo
432 2005 649 2044 Ecclesiam
677 2011 984 2055 superstructam
1012 2018 1095 2045 esse
1122 2017 1240 2056 super
1267 2006 1586 2058 fundamentum,
1614 2006 1656 2046 id
1682 2014 1740 2047 est
1760 2007 1980 2047 doctrinam
1995 2009 2088 2047 Pro-

147 2057 370 2109 phetarum,
399 2060 435 2097 δε
462 2060 769 2109 Apostolorum,
800 2058 990 2098 existente
1017 2059 1096 2098 imo
1124 2059 1298 2111 angulari
1324 2059 1454 2109 lapide
1483 2060 1661 2111 Christo,
1693 2061 1829 2100 asserit
1852 2063 2088 2113 Apostolus,

147 2111 291 2160 Ephes.
330 2125 366 2150 2.
397 2125 458 2150 20.
487 2113 523 2151 &
550 2111 676 2162 ipsam
703 2111 906 2151 veritatem
935 2114 1162 2151 columnam
1191 2126 1293 2163 esse,
1329 2111 1364 2150 &
1393 2114 1683 2152 firmamentum
1711 2115 1931 2166 Ecclesiae,
1960 2114 2091 2154 dicere

147 2164 350 2213 Chrysost.
377 2177 460 2203 non
488 2166 683 2204 dubitauit
710 2167 835 2204 Hom.
867 2178 926 2205 11.
955 2165 996 2204 in
1028 2180 1060 2206 1.
1089 2167 1140 2205 ad
1167 2166 1342 2205 Timoth.

202 2231 262 2255 11.
318 2217 450 2256 Primo
493 2231 626 2258 errore
667 2218 811 2269 diluto,
853 2218 1025 2269 sequitur
1066 2220 1261 2259 secundus
1298 2218 1365 2269 qui
1399 2218 1438 2258 in
1466 2221 1509 2269 (f.
1542 2222 1672 2270 1599.)
1699 2220 2020 2272 interpretatione
2048 2223 2086 2261 S.

145 2269 366 2320 Scripturae
394 2271 584 2312 consistit.
621 2272 721 2311 Cum
749 2279 880 2311 autem
905 2272 1238 2323 interpretationis
1266 2272 1346 2311 duo
1375 2271 1452 2311 sint
1478 2285 1644 2325 genera,
1673 2286 1794 2313 vnum
1821 2275 1977 2325 linguae
2005 2289 2087 2314 ver-

144 2326 382 2375 horumque,
424 2326 589 2365 alterurn
631 2337 779 2376 rerum,
817 2337 916 2376 quae
949 2325 1080 2366 verbis
1113 2333 1301 2376 tanquam
1337 2326 1526 2376 symbolis
1553 2334 1822 2378 exponuntur:
1852 2329 1891 2367 in
1919 2335 2085 2378 vtroque

145 2390 270 2418 errare
296 2377 522 2417 Pontificios
550 2379 854 2418 demonstraturi
881 2390 1026 2419 sumus.

200 2443 258 2469 12.
312 2431 391 2481 Ipsi
432 2431 536 2471 enim
577 2431 636 2485 (vt
669 2433 720 2471 de
753 2431 882 2482 primo
917 2435 1093 2483 agamus)
1129 2434 1257 2472 fontes
1293 2432 1498 2482 primarios
1534 2433 1573 2473 S.
1607 2433 1847 2486 Scripturae,
1876 2436 2083 2474 Hebraeos

145 2483 303 2532 quidem
338 2485 386 2522 V.
414 2486 463 2524 T.
492 2485 666 2524 Graecos
693 2488 788 2524 vero
816 2487 866 2524 N.
895 2493 1142 2538 respuentes,
1171 2485 1351 2525 Latinam
1381 2498 1491 2525 suam
1519 2489 1718 2538 vulgatam
1746 2490 1802 2538 (vt
1826 2490 1985 2536 vocant)
2001 2501 2084 2527 ver-

145 2536 295 2575 sionem
322 2536 362 2575 in
388 2537 554 2587 publicis
581 2537 835 2589 lectionibus,
863 2538 1212 2591 disputationibus,
1233 2539 1696 2592 praedicationibus,pro
1711 2542 1934 2581 authentica
1947 2541 2084 2580 haberi

143 2591 301 2641 volunt,
330 2590 382 2628 ita
409 2598 450 2629 vt
476 2604 594 2631 nemo
622 2605 709 2631 eam
737 2591 878 2642 quouis
906 2600 1109 2643 praetextu
1136 2593 1295 2643 reijcere
1323 2593 1464 2632 audeat
1484 2601 1551 2633 aut
1571 2601 1808 2645 praesumat.
1837 2596 1938 2634 Cum
1952 2599 2084 2634 tamen

143 2643 249 2693 apud
277 2656 415 2682 omnes
441 2645 570 2684 bonos
598 2647 633 2684 &
661 2645 748 2696 pios
776 2651 952 2697 constet,
979 2646 1077 2685 illud
1104 2647 1228 2697 magis
1256 2658 1340 2685 esse
1367 2647 1637 2687 authenticum
1663 2649 1773 2698 quod
1799 2650 1924 2687 aDeo
1940 2648 2086 2698 prodiit

144 2698 180 2735 δε
221 2709 262 2735 re
305 2697 340 2734 &
382 2698 527 2749 modo,
569 2709 688 2748 quam
726 2699 836 2749 quod
870 2701 922 2738 ab
958 2700 1132 2738 humano
1161 2699 1340 2751 ingenio,
1368 2700 1646 2751 purioremque
1674 2714 1758 2740 esse
1786 2702 1938 2741 fontem
1966 2710 2084 2752 quam

142 2748 287 2788 riuulos
313 2749 379 2800 qui
406 2763 454 2788 ex
481 2763 529 2789 eo
559 2751 795 2790 deriuantur.

1869 2819 1931 2859 15.
1972 2809 2083 2848 Licet
