2334 3020
243 102 292 137 60
591 131 599 141 .
878 110 942 135 na
985 110 1129 135 VERA
1170 109 1517 136 THEOLOGIA.

243 217 459 264 statuimus,
497 228 543 253 ac
571 215 907 263 simplicissimum.
936 228 982 252 ex
1010 226 1088 264 quo
1116 215 1285 264 sequitur
1312 216 1414 254 hanc
1441 215 1700 264 Theologiam
1728 228 1810 254 esse
1836 217 1968 254 lumen
1995 217 2163 256 intellec-

245 271 366 316 tuale,
407 280 653 317 permanens,
693 268 730 305 &
768 268 1006 317 perfectum,
1046 280 1116 316 per
1155 267 1317 305 modum
1359 268 1473 306 infusi
1512 267 1666 306 habitus
1703 267 2051 318 communicatum,
2083 281 2163 319 quo

243 321 387 360 lumine
414 321 596 358 caelestes
623 319 710 358 illae
738 326 935 358 creaturae
964 319 1097 358 vident
1125 327 1340 358 creatorem
1371 331 1505 372 suurn,
1535 319 1646 358 sicuti
1674 327 1751 372 est,
1779 320 1941 359 Visione
1966 332 2054 359 cum
2069 321 2163 371 ipsis

245 372 528 412 communicata
554 372 602 410 de
631 371 774 409 Christi
800 371 1058 422 plenitudine,
1089 384 1207 422 quam
1235 373 1494 422 praecedente
1520 371 1646 422 capite
1673 373 1843 412 breuiter
1856 373 2163 423 perstrinximus.

244 425 325 463 Etsi
351 426 456 462 nulla
483 424 630 463 ratione
656 425 753 462 haec
779 424 998 474 Theologia
1025 437 1114 462 cum
1146 426 1402 464 antecedente
1427 432 1555 476 potest
1577 426 1813 475 comparari:
1837 425 1926 476 quia
1946 426 2163 477 Theologia

245 477 388 516 Christi
428 484 485 516 est
525 478 678 516 habitus
718 476 985 515 intellectualis
1026 477 1182 516 luminis
1209 491 1437 526 permanens
1465 480 1502 518 δι
1529 475 1720 528 perfectus
1747 481 1771 517 a
1799 492 1838 518 se
1867 480 1902 516 &
1931 478 1971 516 in
2000 493 2062 530 se,
2090 491 2166 529 qua

245 538 301 570 est
338 543 505 580 persona
532 530 611 568 eius
639 532 904 579 θειῐνθρωπος,
932 529 1103 569 subsistit
1137 530 1176 568 in
1205 530 1270 568 illa
1297 532 1507 581 archetypa
1532 530 1740 580 diuinaque
1765 531 2001 582 Theologia,
2030 539 2162 582 estque

244 583 443 633 plenitudo
484 580 688 620 habitualis
729 582 778 619 de
820 582 1060 630 plenitudine
1100 583 1165 621 illa
1191 582 1340 622 infinita
1369 585 1404 621 &
1432 583 1642 623 essentialis
1669 584 1850 634 Deitatis,
1878 597 1978 634 quae
2006 598 2162 623 carnem

245 635 447 684 assumpsit
474 635 512 673 in
540 635 722 673 vnitatem
751 647 954 684 personae.
990 637 1104 674 Haec
1130 642 1260 675 autem
1287 636 1506 687 Theologia
1533 636 1605 675 etsi
1630 636 1785 676 habitus
1813 644 1870 676 est
1894 637 2162 677 intellectualis

244 688 398 726 luminis
425 701 676 737 permanens,
705 689 740 725 ἃ*
769 698 838 725 suo
867 688 988 727 modo
1015 690 1229 741 perfectus,
1259 696 1389 728 tamen
1415 702 1489 728 nec
1516 697 1738 740 permanet,
1764 703 1838 729 nec
1863 692 2058 740 perfectus
2083 699 2160 740 est,

245 755 292 779 ac
321 754 369 779 ne
398 747 525 779 ortum
554 740 712 789 quidem
740 741 859 778 habet
884 742 908 779 a
937 755 978 780 se
1005 741 1108 792 ipsa,
1137 743 1206 780 sed
1233 741 1467 792 principium
1495 752 1602 781 ortus
1628 744 1663 780 δι
1690 750 1850 781 naturae
1875 743 1993 782 totius
2021 755 2112 782 suae
2139 746 2163 782 a

246 794 400 832 Christo
428 794 545 831 habet
573 794 776 831 Seruatore
803 800 958 832 nostro:
988 808 1061 833 nec
1088 795 1264 844 aliunde,
1292 807 1408 844 quam
1436 795 1474 834 vi
1494 794 1637 834 Christi
1652 795 1865 834 Seruatoris
1878 795 2021 847 nostri,
2044 797 2163 835 habet

245 846 302 884 sui
329 845 677 884 conseruationem.
707 847 828 895 Quod
855 854 985 885 autem
1013 848 1187 887 subiecta
1212 849 1291 886 duo
1319 850 1354 886 T
1357 848 1560 898 heologiae
1586 848 1699 886 huius
1713 848 2001 899 praedicantur,
2022 851 2167 898 Angeli

244 902 278 937 ἃ
319 899 487 948 Spiritus
527 900 744 948 Iustorum,
786 898 827 937 id
870 901 1101 939 sententiam
1141 908 1314 940 nostram
1349 903 1556 940 confirmat
1581 901 1928 940 vehementissime.
1955 915 2045 940 nam
2073 915 2161 952 neq.

245 950 402 1001 Angelis
445 963 512 989 sua
552 958 608 989 est
649 951 688 989 in
729 953 842 990 coelo
878 953 1113 1004 Theologia,
1140 966 1268 1003 neque
1295 953 1508 1004 spriritibus
1536 953 1602 1003 qui
1629 965 1719 992 cum
1746 953 1904 1004 Angelis
1930 954 1969 992 in
1997 955 2160 1005 gloriam

242 1004 387 1053 recepti
414 1011 522 1053 sunt,
550 1003 623 1042 nisi
651 1005 864 1043 secundum
891 1005 1001 1044 illum
1029 1006 1392 1046 communicationis
1415 1007 1598 1057 modum,
1626 1018 1743 1056 quem
1764 1008 1880 1056 paulo
1895 1009 1983 1046 ante
1999 1006 2160 1046 circum-

243 1056 475 1106 scripsimus.
517 1058 600 1095 Nec
629 1058 778 1107 obstat,
807 1060 915 1107 quod
941 1059 1083 1110 Angeli
1109 1059 1283 1109 simplice
1311 1059 1458 1099 visione
1483 1061 1616 1098 lumen
1642 1060 1739 1098 illud
1767 1059 1941 1098 diuinum
1968 1060 2161 1110 assequuti

244 1117 347 1160 sunt,
390 1109 566 1148 homines
608 1112 700 1148 vero
735 1110 845 1160 quasi
871 1124 941 1161 per
968 1114 1152 1163 ambages
1181 1115 1216 1152 δε
1242 1115 1436 1151 anfractus
1462 1114 1605 1151 multos
1632 1112 1932 1163 principiorum,
1960 1112 2161 1152 ratiocina-

243 1162 412 1211 tionum,
453 1162 771 1212 conclusionum,
813 1165 848 1202 &
889 1164 1072 1204 scientiae
1111 1165 1349 1217 multiplicis,
1376 1166 1535 1205 tandem
1562 1169 1610 1204 θὸ
1639 1165 1815 1215 prouecti
1842 1172 1941 1204 sunt.
1981 1167 2028 1204 Id
2056 1165 2158 1204 enim

242 1215 338 1253 nihil
355 1215 406 1253 ad
427 1215 482 1253 rei
506 1215 763 1254 differentiam
786 1216 971 1268 pertinet,
1000 1218 1090 1268 quia
1112 1218 1151 1256 in
1172 1218 1342 1269 Vtrisque
1360 1218 1514 1258 habitus
1539 1225 1595 1257 est
1615 1218 1883 1257 intellectualis
1905 1232 2158 1270 permanens,

244 1271 277 1306 δι
307 1280 376 1306 suo
405 1269 525 1306 modo
553 1270 764 1319 perfectus,
793 1270 935 1320 gratiae
963 1274 999 1310 δι
1025 1271 1172 1322 gloriae
1199 1271 1554 1312 communicatione
1581 1271 1921 1311 factaaDomino.
1949 1273 2041 1310 Non
2055 1271 2159 1310 enim

241 1320 304 1358 hic
344 1321 392 1359 de
426 1321 546 1359 modo
576 1321 630 1359 rei
657 1321 906 1372 imperfectae
934 1326 970 1362 &
997 1324 1268 1363 contendentis
1296 1325 1346 1363 ad
1372 1325 1652 1375 perfectionem
1679 1324 1830 1375 agimus
1858 1326 1952 1374 (hoc
1979 1325 2082 1363 enim
2109 1325 2159 1364 de

243 1373 390 1412 ratione
431 1381 487 1412 est
519 1374 761 1425 Theologiae
787 1375 827 1414 in
855 1376 1032 1416 subiecto
1061 1377 1350 1429 consideratae,
1379 1379 1427 1417 de
1456 1389 1534 1427 qua
1562 1389 1632 1416 suo
1661 1377 1798 1416 ordine
1826 1377 1965 1416 dicturi
1993 1380 2158 1429 sumus3)

241 1427 308 1465 sed
337 1427 385 1464 de
413 1427 637 1466 conditione
664 1430 836 1477 perfecta
863 1429 962 1468 eius:
992 1431 1325 1480 quemadmodum
1353 1433 1564 1481 perfectam
1592 1443 1674 1469 esse
1697 1431 1937 1469 demonstrat
1950 1430 2029 1469 loci
2042 1430 2160 1480 ipsius

240 1479 542 1518 circumstantia:
572 1481 890 1531 quandoquidem
917 1494 1017 1533 quae
1043 1483 1083 1521 in
1112 1484 1225 1522 coelo
1253 1491 1359 1533 sunt,
1388 1498 1433 1523 ea
1458 1484 1736 1534 perfectionem
1764 1495 1835 1522 suo
1864 1484 1985 1522 modo
2010 1484 2159 1534 singula

240 1532 431 1583 obtinent,
459 1540 624 1583 suntque
651 1535 702 1572 ab
731 1534 838 1572 omni
866 1535 1160 1585 imperfectione
1185 1536 1438 1576 alienissima:
1469 1538 1718 1586 Quapropter
1745 1535 1860 1574 etiam
1882 1537 2094 1586 Apostolus
2108 1537 2158 1574 ad

241 1586 443 1624 Hebraeos
471 1586 625 1636 spiritus
652 1586 841 1625 iustorum
869 1590 1171 1639 τετελειωμένων
1197 1590 1425 1640 appellauit,
1454 1590 1495 1628 id
1523 1596 1601 1640 est,
1627 1596 1964 1639 consecratorum,
1980 1596 2020 1628 vt
2039 1590 2157 1639 vulgo

240 1638 459 1689 exponitur,
501 1639 581 1677 siue
622 1640 746 1688 (quod
785 1641 948 1679 fortasse
981 1641 1103 1691 magis
1132 1642 1376 1692 conuenerit)
1404 1643 1454 1681 ad
1481 1642 1760 1693 perfectionem
1789 1649 2014 1680 enectorum
2043 1643 2157 1680 bene—

240 1690 328 1728 ficio
357 1691 441 1730 Dei.
483 1694 656 1731 Hebrae.
688 1706 758 1730 12:
792 1707 852 1742 23.
895 1693 942 1731 Id
969 1694 1072 1732 enim
1101 1695 1253 1734 Graeca
1280 1709 1378 1734 voce
1406 1696 1616 1735 commode
1643 1695 1899 1745 significatum
1927 1701 1996 1733 est.
2038 1695 2157 1743 Quod

241 1746 330 1781 vero
371 1744 472 1782 hanc
513 1745 769 1796 Theologiam
806 1745 846 1784 in
874 1747 986 1785 coelo
1014 1747 1193 1798 demum,
1221 1762 1267 1786 ac
1294 1762 1374 1787 non
1401 1748 1441 1787 in
1468 1748 1577 1787 terris
1606 1761 1689 1786 esse
1717 1747 1939 1797 statuimus,
1967 1747 2007 1785 id
2037 1747 2156 1798 digni-

238 1802 355 1833 tatem
395 1796 494 1834 illius
536 1797 682 1847 optime
723 1799 974 1837 demonstrat.
1017 1801 1087 1838 Est
1123 1800 1226 1838 enim
1253 1803 1408 1840 coelum
1436 1800 1676 1840 domicilium
1704 1800 1778 1838 Dei
1805 1800 1923 1850 patris
1950 1800 2092 1851 nostri,
2121 1802 2156 1839 &

238 1848 422 1886 Filiorum
457 1849 536 1888 eius
569 1851 795 1890 haereditas.
836 1851 1043 1902 Tantisper
1075 1853 1169 1891 dum
1203 1853 1268 1892 hic
1302 1866 1452 1903 sumus,
1487 1857 1511 1892 a
1544 1861 1652 1904 patre
1679 1855 1885 1901 absumus,
1914 1853 1994 1891 siue
2023 1855 2078 1901 (vt
2106 1853 2157 1891 ait

240 1902 394 1948 Paulus)
435 1905 596 1953 peregre
624 1905 808 1942 absumus
835 1907 859 1942 a
886 1905 1082 1955 Domino,
1109 1919 1178 1955 per
1205 1907 1342 1957 fidem,
1370 1920 1452 1945 non
1478 1920 1548 1956 per
1574 1906 1804 1956 adspectum
1831 1907 2094 1956 ambulamus,
2122 1907 2158 1943 δι

237 1954 288 1990 ad
314 1956 444 1992 locum
471 1955 718 1994 haereditatis
745 1964 900 1995 nostrae
929 1958 1213 1998 contendimus.
1242 1973 1261 1997 2
1283 1961 1454 1998 Cor-mlle.
1473 1970 1514 2009 5:
1544 1961 1580 2006 6,
1599 1971 1633 2007 7.
1661 1961 1715 1996 Vt
1733 1958 1848 2008 igitur
1860 1960 1977 2008 longe
1991 1965 2159 2008 praestat

237 2005 337 2044 illius
365 2007 557 2055 conditio,
592 2008 658 2058 qui
686 2010 791 2059 apud
820 2017 970 2059 patrem
996 2010 1036 2048 in
1064 2010 1211 2049 deliciis
1241 2019 1299 2051 est
1325 2014 1361 2051 &
1389 2012 1596 2062 perfruitur
1623 2011 1822 2050 domicilio
1852 2024 1898 2049 ac
1924 2011 2159 2050 haereditate

236 2070 324 2109 sua,
354 2060 389 2096 ἃ
418 2060 590 2109 cognitio
619 2061 792 2101 eiusdem
821 2062 964 2114 maior,
993 2075 1110 2113 quam
1138 2063 1220 2103 eius
1248 2064 1315 2114 qui
1341 2065 1565 2116 longissime
1579 2066 1707 2112 abest,
1732 2065 1866 2102 &sola
1882 2063 2157 2114 imaginatione

235 2117 300 2148 aut
328 2112 563 2161 cogitatione
591 2114 709 2152 animi
735 2117 855 2154 ferme
883 2129 944 2154 res
972 2116 1055 2154 illas
1084 2117 1399 2166 comprehendit:
1429 2116 1486 2156 Ita
1515 2118 1553 2156 in
1582 2117 1722 2155 diuinis
1749 2116 1822 2154 illis
1850 2118 1965 2155 rebus
1995 2118 2030 2154 δι
2051 2116 2156 2165 spiri-

237 2163 398 2212 talibuS,
434 2166 650 2216 Theologia
683 2179 783 2216 quae
819 2167 858 2206 in
894 2170 1008 2206 coelo
1042 2176 1119 2220 est,
1146 2170 1236 2208 huic
1265 2170 1505 2220 Theologiae
1533 2181 1632 2219 quae
1659 2169 1697 2207 in
1724 2169 1855 2220 terris,
1884 2170 2157 2219 anteponenda

236 2221 303 2253 est.
347 2217 467 2265 Quod
508 2217 539 2255 si
578 2218 663 2268 quis
698 2220 927 2270 ampliorem
962 2221 1075 2260 huius
1110 2222 1350 2273 Theologiae
1386 2222 1651 2261 definitionem
1688 2221 1835 2272 cupiat,
1862 2234 1968 2260 nunc
1995 2223 2154 2261 alteram

236 2279 391 2317 quoque
419 2271 633 2309 secundum
661 2284 795 2311 causas
823 2274 1043 2313 adferemus
1070 2274 1110 2313 in
1123 2275 1228 2314 hunc
1244 2276 1426 2314 modum:
1458 2277 1669 2324 Theologia
1682 2276 1876 2313 bealorum
1892 2277 1972 2312 siue
1986 2277 2153 2325 excelsa,

235 2326 292 2358 est
322 2321 518 2370 Sapientia
549 2336 680 2362 rerum
718 2327 937 2364 diuinarum
971 2329 1011 2364 in
1046 2329 1185 2377 spirita
1219 2329 1303 2366 Dei
1326 2330 1597 2367 communicata
1624 2341 1671 2365 ex
1697 2329 1866 2365 demenso
1897 2328 2046 2365 Christi
2069 2341 2150 2365 cum

235 2375 282 2410 iis
322 2376 390 2422 qui
426 2376 466 2412 2‘22
507 2378 606 2413 coelo
645 2379 803 2426 degunt,
831 2382 1031 2417 scczmdz‘tm
1059 2394 1173 2430 quam
1199 2383 1341 2420 visione
1365 2382 1448 2418 Dei
1471 2386 1649 2425 aeterna,
1671 2382 1870 2431 gratiosa,
1900 2381 1950 2417 ὀύ
1971 2382 2149 2429 gloriosa

231 2427 495 2475 perfruuntur
535 2430 591 2466 cm'
614 2431 784 2477 gloriam
812 2433 928 2470 illius.
970 2432 1050 2471 Hic
1078 2445 1212 2472 causas
1240 2446 1376 2472 omnes
1403 2434 1453 2472 ad
1479 2433 1590 2471 huius
1616 2432 1858 2482 Theologiae
1885 2432 2151 2471 definitionem

234 2478 468 2527 pertinentes
509 2481 676 2519 breuiter
715 2483 996 2534 coniunximus.
1038 2487 1098 2524 Ac
1137 2485 1209 2524 tria
1236 2485 1393 2535 quidem
1420 2486 1492 2525 ista
1518 2493 1607 2525 sunt
1633 2485 1857 2524 communia
1882 2496 1972 2523 cum
1998 2492 2149 2524 antece—

234 2530 348 2569 dente
376 2531 441 2570 illa
470 2532 611 2571 Christi
637 2535 873 2588 Theologia3
902 2538 1009 2587 quod
1035 2539 1132 2577 haec
1160 2539 1375 2588 Sapientia,
1403 2539 1511 2588 quod
1540 2552 1670 2576 rerum
1700 2540 1942 2587 diuinarum,
1973 2539 2008 2576 δι
2041 2539 2149 2587 quod

233 2586 504 2642 commasticant
536 2593 612 2624 est:
650 2595 766 2636 prout
791 2589 967 2628 Vniuerse
995 2590 1121 2640 capite
1147 2591 1283 2640 quinto
1311 2591 1524 2630 statuimus.
1566 2591 1643 2629 Sed
1669 2590 1744 2629 alia
1770 2590 1901 2629 onmia
1928 2591 2150 2629 modificata

233 2643 429 2685 angustlus
450 2638 688 2677 constituunt
711 2640 879 2690 speciem
902 2642 1014 2682 huius
1037 2644 1290 2694 Theologiae.
1317 2646 1419 2682 Nam
1441 2643 1673 2682 efficientem
1694 2654 1852 2682 causam
1877 2656 1958 2682 non
1982 2645 2149 2682 obscure

230 2689 520 2747 annotauimus,
562 2691 734 2730 dicentes
774 2694 1064 2759 Communicaff'
1102 2697 1204 2734 hanc
1244 2698 1281 2734 im
1323 2697 1471 2745 Spiritu
1498 2697 1597 2747 Dei,
1635 2696 1675 2734 id
1711 2703 1788 2745 est,
1819 2695 1959 2734 virtute
1987 2695 2146 2745 Spiritus

232 2747 394 2792 aeterni,
418 2742 627 2793 spiritualia
651 2745 754 2783 dona
776 2758 865 2785 cum
887 2749 1018 2786 electis
1040 2748 1370 2788 communicante:
1397 2750 1432 2786 δι
1455 2748 1567 2787 huius
1590 2748 1790 2788 efficientis
1814 2760 1952 2786 causae
1967 2749 2146 2786 effectum

1772 2799 2124 2839 manifestissimum
2135 2830 2146 2851 ,
