2334 3020
243 59 319 94 424
946 56 1214 83 EIRENICI
1256 56 1394 84 PARS
1436 59 1462 86 1.

239 162 381 209 verbo,
410 160 648 199 conscientia
675 160 873 199 fodicante
900 160 1095 200 nouimus.
1135 163 1219 200 Iam
1246 163 1334 212 plus
1361 162 1452 202 satis
1481 163 1693 214 eripiuntur
1720 166 1771 203 ab
1800 165 1976 204 Ecclesia
2003 166 2078 213 Dei
2103 167 2169 206 illa

237 215 558 264 (109113ῖ3,(11136
588 213 859 252 adolescentes
888 213 1046 264 ingenui
1074 215 1263 253 matribus
1289 215 1427 254 natura
1455 217 1554 254 (11166
1583 218 1710 255 solent
1738 218 1965 268 refundere,
1979 231 2026 257 ac
2040 219 2168 279 potius

237 269 294 316 (vt
320 280 398 305 vno
427 267 550 305 verbo
579 266 724 315 dicam)
753 266 996 326 deripiuritur
1028 267 1078 306 de
1106 267 1284 306 Ecclesia
1312 270 1488 307 membra
1505 269 1675 308 viuentia
1689 270 1986 330 Domini,quae
2001 272 2169 320 pretioso

238 319 423 369 sanguine
457 331 527 357 suo
565 319 829 369 comparauit,
867 319 1086 379 impietate
1120 320 1326 371 iniustitia,
1353 322 1390 359 &
1417 322 1719 373 inhumanitate
1748 324 1852 363 addo
1881 324 1997 362 etiam
2023 324 2167 371 impru-

237 373 367 410 dentia
406 372 673 431 indignissima
709 385 845 411 eorum
878 373 945 422 qui
981 374 1085 411 velut
1122 375 1327 412 columnae
1366 375 1664 414 Christianitatis
1690 375 1769 414 dici
1795 378 1832 415 &
1859 377 1992 416 haberi
2018 380 2167 418 volunt.

236 426 320 463 Iam
348 426 435 475 plus
462 425 552 463 satis
581 425 621 463 in
651 427 783 464 fratres
812 432 968 464 nostros
995 425 1117 475 iniqui
1144 426 1305 474 fuimus,
1335 429 1370 466 &
1398 436 1618 478 grassantur
1645 429 1683 468 in
1713 430 1891 468 Ecclesia
1905 431 1980 468 Dei
1992 437 2168 480 pastores

238 478 303 528 qui
339 485 503 528 pascunt
529 490 570 516 se
598 478 723 530 ipsos,
751 479 908 529 adipem
938 479 1209 529 comedentes,
1238 481 1368 518 lanam
1397 480 1622 532 induentes,
1652 483 1761 532 quod
1788 483 1963 532 opimum
1993 491 2050 522 est
2064 497 2166 523 mac-

236 537 381 581 tantes,
409 544 569 582 gregem
598 544 678 569 non
707 538 930 582 pascentes,
958 544 1076 570 ouem
1105 531 1249 571 Christi
1270 534 1412 572 morbo
1435 535 1615 573 affectam
1630 548 1710 574 non
1724 537 1998 574 confirmantes
2005 549 2169 587 ,-aegro

236 590 315 622 tam
343 597 423 623 non
450 591 651 625 curantes
679 585 921 623 confractam
949 597 1031 623 non
1061 585 1299 644 obligantes
1328 586 1532 637 depulsam
1559 600 1639 625 non
1667 589 1920 648 reducentes,
1943 597 2170 640 pereuntem

234 649 314 675 non
338 637 594 696 requirentes,
626 638 693 675 sed
722 638 759 676 vi
787 638 1035 677 dominantes
1061 638 1098 676 in
1128 651 1288 689 gregem
1315 639 1460 678 Christi
1489 642 1525 679 ὃ(
1552 653 1621 690 per
1648 641 1869 689 saeuitiam,
1897 643 1998 681 adeo
2027 650 2069 682 vt
2094 642 2168 682 dis-

234 703 369 740 persae
397 690 472 729 sint
499 702 593 728 oues
622 691 765 730 Christi
793 691 996 730 destitutae
1024 699 1199 742 pastore,
1228 693 1263 730 &
1291 691 1366 730 sint
1382 692 1472 731 cibo
1489 693 1671 732 omnibus
1685 695 1818 733 bestiis
1831 695 1934 745 agri,
1949 695 2167 747 dispersae,

234 744 269 781 &
298 743 443 793 fraudi,
478 743 709 795 violentiae,
738 751 855 803 atque
884 745 1080 794 tyrannidi
1107 744 1525 794 impotentissimorum
1553 746 1757 785 hominum
1785 748 1995 798 expositae.
2026 749 2169 788 Ezech.

233 807 296 856 353
328 810 362 836 2.
392 798 464 836 &c.
493 798 575 835 Iam
604 798 690 847 plus
725 797 814 836 satis
850 797 996 836 ruimus
1024 797 1251 858 praecipites
1277 798 1318 836 in
1346 799 1558 848 perniciem
1585 808 1779 839 nostram.
1806 802 1841 840 &
1870 801 2047 850 quamuis
2076 813 2168 841 cum

233 849 370 888 animis
398 850 539 888 nostris
568 849 738 889 veritatis
765 850 920 888 diuinae
947 852 983 889 &
1011 851 1158 900 gratiae
1185 851 1226 890 in
1252 852 1428 890 Ecclesia
1457 853 1624 902 conscij,
1655 861 1786 892 tamen
1814 854 1973 892 delicias
2003 855 2166 894 facimus

232 901 272 941 in
312 903 579 954 ignoratione,
618 903 858 954 infirmitate,
896 905 932 942 &
968 904 1213 943 aberratione
1248 912 1394 943 nostra.
1435 906 1648 944 Videamus
1674 906 1790 956 igitur
1817 907 2022 958 deinceps,
2051 908 2083 946 si
2109 907 2168 947 vis

234 955 411 994 facienda
451 964 530 1005 est,
572 958 646 1006 (est
684 959 843 1016 autem).
867 964 908 995 vt
942 957 1057 995 nobis
1084 957 1177 1008 ipsis
1205 957 1284 996 vim
1312 960 1445 997 sancte
1473 959 1679 1010 faciamus,
1710 972 1904 998 memores
1930 961 2030 999 illius
2058 961 2167 1011 quod

233 1009 324 1047 olim
354 1009 509 1048 dicebat
537 1009 734 1060 Christus,
762 1009 845 1060 rapi
872 1011 895 1048 a
921 1009 1100 1049 violentis
1129 1022 1292 1060 regnum
1320 1010 1416 1049 Dei:
1445 1013 1584 1051 Matth.
1618 1025 1677 1052 11
1711 1026 1769 1050 12.
1793 1012 1913 1062 quiin
1927 1026 2044 1052 carne
2059 1013 2168 1053 caeci

232 1073 385 1111 sumus,
426 1062 626 1101 videamus
667 1061 706 1101 in
744 1062 907 1114 Spiritut,
944 1063 1011 1112 qui
1036 1062 1198 1114 infirmi,
1225 1064 1521 1122 confirmemur,
1551 1064 1618 1114 qui
1646 1065 1903 1116 dormientes,
1931 1066 2167 1119 excitemur3

231 1115 297 1165 qui
331 1128 491 1166 segnes,
528 1115 765 1161 31111116111111·
803 1115 870 1166 (1111
902 1115 1085 1165 frigentes
1121 1124 1187 1155 aut
1214 1116 1329 1155 etiam
1357 1117 1500 1169 tepidi,
1529 1117 1819 1158 inardescamus
1847 1119 1897 1157 ad
1923 1119 1988 1158 illa
2014 1096 2167 1180 pietatis

230 1169 270 1206 in
304 1169 454 1217 Deum,
490 1168 627 1207 veritat
632 1168 662 1207 is
690 1168 729 1206 in
757 1169 997 1219 Ecclesiam,
1025 1169 1189 1208 iustitiae
1217 1171 1253 1208 &
1281 1170 1478 1209 charitatis
1504 1170 1544 1209 in
1572 1173 1729 1222 fratres,
1757 1174 1793 1210 &
1821 1172 2100 1212 sanctimoniae
2126 1171 2167 1212 in

230 1221 345 1259 nobis
373 1222 520 1272 officia,
549 1234 649 1272 quae
678 1223 784 1260 Deus
815 1222 989 1273 imperat.
1019 1224 1148 1260 Deum
1177 1224 1383 1273 nouimus,
1412 1224 1632 1262 Ecclesiam
1659 1225 1857 1263 nouimus:
1887 1227 1923 1264 &
1950 1238 2022 1264 nos
2037 1225 2166 1277 1g1tur,

232 1275 267 1312 &
294 1275 430 1313 fratres
459 1275 497 1312 in
526 1275 704 1313 Ecclesia
731 1288 960 1326 noscamus,
990 1276 1263 1327 obseruemus,
1291 1278 1327 1315 δε
1355 1279 1532 1315 6013111113
1561 1277 1997 1337 studiosissime3pedes
2012 1286 2166 1318 nostros

231 1329 266 1366 &
295 1327 468 1377 ipsorum
495 1328 638 1388 pariter
665 1329 943 1366 confirmemus
968 1330 1094 1378 facto,
1123 1342 1324 1379 sermone,
1354 1330 1389 1367 &
1417 1332 1619 1382 exemplo,
1647 1331 1904 1370 consistamus
1930 1331 1969 1369 in
1990 1331 2166 1371 Ecclesia

230 1380 323 1427 Dei,
351 1393 477 1430 neque
505 1381 675 1420 sinamus
703 1394 777 1419 nos
806 1383 855 1419 ab
890 1394 935 1419 ea
963 1393 1197 1446 quacunque
1223 1382 1354 1432 specie
1384 1382 1594 1434 dimoueri3
1623 1382 1663 1421 in
1690 1384 1813 1433 portis
1837 1384 2035 1423 Ecclesiae
2050 1384 2165 1424 disci·

229 1433 375 1482 plinam
414 1433 557 1472 Christi
585 1436 620 1472 &
647 1433 870 1493 Ecclesiae,
912 1447 1030 1483 quarn
1060 1435 1226 1473 maxima
1253 1436 1330 1473 fide
1359 1448 1588 1486 possumus,
1618 1437 1842 1475 studeamus
1871 1437 2021 1476 discere
2048 1445 2166 1488 atque

229 1485 417 1536 retinere,
446 1488 482 1525 &
510 1487 549 1525 in
577 1486 802 1525 testimonio
826 1486 899 1524 Dei
929 1488 1207 1537 Ecclesiaeque
1233 1488 1352 1538 ipsius
1380 1488 1613 1539 piorumque
1640 1490 1815 1528 omnium
1830 1489 1943 1528 Deo
1934 1503 1973 1528 111
1989 1491 2166 1529 Ecclesia

229 1516 528 1588 obsequentium
565 1539 911 1589 conquiescamus,
940 1547 981 1578 vt
1008 1541 1178 1578 fructum
1203 1541 1313 1580 illum
1339 1542 1590 1600 tranquillum
1618 1542 1783 1581 iustitiae
1813 1544 1849 1580 &
1878 1543 2027 1592 gloriae
2055 1555 2166 1593 supe·

227 1591 317 1630 ratis
346 1592 522 1631 hostibus
551 1593 682 1631 salutis
710 1602 869 1631 nostrae
897 1592 972 1631 Dei
998 1592 1139 1632 virtute
1167 1601 1410 1645 reportemus
1437 1594 1477 1633 in
1505 1594 1663 1635 Christo
1692 1597 1793 1634 Iesu.
1830 1595 1942 1634 Faxit
1970 1595 2164 1635 Dominus

227 1645 335 1684 Deus
362 1646 495 1684 salutis
523 1653 694 1685 nostrae.

330 1775 367 1812 3.
420 1763 698 1809 Hierosolyma
725 1768 962 1814 constructa,
992 1769 1035 1804 vt
1059 1764 1196 1802 ciuitas
1221 1777 1320 1813 quae
1346 1769 1612 1814 coagmentata
1640 1770 1698 1804 est
1721 1766 1761 1804 in
1789 1777 1869 1804 sese
1884 1767 2057 1817 pariter.

280 1866 433 1903 ADHUC
474 1863 627 1914 sequuti
666 1865 828 1915 vestigia
867 1865 1088 1915 Prophetae
1123 1866 1159 1903 &
1196 1864 1346 1915 priscae
1379 1865 1481 1904 illius
1510 1865 1730 1918 Ecclesiae,
1760 1867 1809 1906 de
1837 1866 1993 1918 piorum
2020 1867 2164 1907 laetitia

227 1916 395 1956 diximus
424 1930 471 1955 ex
498 1918 626 1956 causis
653 1918 911 1969 singularibus
939 1931 1082 1968 nempe
1110 1919 1219 1967 quod
1247 1918 1297 1968 pij
1326 1918 1466 1968 singuli
1489 1919 2163 1970 61111131011113131111113111311311111113

226 1983 405 2009 sermone
434 1972 673 2022 acclamant,
702 1973 738 2009 &
766 1970 949 2021 operibus
978 1971 1056 2009 suis
1081 1971 1307 2010 adiumento
1337 1979 1447 2022 sunt,
1475 1979 1516 2011 vt
1544 1972 1761 2011 Ecclesiam
1790 1972 1932 2012 Christi
1959 1973 2112 2024 ineant,
2127 1975 2164 2013 &

225 2023 266 2062 in
302 2036 348 2061 ea
383 2025 538 2074 perse(f.
571 2001 800 2072 702)⁷uerent
826 2024 1117 2083 quammaxima
1143 2024 1221 2061 fide
1249 2037 1295 2062 ac
1323 2024 1512 2074 religione
1539 2034 1721 2075 possunt:
1764 2026 1892 2065 Huius
1920 2026 1975 2065 rei
2003 2034 2164 2076 aspectu

225 2077 262 2115 &
302 2077 541 2115 conscientia
581 2076 799 2126 ingenerari
841 2077 1036 2116 mentibus
1069 2076 1244 2126 ipsorum
1280 2079 1316 2116 &
1352 2077 1593 2116 inualescere
1622 2078 1819 2128 spirituale
1846 2079 2053 2130 gaudium,
2083 2091 2162 2129 quo

226 2129 366 2179 singuli
406 2130 446 2168 in
486 2130 563 2168 fide
597 2132 633 2168 &
675 2129 866 2180 obsequio
905 2129 981 2168 Dei
1017 2130 1138 2180 magis
1166 2143 1212 2169 36
1240 2131 1361 2181 magis
1389 2132 1681 2170 confirmentur.
1724 2131 1921 2182 Deinceps
1949 2132 2162 2171 videndum

226 2182 341 2220 nobis
369 2189 426 2221 est
452 2182 502 2220 de
530 2183 655 2221 causis
684 2182 958 2222 communibus
987 2182 1162 2221 eiusdem
1190 2184 1343 2242 gaudij,
1372 2191 1489 2233 prout
1516 2184 1640 2222 tribus
1670 2184 1843 2223 versibus
1870 2185 1983 2224 huius
2011 2183 2166 2225 Cantici

226 2236 407 2285 (quorum
450 2235 513 2274 hic
541 2236 687 2285 primus
715 2238 789 2284 est)
818 2249 882 2274 eas
910 2235 1077 2274 diximus
1105 2235 1306 2274 contineri.
1349 2237 1487 2286 Neque
1514 2237 1616 2275 enim
1646 2237 1868 2276 Christiano
1895 2238 2046 2276 homini
2072 2236 2163 2277 satis

225 2300 309 2328 esse
338 2289 476 2336 debet,
503 2289 612 2347 quod
641 2303 681 2328 se
707 2292 743 2329 &
771 2288 919 2348 aliquot
946 2288 1064 2338 31103,
1093 2288 1160 2339 (1111
1187 2289 1364 2348 proxime
1392 2291 1578 2339 aderunt,
1600 2290 1784 2329 facientes
1799 2291 1972 2330 officium
1986 2290 2158 2330 animad-

225 2341 403 2392 uerterit,
440 2341 513 2380 11131
542 2341 658 2381 etiam
685 2356 751 2380 vm
743 2342 975 2380 uersitatem
1004 2341 1205 2380 Ecclesiae
1233 2342 1364 2380 animo
1393 2344 1700 2392 contempletur,
1728 2345 1764 2382 &
1793 2344 1993 2383 communi
2017 2343 2162 2394 gaudio

225 2393 274 2432 de
303 2396 409 2432 bono
438 2395 639 2433 communi
667 2395 767 2434 illius
796 2402 998 2433 saturetur.
1029 2395 1380 2443 Quemadmodum
1408 2395 1511 2433 enim
1533 2397 1681 2435 nullum
1697 2397 1943 2436 membrum
1933 2410 1973 2436 111
1989 2409 2157 2447 corpore

223 2447 396 2485 humano
425 2446 477 2485 ita
505 2454 563 2486 est
588 2448 821 2497 αὐτόνομον,
850 2454 890 2486 vt
917 2461 958 2486 se
986 2449 1114 2486 solum
1143 2455 1251 2486 curet
1280 2455 1346 2486 aut
1375 2461 1419 2486 ea
1445 2448 1528 2498 ipsa
1557 2449 1697 2508 quibus
1712 2450 1889 2499 proxime
1905 2451 2160 2489 coniunctum

224 2506 301 2549 est,
331 2500 399 2539 sed
425 2507 585 2538 naturae
615 2500 799 2539 instinctu
826 2502 1002 2551 quodam
1029 2500 1205 2550 corporis
1233 2499 1493 2560 integritatem
1523 2514 1632 2540 suam
1661 2502 1920 2562 integritatem
1950 2509 2080 2554 putat,
2107 2502 2161 2541 ita

225 2552 340 2591 etiam
382 2553 467 2602 pios
508 2552 547 2591 in
591 2565 709 2592 vnum
746 2565 889 2604 corpus
927 2555 1193 2592 coalescentes
1229 2553 1392 2604 Spiritus
1421 2554 1588 2604 vnitate,
1616 2554 1725 2593 6111113
1754 2556 1930 2615 corporis
1956 2562 2075 2615 caput
2102 2561 2161 2594 est

225 2605 419 2656 Christus,
461 2606 622 2644 omnino
665 2607 779 2644 decet
819 2618 910 2644 cum
946 2606 1131 2646 membris
1166 2619 1246 2644 non
1284 2607 1404 2645 modo
1433 2585 1621 2656 proxiniis
1650 2609 1685 2646 &
1714 2608 2058 2668 coniunctissimis,
2086 2608 2157 2647 sed

225 2669 316 2697 cum
344 2658 524 2697 omnibus
554 2658 671 2696 etiam
699 2671 800 2709 quae
828 2659 992 2709 Spiritus
1017 2660 1160 2698 adunat
1181 2671 1301 2709 quam
1316 2658 1637 2710 longinquissime
1653 2661 1971 2720 communicatio.
2002 2660 2158 2699 Etenim

223 2711 332 2759 quod
358 2711 501 2761 priuati
528 2711 716 2763 hominis,
745 2718 787 2750 vt
815 2711 1018 2763 singularis
1049 2713 1236 2763 membri,
1262 2712 1445 2763 gaudium
1474 2725 1559 2752 esse
1582 2719 1728 2765 potest,
1744 2726 1999 2753 316011111111116
2015 2725 2159 2763 corpus

2008 2764 2049 2804 in
2077 2777 2158 2815 (1110
