2334 3020
218 129 289 162 140
832 123 1048 149 THESES
1088 122 1519 149 THEOLOGICAE.

210 232 358 270 mundo
400 231 448 268 de
490 229 546 267 sui
589 229 639 267 ad
679 228 936 278 adoptionem
973 227 1012 265 in
1039 227 1195 266 Christo
1223 226 1574 277 praedestinatione
1603 230 1638 266 &
1668 227 1856 266 electione
1884 227 2009 277 reipsa
2039 228 2138 266 certi

211 287 328 331 fiunt,
356 284 474 332 idque
500 295 547 320 ex
576 281 719 331 Spiritu
749 283 895 319 Sancto
925 286 1089 318 testante
1118 283 1153 319 &
1179 287 1449 330 regenerante,
1479 294 1526 318 ex
1555 279 1753 330 Euangelij
1783 279 2072 329 praedicatione
2100 283 2136 319 &

213 351 271 379 ex,
289 334 488 374 electionis
516 333 680 384 effectis3
709 340 749 371 vt
779 332 895 371 etiam
924 332 979 370 illi
1006 333 1080 370 soli
1107 333 1156 371 de
1185 332 1339 371 alterius
1367 333 1556 372 electione
1583 332 1754 371 iudicare
1783 340 1958 382 possunt.

239 380 302 438 ⁴'9.
356 387 593 438 Reprobatz'o
634 393 691 424 est
731 383 1053 435 praedestinatio,
1095 396 1173 434 qua
1208 387 1316 423 Deus
1343 385 1508 423 aliorum
1537 398 1617 424 non
1646 387 1687 432 (f.
1721 387 1847 434 1623.)
1877 385 2048 424 misereri
2075 385 2138 424 de-

215 440 356 490 creuit,
385 440 420 477 &
447 439 634 488 adoptare
662 438 701 476 in
729 437 904 486 Christo,
933 437 1001 475 sed
1030 450 1098 476 eos
1126 437 1166 475 in
1195 437 1364 487 peccatis
1392 438 1609 487 relinquere
1637 439 1673 476 &
1700 445 1906 488 propterea
1921 437 2017 476 iuste
2033 439 2138 476 dam-

216 506 321 532 nare.
349 493 445 530 Esse
472 499 600 530 autem
628 490 946 541 reprobationem
975 492 996 528 e
1024 492 1145 529 verbo
1172 490 1250 528 Dei
1277 489 1477 528 manifeste
1505 490 1637 540 liquet.
1667 491 1760 529 Eius
1766 496 1906 542 partes
1923 491 2022 529 duae
2039 497 2139 529 sunt.

221 561 253 585 1.
281 545 549 592 Non-electio,
593 555 693 593 quae
722 543 839 582 etiam
867 542 1088 592 derelictio,
1117 555 1183 581 seu
1212 542 1433 593 praeteritio
1461 542 1538 581 dici
1564 550 1706 592 potest.
1738 558 1772 582 2.
1799 546 1952 582 Poenae
1979 557 2138 593 praepa-

215 598 325 637 ratio.
367 599 491 635 [erem
530 599 567 635 6.
604 609 666 645 30.
710 598 824 635 Rom.
858 609 895 645 9.
937 608 996 644 13.
1036 595 1211 633 Priorem
1248 602 1398 645 partem
1426 595 1657 634 Scholastici
1684 605 1826 635 vocant
1855 596 2077 646 negatiuam
2104 599 2140 635 δε

213 650 407 701 passiuam
449 649 785 699 reprobationem:
826 648 1084 698 posteriorem
1126 648 1398 686 affirmatiuam
1439 650 1475 687 δε
1514 648 1698 687 actiuam:
1729 649 1798 688 etsi
1825 660 1960 688 reuera
1986 662 2063 687 vna
2092 649 2141 687 sit

216 716 379 742 numero
407 709 562 740 aeterna
588 701 827 752 reprobatio.

272 769 331 794 10,
386 754 708 805 Reprobationis,
751 754 831 792 siue
874 753 1075 804 negatiue,
1104 753 1186 792 siue
1213 753 1440 793 affirmatiue
1469 753 1700 805 accipiatur,
1727 754 1904 803 praeuisa
1932 754 2140 804 impiorum

216 814 375 859 peccata
413 821 531 845 causa
572 807 649 846 dici
675 820 756 846 non
785 814 966 857 possunt:
996 807 1067 844 etsi
1095 806 1334 845 executionis
1361 806 1460 845 illius
1489 807 1656 857 decreti,
1683 807 1725 846 id
1754 814 1832 855 est,
1861 807 2142 858 damnationis,

219 874 335 900 causa
375 860 467 899 sint:
510 860 654 910 alioqui
683 873 818 899 omnes
846 860 1006 898 fuissent
1033 859 1248 909 reprobati,
1276 872 1349 897 nec
1377 861 1595 897 exclamare
1624 859 1858 910 oportuisset
1885 861 2144 911 Apostolum,

219 916 251 953 O
280 915 424 963 homo,
453 920 493 951 tu
521 913 606 963 quis
633 926 672 951 es
701 913 767 962 qui
797 925 1002 963 responsas
1030 909 1141 950 Deo?
1181 914 1294 951 Rom.
1319 926 1355 960 9.
1385 926 1442 950 11.
1473 915 1527 962 &,
1555 913 1589 950 O
1614 913 1778 950 altitudo
1803 912 2045 962 diuitiarum,
2070 916 2144 952 &c.

218 969 300 1005 Nec
343 965 477 1004 odium
519 965 596 1004 Dei
622 966 808 1004 aduersus
837 965 1124 1015 reprobandos:
1161 966 1229 1003 sed
1257 965 1383 1003 solum
1411 973 1631 1014 aeternum,
1661 965 1908 1003 iustissimum
1937 967 1973 1003 δε
2000 966 2145 1003 liberri-

220 1031 325 1057 mum
354 1019 508 1057 diuinae
537 1019 742 1057 voluntatis
770 1018 968 1068 placitum.
996 1019 1134 1068 Neque
1161 1018 1276 1056 nobis
1304 1018 1457 1067 longius
1486 1019 1690 1067 progredi,
1719 1024 1785 1055 aut
1807 1017 1919 1056 altius
1935 1019 2144 1056 ascendere

219 1072 328 1110 licet:
359 1072 429 1110 sed
456 1070 519 1109 hic
547 1078 603 1110 est
627 1071 935 1121 subsistendum,
964 1082 1084 1120 quum
1111 1072 1292 1109 voluntas
1320 1072 1394 1108 Dei
1421 1071 1467 1109 sit
1496 1071 1624 1109 omnis
1651 1070 1816 1109 iustitiae
1845 1072 1988 1120 regula.
2030 1073 2143 1110 Rom.

219 1139 255 1174 9.
288 1128 346 1163 18.
387 1124 689 1174 Reprobationis
718 1131 846 1162 autem
874 1126 964 1162 cum
992 1125 1088 1162 haec
1116 1123 1211 1174 sint,
1246 1137 1260 1160 1
1294 1123 1462 1162 Priuatio
1491 1124 1635 1173 gratiae
1665 1123 1857 1162 salutaris:
1905 1137 1938 1161 2.
1968 1131 2147 1173 peccata,

218 1191 316 1227 quae
358 1177 573 1216 necessario
616 1177 872 1227 priuationem
913 1176 1057 1226 gratiae
1098 1183 1331 1226 sequuntur,
1361 1176 1429 1215 etsi
1459 1190 1504 1215 ea
1532 1183 1692 1227 sponte,
1722 1176 1863 1225 libere,
1896 1189 1974 1214 non
2004 1177 2148 1226 coacti,

225 1230 384 1280 reprobi
411 1229 636 1268 admittant:
674 1243 709 1279 3.
738 1242 889 1280 poenae
918 1236 1183 1279 peccatorum.
1227 1230 1291 1267 Ad
1319 1230 1465 1278 gratiae
1493 1228 1751 1278 priuationem
1779 1232 1814 1267 &
1841 1242 1987 1278 poenas
2016 1242 2149 1279 pecca-

227 1290 375 1332 torum,
413 1284 490 1331 qua
518 1295 668 1332 poenae
697 1289 806 1333 sunt,
834 1281 991 1332 reprobi
1018 1283 1068 1320 ab
1097 1288 1256 1320 aeterno
1285 1281 1464 1320 destinati
1493 1285 1527 1321 δι
1555 1281 1818 1332 praeordinati
1846 1290 1950 1320 sunt:
1980 1282 2030 1320 ad
2059 1295 2147 1331 pec-

225 1343 309 1373 cata
343 1337 452 1384 vero,
481 1342 670 1385 quatenus
699 1335 873 1373 actiones
902 1336 1090 1373 malarum
1118 1336 1384 1385 voluntatum,
1413 1336 1462 1373 ab
1493 1348 1540 1373 eo
1570 1334 1816 1384 ordinantur,
1843 1337 1879 1373 δε
1908 1335 2146 1373 destinantur

222 1401 372 1437 poenae
414 1395 666 1438 peccatorum
707 1387 1042 1438 praecedentium,
1085 1395 1275 1437 quatenus
1317 1401 1363 1426 ex
1399 1387 1444 1426 iis
1472 1387 1594 1438 gloria
1623 1388 1697 1426 Dei
1725 1387 1899 1426 bonitate
1925 1387 2044 1438 ipsius
2070 1388 2147 1425 Dei

226 1441 453 1479 illustranda
481 1448 560 1479 crat
591 1444 626 1479 δε
655 1441 875 1479 illustratur.

278 1507 335 1532 11.
380 1493 482 1531 Finis
523 1495 604 1532 tum
641 1493 841 1532 electionis
875 1500 957 1532 turn
993 1492 1278 1543 reprobationis
1308 1492 1463 1542 proprie
1491 1499 1548 1532 est
1575 1492 1698 1543 gloria
1725 1493 1800 1532 Dei
1827 1492 2002 1542 eligentis
2030 1500 2146 1543 atque

222 1546 486 1596 reprobantis,
520 1546 582 1584 cui
608 1546 676 1584 fini
703 1546 912 1584 coniuncta
938 1553 995 1584 est
1025 1547 1236 1584 electorum
1266 1548 1366 1583 salus
1396 1546 1433 1583 in
1463 1546 1617 1584 Christo
1645 1548 1744 1584 Iesu.
1774 1545 1926 1584 Vtilitas
1955 1549 2072 1595 porro
2101 1559 2148 1584 ex

222 1607 303 1637 tota
331 1601 405 1637 hac
432 1599 610 1637 doctrina
637 1599 686 1637 de
713 1598 1067 1649 praedestinatione
1094 1598 1295 1648 multiplex
1322 1601 1357 1637 ἃ
1384 1599 1552 1636 maxima
1580 1599 1763 1648 emergit:
1791 1599 1862 1636 sed
1890 1599 1929 1636 in
1958 1600 2028 1637 hos
2050 1599 2147 1637 duos

219 1664 308 1690 vsus
349 1652 399 1690 ad
439 1659 596 1702 portum
639 1652 769 1690 salutis
811 1651 1044 1701 capiendum
1084 1651 1323 1690 necessarios
1364 1651 1608 1700 potissimum
1637 1651 1815 1690 ordinata
1842 1658 1911 1689 est.
1958 1665 1990 1690 1.
2020 1653 2071 1689 Vt
2098 1652 2148 1690 de

221 1712 379 1742 aeterna
406 1705 528 1743 nostri
556 1706 676 1743 salute
702 1705 741 1742 in
771 1704 928 1743 Christo
956 1707 1064 1743 certo
1094 1704 1268 1754 persuasi
1296 1704 1608 1753 desperationem
1636 1705 1671 1741 δι
1699 1703 1952 1742 diffidentiam
1982 1705 2031 1742 de
2055 1717 2147 1742 con-

218 1758 414 1807 sequenda
455 1760 576 1795 salute
616 1759 639 1795 a
681 1759 796 1796 rebus
837 1756 1008 1795 aduersis
1049 1764 1090 1794 vt
1129 1757 1338 1807 plurimum
1379 1757 1584 1795 excitatam
1629 1756 1802 1795 vitemus.
1849 1770 1884 1796 2.
1919 1763 1959 1794 vt
1987 1769 2147 1795 omnem

218 1818 373 1848 nostrae
402 1810 597 1860 dignitatis
626 1810 928 1860 meritorumque
958 1809 1236 1848 confidentiam
1265 1821 1470 1860 exuamus,
1501 1811 1536 1848 δι
1564 1816 1687 1848 totam
1716 1816 1889 1847 nostram
1907 1810 2069 1848 salutem
2085 1813 2149 1848 vni

219 1863 362 1913 gratiae
390 1864 466 1901 Dei
494 1863 532 1901 in
562 1863 717 1901 Christo
746 1870 949 1912 acceptam
977 1864 1156 1901 feramus.

277 1929 334 1954 12.
389 1917 479 1954 Duo
521 1915 725 1954 hominum
765 1929 906 1965 genera
946 1915 985 1953 in
1013 1917 1114 1954 hanc
1144 1915 1365 1954 doctrinam
1393 1915 1631 1965 impingunt:
1674 1914 1850 1964 Curiosi,
1882 1918 1917 1953 &
1944 1927 2149 1964 perperam

224 1968 401 2006 modesti.
429 1969 509 2015 Illi,
538 1969 633 2006 dum
660 1969 699 2006 in
728 1969 891 2007 sublime
920 1981 1004 2006 sese
1033 1968 1309 2018 proripientes,
1338 1982 1480 2006 arcana
1502 1968 1712 2018 Dei,quae
1727 1968 1764 2006 in
1780 1967 1907 2017 seipso
1923 1967 2152 2006 abscondita

220 2033 302 2058 esse
330 2021 451 2059 voluit
479 2024 514 2059 δε
542 2022 641 2071 vult,
669 2028 908 2071 scrutantur,
937 2024 972 2059 δι
1001 2023 1182 2059 euoluere
1210 2028 1371 2059 tentant.
1400 2022 1474 2068 Hi,
1505 2021 1600 2059 dum
1628 2021 1718 2058 huic
1736 2022 1838 2059 malo
1855 2021 2001 2059 mederi
2015 2021 2147 2058 volen-

222 2081 278 2111 tes
319 2074 418 2111 hanc
460 2074 677 2112 doctrinam
705 2081 770 2112 aut
797 2075 904 2112 nullo
934 2075 1054 2112 modo
1084 2073 1220 2123 attingi
1248 2076 1401 2123 volunt,
1430 2081 1496 2111 aut
1523 2075 1659 2112 saltem
1688 2074 1792 2123 plebi
1819 2073 1859 2111 in
1889 2072 2147 2112 concionibus

222 2127 521 2175 proponendam
561 2139 644 2165 esse
686 2133 839 2177 negant.
883 2127 1016 2165 Media
1056 2126 1116 2165 via
1156 2126 1270 2166 nobis
1299 2133 1356 2165 est
1385 2127 1576 2176 tenenda,
1605 2128 1641 2165 ὅτ
1668 2126 1847 2165 doctrina
1875 2127 1971 2164 haec
1999 2139 2079 2164 non
2108 2126 2149 2164 in

224 2178 367 2216 scholis
396 2180 545 2216 tantum
574 2179 672 2217 inter
701 2181 841 2218 doctos
870 2179 1122 2229 explicanda,
1151 2180 1220 2218 sed
1248 2178 1362 2218 etiam
1391 2179 1431 2216 in
1459 2179 1717 2217 concionibus
1745 2180 1796 2217 ad
1824 2181 2014 2229 populum
2029 2178 2146 2228 expli-

228 2231 370 2268 canda:
398 2233 532 2269 verum
560 2232 689 2270 sobrie
717 2234 752 2270 &
779 2233 1006 2283 prudenter,
1034 2244 1162 2282 eoque
1189 2233 1239 2270 ad
1266 2231 1576 2271 aedificationem
1604 2232 1645 2270 id
1668 2231 1751 2270 fieri
1766 2232 1896 2270 debet.
1925 2231 2005 2270 Hic
2020 2238 2149 2270 autem

228 2283 396 2333 optimus
438 2284 653 2323 sobrietatis
694 2285 879 2323 terminus
921 2284 1008 2335 erit,
1050 2285 1081 2323 si
1120 2285 1159 2323 in
1200 2285 1388 2323 discendo
1431 2285 1466 2322 &
1508 2285 1690 2323 docendo
1718 2291 1968 2334 praeeuntem
1996 2297 2149 2334 semper

229 2348 436 2385 sequamur
477 2338 625 2386 Deum,
666 2340 701 2375 &
736 2337 821 2387 ipso
854 2339 971 2376 finem
998 2338 1169 2376 docendi
1199 2337 1362 2376 faciente
1389 2350 1522 2387 sapere
1551 2338 1649 2376 velle
1677 2337 1909 2376 desinamus.
1953 2338 2079 2386 Nam,
2110 2344 2152 2375 vt

231 2388 377 2438 optime
404 2389 457 2427 ait
482 2389 758 2435 Tertullianus,
786 2390 881 2429 nihil
907 2397 1106 2440 praeterea
1132 2391 1251 2440 scire,
1280 2389 1412 2428 omnia
1439 2390 1537 2428 scire
1564 2398 1634 2429 est.
1675 2390 1754 2440 Ipsi
1780 2389 1881 2429 trino
1910 2392 1945 2428 &
1973 2389 2039 2428 vni
2062 2391 2149 2428 Deo

230 2440 277 2479 sit
304 2441 430 2480 omnis
458 2443 586 2480 honor
613 2445 649 2480 δε
674 2442 797 2492 gloria
823 2443 862 2481 in
891 2442 1178 2493 sempiternum.
1221 2445 1361 2481 Amen.

1939 2812 2026 2848 XII.
2065 2812 2102 2847 D
2118 2812 2152 2848 E
