2334 3020
1977 111 2049 148 341

108 224 281 266 illorum.
311 221 412 260 Sunt
439 223 535 259 enim
567 221 640 257 liae
671 220 924 258 conclusiones
954 221 1099 266 iustae,
1133 220 1309 258 honestae
1322 249 1332 269 ,
1363 221 1496 268 utiles,
1523 221 1574 258 ἐφ’
1600 222 1861 267 necessariae,
1879 222 2053 272 exprin-

109 284 217 333 czpijs
248 285 362 321 certis
394 283 444 321 &³
476 282 638 320 immotis
667 282 818 329 factae,
853 281 904 319 ἆτ’
936 282 1038 329 leges
1067 281 1209 319 harum
1241 281 1492 318 immutabiles

1103 354 1154 391 X.

168 412 383 450 Mutabilia
433 415 523 449 sunt
559 414 711 448 caetera
752 410 792 448 in
833 355 1205 460 nartian2·s)(le}ibus‚
1239 411 1289 449 ἐφ’
1321 411 1568 449 conditionem
1600 412 1820 449 mutationis
1851 412 2055 461 implexam

107 474 266 522 liabent,
314 473 460 510 duabus
499 472 544 508 de
589 473 745 509 caussis.
793 472 901 508 Nam
935 471 985 509 ξεν
1016 473 1122 509 ratio
1148 472 1422 521 praecipientis
1453 473 1555 520 leges
1586 471 1780 510 interdum
1811 473 1970 518 variat,
2004 473 2054 511 ὃν

109 534 241 572 modus
272 546 402 571 eorum
433 533 490 569 ad
515 544 612 581 quae
641 533 852 582 respiciant
879 532 980 579 leges
1011 529 1056 584 (f.
1095 526 1241 585 1486).

169 657 223 696 Ac
273 658 378 695 ratio
425 656 573 706 quidem
614 657 776 694 nominis
799 655 971 705 ferentis
1002 656 1120 703 legem
1157 669 1239 694 cum
1270 658 1424 695 ratione
1444 658 1630 708 proficit,
1671 661 1831 707 praeter
1863 659 2054 696 rationem

107 719 244 769 deficit.
284 718 534 768 Quapropter
560 720 597 755 si
624 718 827 764 legislator
858 718 898 754 in
931 718 1156 754 conscientia
1188 721 1367 755 aeternae
1397 719 1494 766 legis
1509 749 1518 767 ‚
1547 722 1617 756 aut
1640 719 1680 755 in
1697 718 1909 766 cognitione
1924 731 2055 756 eorum

107 779 162 816 ad
204 791 302 828 quae
346 778 557 829 respiciunt
599 778 700 825 leges
727 777 974 828 profecerit,
1012 778 1129 825 legem
1170 782 1323 815 mutare
1343 782 1494 828 potest,
1527 781 1563 817 si
1592 779 1745 816 euidens
1775 781 1853 817 erit
1881 780 2028 818 utilitas
2043 809 2053 828 ,

98 843 264 890 propter
310 851 424 888 quam
471 838 676 876 recedatur
723 838 770 875 ab
807 850 848 875 eo
888 839 973 875 iure
1014 838 1120 887 quod
1145 838 1211 875 diu
1242 850 1402 887 aequum
1435 841 1555 877 visum
1587 843 1654 877 est.
1687 838 1767 877 Sed
1791 839 1884 878 lzaec
1917 853 2055 878 caussa

106 900 207 937 niliil
232 901 370 938 attinet
397 900 453 937 ad
483 900 602 947 legem
633 899 783 949 Masis,
815 900 922 936 cuius
953 902 1090 936 auctor
1123 899 1173 936 ξφ*
1203 900 1375 936 sancitor
1407 899 1532 940 Deus.

168 1024 314 1063 lVIodus
359 1025 449 1063 verb
490 1036 621 1062 eorum
652 1024 709 1062 ad
738 1036 836 1073 quae
873 1025 1084 1073 respiciunt
1111 1025 1231 1074 leges,
1268 1030 1415 1075 semper
1445 1024 1639 1062 mutabilis
1670 1028 1748 1074 est,
1800 1026 1850 1064 ἐφ’
1881 1029 2057 1063 mutatur

97 1087 338 1137 plurimum:
386 1097 431 1122 ac
467 1089 683 1135 propterea
722 1085 825 1132 leges
856 1097 955 1134 quae
995 1084 1040 1122 de
1071 1085 1124 1123 eis
1164 1084 1375 1136 ordinant,
1416 1086 1567 1123 mutari
1590 1089 1753 1135 possunt
1781 1086 1839 1123 ad
1869 1099 2058 1124 commune

107 1148 262 1194 bonum,
298 1147 348 1185 ξεν
367 1146 597 1196 plerumque
627 1146 776 1183 mutari
805 1158 949 1184 necesse
978 1149 1045 1183 est.

167 1259 380 1297 M‘utabiles
421 1261 550 1309 itaque
592 1263 683 1298 sunt
721 1261 761 1297 in
799 1260 881 1307 lege
912 1259 1041 1298 Masis
1061 1260 1335 1310 particulares
1365 1259 1457 1297 illae
1489 1259 1841 1311 determinationes,
1875 1261 1932 1298 ad
1962 1274 2060 1310 quas

107 1333 156 1358 ex
203 1321 366 1359 immotis
403 1321 609 1371 principiis
651 1320 978 1369 communibusque
1007 1320 1308 1358 conclusionibus
1327 1320 1562 1371 proceditur
1593 1320 1795 1359 secundum
1826 1322 1977 1359 modum
2009 1323 2059 1360 &⁵

106 1382 355 1420 conditionem
387 1393 518 1419 eorum
549 1394 647 1431 quae
677 1381 837 1419 subsunt
864 1381 1104 1419 ordinationi
1133 1382 1244 1429 legis,

166 1494 334 1532 Subsunt
371 1499 496 1532 autem
526 1495 766 1532 ordinationi
793 1496 890 1542 legis
907 1501 1127 1545 personae,
1159 1507 1225 1532 res
1238 1525 1248 1545 ,
1282 1492 1435 1548 (quibus
1466 1497 1632 1534 actiones
1669 1494 1966 1549 complectimur)
2009 1497 2059 1534 ἐφ’

105 1556 438 1593 circumstantiae:
482 1568 649 1604 quarum
692 1555 900 1593 conditioni
938 1557 999 1593 ius
1035 1556 1344 1594 accommodatur
1374 1557 1478 1604 lege,
1512 1557 1693 1608 fiuntque
1726 1558 2059 1596 determinationes

105 1616 262 1654 iubendo
292 1616 549 1667 vetando'que,
581 1616 819 1654 munerando
852 1617 902 1655 ἐφ’
929 1616 1126 1667 puniendo
1136 1645 1148 1663 ,
1183 1621 1297 1667 atque
1317 1618 1590 1667 permittenda.

179 1741 226 1778 Vt
267 1744 392 1778 autem
433 1741 566 1779 modus
601 1741 652 1779 ἐφ’
683 1741 847 1779 conditio
887 1754 1018 1780 eorum
1049 1754 1149 1791 quae
1184 1742 1344 1781 subsunt
1370 1743 1474 1795 legi,
1516 1744 1569 1782 sic
1608 1745 1668 1782 ius
1701 1743 2058 1782 determinationum

106 1802 272 1852 duplex:
305 1813 496 1840 commune
509 1831 520 1852 ,
554 1803 604 1841 ἐφ’
635 1803 852 1850 singulare.

170 1916 384 1953 Communis
430 1916 563 1954 modus
609 1917 660 1954 ἔφ’
700 1916 863 1954 conditio
896 1923 1160 1967 personarum
1191 1921 1269 1966 est,
1306 1918 1384 1966 qua
1416 1918 1714 1956 considerantur
1746 1923 1789 1957 vt
1817 1918 1984 1957 homines
2015 1920 2055 1956 in

103 1989 237 2013 rerum
268 1980 417 2014 natura
446 1989 495 2014 ex
520 1978 710 2015 communi
743 1978 793 2015 ἐφ’
824 1978 995 2015 liumana
1026 1979 1132 2026 lege:
1164 1978 1404 2026 singularis,
1430 1981 1508 2028 qua
1524 1979 1823 2017 considerantur
1839 1983 1882 2018 vt
1894 1979 2035 2017 Iudaei
2048 2009 2058 2029 ,

105 2039 232 2075 vocati
260 2038 300 2074 in
322 2036 445 2086 fedus
458 2067 468 2087 ,
491 2040 793 2088 promissiones,
826 2040 1049 2084 veritatem,
1083 2039 1255 2076 ordinem
1269 2068 1280 2089 ,
1312 2039 1362 2077 (ἓν
1393 2041 1510 2088 signa
1535 2041 1711 2089 gratiae.

172 2151 388 2189 Communis
419 2163 552 2189 rerum
593 2153 750 2202 modus,
790 2156 913 2202 prout
940 2153 1188 2190 communiter
1215 2156 1307 2191 sunt
1334 2154 1375 2190 in
1406 2166 1476 2191 vsu
1505 2154 1698 2192 lzominum
1729 2158 1844 2203 atque
1874 2160 2057 2204 occupan-

105 2215 195 2248 tur:
232 2212 472 2259 singularis,
511 2217 634 2261 prout
671 2213 729 2250 ad
759 2214 1000 2261 singularem
1032 2217 1248 2264 praeterea
1281 2213 1438 2263 federis
1452 2244 1463 2264 ,
1490 2215 1819 2265 promissionum,
1853 2215 2057 2265 veritatis,

103 2272 276 2322 ordinis,
306 2271 650 2322 federatoru'mque
681 2286 787 2312 usum
819 2278 891 2311 aut
919 2275 1239 2325 significationem
1268 2274 1497 2313 adhibentur
1529 2287 1578 2313 ex
1607 2276 1844 2314 institutione
1875 2275 1968 2314 Dei.

162 2385 299 2423 Itidem
340 2386 746 2425 circumstantiarum:
789 2388 924 2438 quibus
943 2393 1141 2438 personae
1173 2389 1223 2426 &³
1253 2400 1318 2426 res
1349 2390 1466 2437 quasi
1491 2390 1709 2428 vestiuntur
1731 2395 1813 2440 pro
1845 2390 2057 2428 conditione

102 2447 277 2496 ipsarum
306 2447 412 2485 reali
440 2442 503 2499 (vt
528 2450 683 2496 vocant)
715 2452 787 2486 aut
815 2449 990 2486 instituto
1020 2451 1192 2497 gratiae.

163 2560 229 2597 De
258 2560 319 2598 his
350 2572 443 2608 ergo
475 2562 644 2599 omnibus
675 2562 1007 2600 determinationes
1029 2563 1160 2613 fiunt,
1194 2564 1276 2601 cicm
1307 2563 1485 2600 lcumanis
1516 2565 1662 2611 legibus
1692 2576 1740 2601 ex
1771 2565 1959 2602 communi
1988 2570 2060 2602 aut

104 2621 306 2668 singulari
333 2622 440 2666 iure,
474 2625 552 2658 tum
583 2622 728 2669 legibus
765 2623 919 2669 AIosis‚·
951 2624 1198 2661 communiter
1225 2629 1301 2673 pro
1328 2627 1496 2661 naturae
1523 2625 1655 2675 modo,
1675 2626 1725 2663 ἂν
1748 2626 2057 2675 particulariter

105 2693 152 2718 ex
184 2682 357 2719 instituto
381 2682 544 2729 gratiae
573 2683 782 2723 mutabiles.

171 2794 228 2832 Ac
274 2794 402 2833 Masis
444 2795 592 2844 quidem
631 2797 732 2844 leges
777 2809 1021 2846 quaecunque
1061 2797 1162 2836 iuris
1201 2799 1407 2836 communis
1443 2802 1554 2849 sunt,
1587 2803 1660 2836 aut
1685 2801 1839 2838 ratione
1869 2801 2059 2837 communi

1855 2860 2030 2908 obligant
2044 2889 2054 2910 ,
