2334 3020
808 106 1072 136 EIRENch
1116 108 1253 135 PARS
1297 107 1321 136 1.
1956 109 2032 145 409

103 217 373 267 amplissimus.
430 216 522 255 Hoc
565 215 769 254 consilium
807 228 1012 266 procerum
1044 227 1133 252 cum
1162 227 1276 265 rege,
1318 214 1422 252 idem
1452 212 1656 251 consilium
1686 212 1755 250 fuit
1784 213 2030 263 popularium

105 270 203 308 inter
232 283 272 307 se
300 269 588 307 adhortantium
616 269 666 306 ad
699 269 969 306 executionem
1000 268 1122 306 illius:
1165 270 1331 312 Eamus,
1370 266 1563 316 inquiunt,
1607 268 1647 303 in
1675 267 1823 303 domum
1854 267 2033 304 lelmmzc.

105 322 233 360 Huius
259 330 388 360 autem
415 321 564 370 consilij
593 323 628 358 ἅν
656 321 888 359 hortationis
918 324 964 358 θὸ
1003 320 1227 370 pertinentis
1263 320 1420 358 vnicum
1463 326 1520 358 est
1561 326 1852 369 argumentum,
1890 331 2031 368 nempe

105 375 202 413 adiri
230 376 279 413 ad
309 376 436 412 Deum
466 381 667 424 oportere7
696 376 730 412 &
762 387 835 411 vna
863 374 974 412 huius
1003 373 1220 424 argumenti
1249 373 1363 411 actio.
1419 374 1700 410 Verumtamen
1727 371 1840 409 huius
1867 371 2032 409 actionis

105 428 144 466 in
187 428 294 466 hisce
333 427 505 477 pauculis
549 427 674 465 verbis
721 435 796 465 tres
848 429 952 476 leges
994 427 1381 476 comprehenduntur
1421 424 1660 463 sanctissimo
1704 424 1866 462 consilio
1909 426 2031 462 fixae:

105 481 232 519 Prima
260 489 316 518 est
344 481 392 518 de
418 480 531 518 Fine:
563 481 760 530 Secunda7
790 480 838 517 de
866 479 940 517 Via
964 481 1014 517 ad
1043 481 1158 518 finem
1188 480 1467 529 pertendente:
1497 478 1648 528 Tertia7
1678 478 1727 515 de
1748 479 1850 515 Actu
1878 476 2030 526 piorum

105 533 203 571 iusta
232 533 294 571 via
322 534 371 571 ad
399 535 515 571 finem
544 532 872 571 concursantium.
913 532 1017 570 Finis
1039 541 1097 571 est
1120 534 1280 570 Ielzoua.
1322 532 1396 570 Via
1411 539 1468 570 est
1482 530 1663 576 ecclesia,
1695 532 1826 568 domus
1840 530 2033 568 lehouae:

106 589 228 624 Actus
257 593 333 633 est„
362 587 582 624 Ambulatio
611 588 667 623 ad
690 587 872 624 lelzomzm
898 599 967 635 per
996 585 1212 623 Ecclesiam
1242 585 1374 635 ipsius.

157 641 216 677 Ac
245 640 294 677 de
321 639 416 677 Fine
441 638 599 688 quidem
630 640 749 677 multa
771 639 849 676 huc
878 641 901 676 a
929 639 1042 676 nobis
1070 638 1211 676 adferri
1239 638 1333 676 nihil
1361 650 1520 676 necesse
1548 643 1618 675 est.
1655 638 1774 674 Hunc
1798 635 1900 673 enim
1917 637 2033 673 finem

104 692 158 730 sic
195 700 331 729 natura
372 693 488 730 docet
529 705 655 730 rerum
695 691 897 742 omnium,
939 691 1054 729 etiam
1085 691 1185 729 vitae
1217 693 1252 729 &
1282 703 1415 729 sensus
1443 689 1680 740 expertium,
1719 697 1758 727 vt
1793 700 1873 726 non
1912 688 2033 738 possit

104 745 307 794 quisquam
337 745 418 783 sine
446 744 564 795 impia
592 748 627 784 &
656 745 895 794 iniquissima
925 744 1220 794 oppugnatione
1244 751 1404 782 naturae
1427 745 1476 781 ad
1497 743 1614 781 alium
1637 744 1755 780 finem
1779 743 2034 780 contendere.

105 799 225 846 Quod
253 805 383 836 autem
412 806 549 836 natura
575 812 635 837 res
663 811 801 836 omnes
827 798 1036 847 perdocett
1069 797 1109 835 id
1137 804 1243 834 recta
1270 797 1368 835 ratio
1398 804 1558 834 naturae
1584 802 1740 833 nostrae
1768 794 1889 832 indita
1916 796 2033 845 longe

103 851 357 900 amplioribus
398 851 643 890 documentis
685 859 914 901 perceptura
957 856 1077 900 esset,
1121 849 1192 887 nisi
1222 857 1304 887 tum
1332 849 1507 887 internae
1541 849 1724 887 tenebrae
1757 847 1897 885 mentis
1925 848 2032 896 (nam

103 906 288 942 tenebrae
322 906 468 952 sumus)
506 912 588 942 tum
618 903 862 954 particularia
890 903 1008 941 animi
1038 903 1164 940 studia
1194 905 1298 950 (nam
1328 903 1469 940 infirmi
1498 904 1532 940 δι
1560 901 1741 939 malitiosi
1770 903 1917 949 sumus)
1948 907 2031 938 tum

103 957 399 995 innumerabilia
433 957 568 995 mundi
605 957 749 996 fallacis
787 957 942 995 obiecta
971 959 1076 1006 (nam
1108 957 1231 1006 figura
1258 955 1394 993 mundi
1422 958 1457 994 ἃ
1485 957 1575 993 fuco
1604 953 1859 992 circumuenti
1884 955 2032 1001 sumus)

103 1010 292 1048 rationem
319 1010 425 1048 illam
455 1011 802 1060 praestinguerent.
845 1013 1145 1059 Verumtamen,
1174 1016 1214 1046 vt
1241 1008 1429 1058 impedita
1456 1015 1531 1058 θεῖ,
1560 1015 1705 1045 restant
1728 1007 1766 1044 in
1791 1006 2032 1044 conscientia

105 1064 298 1112 quaedam
340 1063 528 1102 scintillae
565 1064 646 1102 veri
687 1066 721 1102 ἃ
761 1064 873 1114 iusti,
915 1075 1014 1112 quae
1055 1061 1234 1100 homines
1268 1061 1452 1111 pietatem
1482 1060 1727 1098 &iustitiam
1758 1059 1796 1097 in
1827 1058 2032 1098 mendacio

103 1116 341 1166 detinentes,
375 1118 556 1166 adeoque
587 1117 768 1155 diabolos
797 1117 902 1167 ipsos
930 1118 1017 1154 Deo
1046 1118 1081 1154 δε
1111 1114 1223 1153 saluti
1251 1121 1408 1152 nostrae
1437 1115 1706 1163 aduersantes‚
1744 1112 1928 1150 euincunt
1955 1113 2032 1150 hoc

104 1181 222 1207 vnum
250 1169 501 1220 principium,
528 1171 632 1208 hunc
661 1172 777 1208 finem
805 1170 1040 1220 singularem
1070 1181 1153 1206 esse
1181 1168 1369 1206 vniuersis
1399 1168 1433 1204 δι
1465 1167 1624 1217 singulis
1652 1165 1788 1203 natura
1813 1166 1913 1203 duce
1943 1178 2031 1215 pro-

101 1222 291 1272 positum,
319 1225 342 1260 a
370 1235 470 1272 quoq
500 1222 538 1260 in
566 1235 667 1273 quo,
695 1237 765 1273 per
792 1236 928 1273 quem,
958 1224 993 1260 δί
1021 1229 1181 1272 propter
1209 1233 1326 1270 quem
1356 1220 1488 1258 omnia
1510 1227 1617 1270 sunt,
1647 1222 1681 1258 δῖ
1710 1232 1848 1257 omnes
1874 1230 2031 1268 quoque

101 1278 157 1324 (vt
185 1276 313 1313 verbis
341 1284 493 1314 Vtamur
520 1277 717 1326 Apostoli)
744 1277 929 1326 viuimus,
970 1287 1194 1323 monemur,
1232 1276 1267 1312 ἅν
1305 1285 1449 1312 sumus.
1502 1274 1640 1322 Neque
1669 1273 1793 1310 solum
1822 1271 1862 1309 id
1890 1279 2028 1309 natura

101 1336 234 1367 nostra
262 1330 297 1366 &
327 1341 454 1367 rerum
483 1337 697 1368 creatarum
729 1330 903 1368 omnium
930 1336 1188 1377 contestatur„
1232 1327 1484 1366 verumetiam
1522 1334 1659 1364 natura
1692 1325 1769 1362 Dei
1802 1325 1934 1362 omnia
1962 1325 2031 1363 cir-

103 1383 317 1432 cumfulget
354 1383 494 1420 virtute
531 1382 770 1433 admirabili,
813 1384 849 1420 &
885 1383 968 1422 sine
1003 1381 1225 1420 testimonio
1260 1380 1339 1431 sui,
1380 1379 1587 1429 praecipue
1615 1379 1719 1429 apud
1747 1377 1949 1426 homines,
1991 1390 2031 1416 sc

103 1448 181 1472 non
212 1435 301 1473 sinit
327 1448 512 1485 vnquam.
558 1436 808 1486 Quapropter
843 1437 993 1474 Ielzomz
1029 1433 1222 1473 Hebraeis
1259 1435 1474 1483 appellatus
1504 1439 1581 1483 est,
1621 1439 1663 1470 vt
1695 1432 1761 1481 qui
1789 1431 1835 1469 sit
1865 1431 2031 1481 αὓτοὼν,

101 1495 142 1526 νῖ
170 1489 383 1537 loquuntur
412 1496 563 1538 patres:
603 1489 730 1539 ipsum
759 1502 827 1527 ens
855 1491 1098 1537 absolutum,
1135 1488 1186 1525 ad
1215 1487 1308 1525 nihil
1338 1493 1443 1525 extra
1470 1499 1510 1525 se
1540 1485 1767 1523 relationem
1798 1484 1968 1529 habens„
1997 1485 2032 1521 δε

101 1541 151 1579 ad
178 1553 294 1590 quem
324 1542 454 1579 onmia
483 1541 643 1580 omnino
673 1555 720 1580 ex
748 1542 975 1581 necessitate
1003 1543 1228 1579 referantur.
1270 1541 1391 1578 Hunc
1411 1548 1540 1577 autem
1568 1540 1685 1576 finem
1716 1550 1852 1575 omnes
1879 1537 2034 1574 duobus

102 1595 229 1632 modis
257 1595 446 1633 docemur
476 1608 741 1645 cognoscere:
785 1602 878 1646 puta
906 1594 1114 1632 vniuersali
1142 1601 1303 1632 naturae
1330 1595 1442 1643 luce,
1471 1594 1505 1631 δι
1534 1590 1734 1630 communi
1763 1589 2034 1628 testificatione

102 1647 312 1697 scripturae
341 1650 402 1686 vel
431 1648 549 1686 diuini
583 1648 714 1686 verbi:
759 1650 976 1687 secundum
1005 1660 1104 1697 quae
1132 1646 1355 1685 testimonia
1382 1658 1500 1683 nemo
1529 1653 1587 1683 est
1623 1644 1691 1694 qui
1719 1657 1797 1682 non
1835 1643 1882 1680 sit
1912 1642 2033 1680 dictu-

101 1713 185 1751 rus7
215 1701 245 1739 si
275 1703 395 1739 modo
423 1701 596 1739 animum
625 1709 762 1740 contra
790 1701 989 1740 veritatem
1017 1714 1097 1738 non
1127 1698 1415 1749 obfirmauerit5
1447 1700 1631 1736 Jelzouam
1659 1710 1760 1747 esse,
1790 1697 1825 1734 δι
1846 1694 2035 1745 cognosci

101 1761 302 1803 oportere,
332 1754 499 1804 denique
526 1756 575 1792 ad
603 1754 730 1805 ipsum
759 1754 945 1794 contendi
972 1762 1013 1793 vt
1038 1766 1174 1792 verum
1205 1755 1322 1791 finem
1350 1754 1557 1790 salutarem
1582 1758 1774 1789 nostrum.

155 1809 215 1844 Ac
242 1807 336 1845 illud
365 1808 522 1857 quidem
551 1808 730 1846 homines
758 1808 810 1858 pij
841 1809 876 1846 δε
905 1807 1065 1845 instituti
1094 1807 1133 1844 in
1162 1807 1283 1845 verbo
1308 1805 1383 1844 Dei
1406 1805 1518 1843 facile
1543 1806 1642 1842 ferre
1666 1810 1850 1854 possunt,
1879 1802 1959 1839 ime
1985 1801 2034 1839 de

102 1873 150 1898 eo
177 1860 313 1898 laetari
341 1873 429 1899 cum
459 1861 597 1899 animis
626 1861 729 1908 suis,
772 1862 802 1899 si
844 1863 978 1899 fratres
1022 1859 1160 1898 imbuti
1202 1859 1340 1898 eadem
1382 1858 1504 1909 gratia
1545 1859 1581 1896 δι
1618 1856 1815 1895 informati
1851 1854 2034 1904 singulari

102 1913 337 1952 reuelatione
368 1914 475 1965 eius,
516 1916 605 1952 cum
635 1915 707 1964 ipsi
735 1915 834 1952 inter
861 1928 921 1965 se7
966 1922 1046 1952 tum
1085 1912 1174 1963 ipsis
1212 1912 1536 1962 acclamauerint7
1578 1912 1727 1948 Eamus
1755 1911 1812 1947 ad
1834 1909 2032 1946 lehouam.

102 1966 184 2004 Etsi
225 1980 306 2005 non
351 1969 490 2005 desunt
514 1967 552 2005 in
581 1980 715 2006 eorum
749 1968 921 2018 ipsorum
951 1979 1115 2005 numero
1145 1967 1261 2016 (proh
1294 1967 1422 2014 dolor)
1451 1965 1518 2015 qui
1544 1964 1709 2014 perinde
1736 1962 1815 2000 acsi
1842 1963 1970 2000 Deum
1999 1962 2033 1999 &

101 2020 310 2069 mundum,
341 2022 376 2059 &
399 2028 576 2059 naturam
598 2020 671 2059 sibi
701 2021 791 2059 solis
819 2033 903 2059 esse
931 2027 1152 2070 oporteret,
1180 2019 1338 2069 indigne
1366 2020 1493 2057 ferunt
1521 2019 1622 2056 hanc
1649 2018 1778 2055 lucem
1800 2013 2035 2065 cognitionis

99 2072 224 2111 inesse
253 2073 330 2112 suis
358 2073 558 2124 fratribus,
597 2082 663 2112 aut
705 2077 809 2112 certe
849 2075 951 2112 hanc
991 2074 1186 2123 praeferre
1229 2080 1344 2122 atque
1386 2071 1568 2110 exhibere
1608 2069 1700 2120 ipsis
1738 2083 1784 2107 ex
1818 2066 1970 2119 pietatis
1998 2068 2033 2105 ἅ*

101 2126 298 2165 charitatis
322 2128 432 2177 lege:
457 2127 548 2175 Quo
575 2129 679 2166 malo
705 2136 885 2178 repurget
908 2126 1076 2177 gratiose
1099 2126 1295 2164 Dominus
1319 2127 1494 2163 membra
1515 2136 1604 2175 sua,
1628 2124 1663 2161 δι
1679 2134 1820 2173 corpus
1835 2120 2035 2159 Ecclesiae

101 2191 190 2218 suae
222 2179 359 2218 virtute
386 2180 562 2230 spiritus7
602 2193 718 2230 quem
746 2181 837 2219 iuris
865 2181 900 2218 &
928 2179 1078 2218 ardoris
1106 2179 1282 2229 spiritum
1311 2178 1348 2216 in
1379 2177 1577 2228 scripturis
1606 2175 1827 2227 appellauit.
1870 2175 2034 2212 Verum-

102 2238 234 2270 tamen
264 2233 294 2271 si
323 2235 423 2272 forte
452 2246 512 2271 res
540 2234 656 2272 nobis
685 2235 812 2272 futura
841 2241 899 2272 est
926 2246 1015 2272 cum
1050 2231 1275 2271 hominibus
1309 2231 1523 2281 eiusmodi,
1565 2230 1632 2279 qui
1666 2229 1902 2279 singularem
1929 2226 2035 2264 illam

100 2285 392 2335 inspirationem
423 2287 458 2324 δε
486 2286 762 2325 reuelationem
793 2286 938 2337 gratiae
967 2299 1048 2324 non
1077 2293 1166 2325 sunt
1188 2284 1322 2335 adepti
1349 2286 1371 2321 a
1398 2284 1594 2331 Domino„
1624 2282 1716 2332 quid
1742 2281 1824 2329 diff.
1841 2278 2036 2329 689)cturi

100 2337 259 2377 sumus?
303 2340 342 2378 Si
370 2339 600 2378 auctoritate
629 2340 840 2390 scripturae
869 2353 986 2390 quam
1014 2341 1169 2390 legunt,
1197 2337 1347 2388 dicant,
1375 2338 1526 2375 Eamus
1543 2337 1843 2385 adD02222>22mz‚
1871 2334 1940 2372 sed
1956 2345 2037 2370 non

102 2391 236 2430 dicant
264 2394 494 2440 commode,
524 2392 614 2442 quia
640 2406 720 2431 non
750 2392 992 2443 intelligunt:
1025 2393 1055 2431 si
1084 2391 1315 2430 auctoritate
1343 2397 1523 2440 naturae,
1552 2388 1731 2439 quamuis
1753 2401 1828 2426 nec
1852 2384 2037 2436 singulari

101 2445 339 2484 reuelatione
382 2446 562 2497 spiritus,
604 2459 678 2484 nec
707 2447 910 2484 communi
938 2445 1003 2483 illa
1032 2459 1079 2483 ac
1107 2443 1267 2495 publica
1295 2443 1566 2481 testificatione
1595 2442 1809 2492 scripturae
1838 2438 2036 2478 instructi:

102 2497 133 2535 si
161 2498 278 2548 igitur
305 2499 442 2537 natura
473 2500 573 2537 duce
602 2500 675 2537 hac
706 2507 838 2538 sancta
866 2498 1148 2538 acclamatione
1185 2504 1358 2547 vtentur,
1399 2497 1551 2536 Eamus
1580 2496 1637 2533 ad
1661 2496 1895 2542 Dominum7
1927 2492 2037 2541 quod

100 2550 288 2589 iudicium
331 2553 381 2590 de
420 2552 493 2590 illis
535 2550 701 2590 facturi?
743 2565 860 2602 quam
894 2551 1125 2590 sententiam
1154 2549 1268 2589 laturi
1296 2546 1455 2588 sumus?
1497 2551 1645 2587 Horret
1671 2548 1821 2586 animus
1850 2543 2038 2595 cogitanti

100 2603 285 2643 immania
313 2605 378 2643 illa
404 2604 568 2656 iudicia,
610 2613 794 2652 conatus5
831 2607 958 2654 facta7
996 2604 1137 2654 quibus
1167 2603 1233 2642 hic
1259 2603 1448 2653 mundus,
1486 2604 1522 2641 δι
1549 2603 1632 2652 ipse
1660 2600 1902 2639 Christianus
1930 2597 2038 2636 orbis

98 2658 185 2706 plus
213 2657 304 2696 satis
333 2657 586 2708 circumfluit,
628 2658 873 2708 Impietatem
911 2658 1041 2708 specie
1079 2656 1253 2707 pietatis„
1291 2655 1615 2694 inhumanitatem
1654 2653 1782 2704 specie
1821 2650 2036 2698 charitatis,

100 2710 322 2749 iniustitiam
363 2718 565 2762 praetextu
606 2711 698 2750 iuris
739 2711 840 2749 intus
882 2710 1067 2761 spirantia
1107 2711 1142 2747 ἃ
1177 2709 1272 2748 foris
1309 2709 1579 2748 contestantia.
1630 2707 1749 2756 Atqui
1780 2706 1829 2744 de
1857 2705 1916 2743 his
1946 2703 2037 2753 ipsis

101 2764 233 2801 laetari
270 2777 342 2801 nos
382 2771 578 2814 oporteret
618 2765 815 2815 singulos⁷
857 2767 891 2802 ἃ
921 2763 1138 2802 errantibus
1173 2765 1370 2800 lucernam
1410 2762 1652 2812 accendere3
1691 2773 1769 2798 non
1801 2757 2036 2846 offendicssila

1061 2829 1106 2866 52
1876 2825 1960 2860 llum]
1996 2822 2038 2846 US
