2334 3020
296 117 372 164 398
1001 123 1268 152 EIRENICI
1309 123 1451 150 PARS
1492 123 1517 150 1.

294 231 452 277 dolore,
482 229 512 267 si
541 229 701 278 quidem
730 231 820 267 vere
850 228 1058 267 Christiani
1088 242 1243 277 sumus,
1271 229 1310 267 in
1338 229 1414 268 isto
1442 229 1739 268 Christianitatis
1768 231 1903 268 funere
1932 243 1977 267 ac
2005 231 2120 268 busto
2138 244 2229 269 con-

294 282 541 320 tabescimus.
570 284 706 320 Ierem.
737 296 772 330 9.
809 296 839 319 1.
883 282 918 320 O
948 281 978 320 si
1007 282 1094 331 quis
1122 282 1231 321 daret
1260 290 1376 332 caput
1405 294 1535 320 meum
1564 295 1647 321 esse
1675 295 1817 333 aquas,
1845 284 1881 320 &
1911 284 2068 321 oculum
2098 295 2227 322 meum

293 334 565 385 scaturiginem
595 337 875 384 lacrymarum,
907 342 949 372 vt
975 335 1158 374 deflerem
1186 335 1355 374 interdiu
1385 337 1420 374 δε
1451 342 1570 373 1100111
1602 343 1659 373 101
1690 338 1862 374 funestos
1890 347 2002 374 casus
2032 336 2167 374 mundi
2194 339 2229 375 &

295 389 559 427 cruentissima
590 388 777 427 ecclesiae
806 389 985 437 vulnera,
1014 389 1137 438 intus,
1168 388 1280 439 foris,
1309 391 1331 426 a
1360 388 1606 437 domesticis,
1636 390 1686 427 ab
1711 389 1849 427 exteris
1876 388 2141 438 indignissime
2161 390 2229 427 im-

295 442 440 493 posita!
483 442 519 480 O
558 442 587 480 si
617 441 702 491 quis
730 448 894 491 poneret
923 454 986 479 me
1014 441 1053 479 in
1083 442 1257 491 deserto,
1294 442 1330 479 in
1361 441 1587 480 deuersorio
1616 441 1825 491 viatorum,
1854 449 1895 480 vt
1922 442 2231 492 derelinquerem

294 498 484 547 populum
525 496 641 534 istum
680 496 888 545 rebellem,
923 496 958 532 &
992 495 1141 533 abirem
1177 495 1226 532 ab
1263 508 1311 533 eo
1351 494 1583 544 migraturus
1611 495 1661 533 ad
1691 495 1895 534 dominum
1924 507 2073 545 meum,
2100 497 2229 534 Deum

294 549 464 587 veritatis
507 561 606 598 quae
649 549 796 597 exulat,
841 550 875 586 81
910 549 1039 586 Deum
1077 548 1182 597 pacis
1222 560 1321 597 quae
1349 551 1372 586 a
1401 547 1486 586 filiis
1514 547 1619 597 pacis
1647 549 1915 598 oppugnatur!
1960 548 2075 586 Libet
2103 549 2229 598 enim,

295 603 474 652 adeoque
503 600 733 640 iustissimus
765 602 880 639 dolor
908 601 1014 649 cogit
1041 613 1105 639 me
1133 611 1336 650 erumpere
1364 601 1403 638 in
1418 601 1482 638 illa
1498 600 1685 639 Ieremiae
1701 603 1921 651 Prophetae
1937 603 2072 639 verba:
2090 602 2230 650 quibus

295 658 488 695 funestum
515 655 638 705 gentis
668 667 779 703 suae,
808 668 854 692 ac
882 653 1009 703 potius
1037 654 1187 704 priscae
1215 653 1314 693 illius
1337 654 1524 693 ecclesiae
1539 661 1680 693 statum
1697 656 1938 704 deplorabat.
1969 656 2070 692 Nam
2087 655 2116 692 si
2132 656 2230 692 11360

295 717 472 758 tempora
502 720 592 746 cum
620 708 692 746 illis
720 720 968 758 comparem,
998 706 1161 746 omnino
1190 714 1318 746 statuo
1346 707 1411 745 illa
1440 714 1569 745 vetera
1597 714 1809 757 Vtcumque
1837 707 1978 745 fuerint
2002 707 2162 758 misera,
2179 709 2228 746 ab

293 762 351 801 his
379 761 520 800 nostris
551 761 658 800 omni
688 762 880 799 malorum
907 773 1073 811 genere,
1101 767 1143 798 vt
1171 761 1261 799 011111
1288 760 1476 811 maxime,
1505 760 1694 811 superari:
1725 760 1878 810 Quibus
1906 772 2034 810 neque
2056 761 2107 799 ad
2131 773 2230 799 sum-

295 828 402 854 mum
433 816 475 864 (f.
504 816 596 864 679)
625 815 719 853 illud
750 817 785 853 &
816 814 971 852 vnicum
1004 816 1092 852 vere
1121 815 1271 852 bonum
1299 813 1499 853 communi
1529 813 1657 853 studio
1684 822 1752 853 aut
1779 815 1862 853 zelo
1890 813 2043 864 priuato
2072 820 2230 853 conten—

295 868 418 908 ditur.
456 881 582 918 neque
611 867 672 905 via
701 875 806 906 certa
834 867 884 905 ad
911 867 1005 905 illud
1034 867 1254 917 pertinente
1283 866 1485 917 insistitur,
1513 878 1641 917 neque
1668 867 1820 917 pietatis
1848 867 1947 906 ratio
1975 873 2066 905 ante
2094 867 2231 906 mundi

294 922 465 974 peruersi
506 923 644 960 oculos
678 928 873 971 versatur,
908 932 1036 970 neque
1071 921 1271 959 inclinatio
1309 921 1359 959 ad
1388 919 1571 958 iustitiam
1599 921 1738 969 vllam,
1767 932 1894 970 neque
1920 932 2033 958 amor
2059 920 2230 959 veritatis

295 976 345 1015 ad
372 975 504 1013 omnia
532 975 628 1014 haec
658 974 936 1023 consequenda
965 974 1212 1023 tenendaque
1244 973 1575 1024 pernecessariae,
1604 986 1733 1023 neque
1761 973 1991 1024 prudentiae
2019 974 2159 1012 modus
2179 973 2231 1012 ad

295 1029 497 1080 publicum
525 1028 798 1078 priuatfimque
827 1029 976 1066 bonum
1004 1026 1044 1065 in
1074 1040 1171 1077 pace
1199 1030 1233 1066 &
1262 1026 1519 1065 sanctimonia
1548 1028 1881 1077 promouendum:
1912 1027 1988 1065 Sed
2017 1028 2154 1065 contra
2175 1030 2231 1074 (vt

294 1082 421 1121 verbis
448 1083 661 1132 prophetae
690 1087 842 1119 Vtamur
869 1081 985 1130 (Psal.
1018 1094 1077 1127 14.
1107 1081 1161 1130 3.)
1188 1093 1326 1119 omnes
1355 1079 1517 1119 omnino
1546 1087 1802 1131 corrumpunt
1824 1080 1905 1119 vias
1922 1079 2084 1131 suas,in
2100 1086 2230 1118 mente

294 1136 466 1186 ipsorum
504 1134 741 1185 impietatem
779 1136 930 1183 colunt,
969 1136 1004 1172 &
1038 1133 1322 1173 abominandas
1359 1133 1533 1172 actiones
1562 1134 1695 1172 animo
1723 1140 1968 1184 perpetrant,
1996 1132 2121 1183 reipsa
2148 1145 2229 1172 non

296 1198 352 1229 est
381 1190 446 1240 qui
473 1189 590 1227 faciat
619 1190 769 1227 bonum
798 1187 870 1226 sibi
899 1186 993 1236 ipsi,
1021 1188 1167 1225 nedum
1197 1188 1303 1226 fratri
1331 1189 1367 1226 &
1397 1198 1589 1225 conseruo
1619 1198 1703 1226 suo.

347 1245 393 1281 In
421 1244 495 1281 hac
524 1249 631 1280 tanta
661 1248 788 1291 strage
816 1240 1004 1290 ruinaque
1031 1240 1241 1280 miserabili
1274 1241 1380 1279 orbis
1407 1239 1637 1291 Christiani,
1667 1251 1784 1289 quem
1808 1252 1877 1278 sua
1899 1239 2018 1290 ipsius
2034 1240 2229 1290 membra,

293 1304 378 1335 tum
411 1297 599 1335 aduersus
636 1295 780 1345 seipsa,
818 1301 901 1332 tum
939 1295 1032 1332 vere
1070 1293 1170 1332 inter
1205 1307 1246 1332 se
1273 1292 1507 1345 pugnantia,
1536 1293 1762 1343 praesertim
1790 1292 1987 1344 religionis
2015 1293 2050 1330 &
2078 1291 2230 1343 pietatis

296 1349 478 1397 nomine,
520 1350 691 1387 lacerant
731 1346 1022 1397 indignissime,
1064 1349 1100 1385 &
1136 1350 1255 1397 porro
1292 1347 1588 1397 pessumdatura
1624 1354 1735 1397 sunt,
1764 1346 1837 1385 nisi
1864 1346 2040 1385 salutaris
2066 1348 2090 1384 a
2118 1347 2229 1384 03610

297 1415 434 1442 111311115
461 1402 537 1441 Dei
565 1401 700 1440 fecerit
727 1401 980 1439 medicinam:
1022 1400 1129 1448 Quid
1157 1413 1333 1451 agerem,
1362 1400 1435 1439 nisi
1461 1408 1503 1438 vt
1532 1402 1669 1439 0011105
1696 1412 1806 1438 111605
1832 1400 1871 1438 111
1899 1401 2051 1438 036111111
2079 1400 2229 1437 attolle-

295 1470 377 1495 rem
418 1457 470 1494 ad
504 1457 634 1493 Deum
664 1454 795 1492 salutis
823 1460 1000 1504 nostrae,
1028 1455 1064 1492 &
1092 1454 1157 1491 illa
1186 1467 1295 1492 arma
1322 1453 1478 1492 militiae
1506 1460 1662 1492 nostrae
1691 1453 1873 1503 spiritalia
1901 1452 2060 1491 caelitus
2090 1451 2231 1490 emissa

297 1509 552 1559 corriperem,
595 1515 636 1546 vt
677 1507 716 1545 in
754 1507 830 1546 Dei
864 1507 1025 1545 nomine
1064 1507 1141 1555 (cui
1169 1507 1319 1557 seruio,
1352 1509 1387 1546 &
1421 1505 1621 1545 Ecclesiae
1658 1506 1874 1545 catholicae
1903 1505 1984 1544 eius
2012 1506 2229 1545 secundum

294 1563 437 1614 ipsum)
465 1564 600 1600 fratres
629 1574 757 1611 meos,
787 1561 822 1598 &
847 1561 1023 1599 membra
1051 1560 1214 1611 Christi,
1243 1568 1322 1598 tam
1351 1572 1450 1610 quae
1478 1568 1620 1599 vocata
1635 1562 1921 1608 sancta,quam
1936 1572 2036 1608 quae
2051 1559 2230 1597 vocanda

294 1629 364 1667 per
391 1616 465 1654 Dei
493 1614 674 1665 gratiam,
706 1627 885 1652 sermone
913 1614 948 1650 &
978 1615 1157 1663 exemplo
1186 1614 1232 1663 (si
1259 1613 1353 1663 quid
1383 1614 1563 1662 exemplo
1591 1615 1766 1663 possum)
1795 1614 1846 1650 ad
1873 1625 2011 1662 pacem
2027 1611 2229 1650 vnitatem-

295 1682 371 1720 que
399 1668 553 1719 spiritus
581 1680 786 1713 reuocem,
816 1667 856 1705 in
884 1667 1031 1705 vnitate
1059 1667 1236 1717 corporis
1264 1666 1365 1704 illius
1392 1667 1501 1716 quod
1530 1668 1637 1705 Deus
1666 1666 1830 1704 redemit
1859 1664 2046 1715 sanguine
2070 1661 2167 1703 suo?

348 1724 478 1771 Quam
517 1722 567 1759 ad
604 1734 687 1759 rem
721 1721 889 1770 primilm
926 1721 1055 1758 Deum
1092 1719 1405 1770 omnipotentem
1435 1733 1506 1758 oro
1535 1721 1717 1769 supplex,
1747 1721 1900 1757 Patrem
1928 1717 2080 1757 domini
2106 1717 2230 1756 nostri

295 1778 382 1814 Iesu
412 1774 576 1824 Christi,
607 1787 653 1813 ex
683 1786 761 1823 (1110
790 1773 916 1811 01111115
945 1773 1129 1823 cognatio
1167 1773 1390 1811 nominatur
1417 1773 1455 1811 in
1485 1774 1595 1811 caelo
1625 1775 1660 1811 ἃ
1688 1779 1808 1821 16113,
1836 1773 1965 1810 Deum
1995 1771 2166 1809 veritatis
2195 1773 2231 1809 &

295 1829 418 1879 pacis,
447 1836 488 1866 vt
516 1828 667 1866 abiecta
696 1827 845 1865 ratione
873 1834 1124 1876 peccatorum
1155 1833 1212 1865 tot
1240 1827 1275 1863 &
1303 1833 1525 1875 tantorum,
1550 1825 1690 1876 quibus
1720 1826 1961 1863 maiestatem
1982 1824 2226 1874 ipsius&alij

295 1882 390 1920 alios
428 1883 513 1931 plus
550 1881 642 1919 satis
680 1880 931 1930 offendimus,
961 1879 1161 1918 veritatem
1190 1891 1301 1918 suam
1329 1880 1571 1918 demonstret
1600 1878 1837 1927 errantibus,
1867 1879 1902 1916 ἃ
1930 1891 2063 1916 veram
2091 1890 2229 1927 pacem

292 1935 394 1974 intus
425 1936 461 1973 &⁷
489 1934 583 1973 foris
611 1933 799 1981 stabiliat,
828 1932 906 1982 11113
932 1932 994 1982 alij
1023 1932 1120 1971 alios
1149 1935 1269 1982 ferre,
1299 1933 1334 1970 &
1363 1945 1499 1971 omnes
1514 1933 1565 1970 ad
1589 1934 1719 1970 Deum
1741 1932 1981 1970 contendere
2004 1943 2083 1969 vno
2097 1931 2230 1968 animo

294 1988 486 2039 possimus
516 1987 553 2025 in
584 1987 740 2026 Christo
769 1989 856 2025 Iesu
885 1986 1135 2036 redemptore
1163 1987 1198 2023 &
1227 1992 1425 2024 seruatore
1453 1992 1602 2024 nostro.
1631 1985 1785 2023 Deinde
1814 1987 1907 2023 vero
1935 1985 2072 2022 fratres
2093 1996 2230 2022 omnes

293 2055 422 2090 meos,
461 2043 595 2079 fratres
626 2041 815 2090 (inquam)
845 2042 880 2078 &
909 2039 1115 2078 vniuersali
1141 2046 1310 2077 naturae
1336 2040 1443 2089 lege,
1473 2041 1508 2077 &
1537 2037 1738 2077 communi
1765 2037 1973 2077 vocatione
2001 2036 2167 2087 gratiae,
2195 2038 2231 2075 &

294 2095 478 2145 singulari
506 2094 660 2144 spiritus
689 2092 1066 2143 communicatione,
1095 2099 1254 2142 rogatos
1282 2093 1374 2130 volo
1404 2094 1519 2142 (1113111
1550 2091 1842 2142 diligentissime
1870 2103 1940 2140 per
1962 2102 2132 2129 summas
2147 2089 2231 2128 illas

293 2148 367 2187 Dei
409 2148 697 2196 miserationes,
742 2158 842 2196 (11136
883 2146 998 2184 nobis
1038 2145 1216 2196 perituris
1253 2146 1500 2195 affulserunt,
1537 2146 1572 2182 ἃ
1611 2145 1739 2183 adhuc
1766 2157 1839 2183 nos
1867 2144 2165 2193 circumfulgent
2191 2143 2231 2181 in

295 2201 404 2240 malis
433 2200 575 2240 nostris
603 2201 719 2250 (proh
748 2200 880 2248 dolor)
908 2206 1136 2249 pereuntes:
1164 2198 1195 2236 si
1223 2211 1300 2248 qua
1329 2205 1385 2237 est
1414 2197 1633 2237 consolatio
1663 2197 1702 2236 in
1731 2198 1908 2247 Christo,
1938 2197 1969 2235 si
1998 2197 2107 2246 quod
2133 2197 2230 2234 sola-

295 2256 391 2294 tium
434 2253 651 2304 charitatis,
694 2253 723 2292 si
760 2265 836 2303 qua
874 2252 1100 2290 communio
1138 2251 1313 2303 spiritus,
1353 2252 1383 2290 si
1412 2263 1513 2301 quae
1540 2251 1690 2290 viscera
1719 2264 1765 2289 ac
1795 2250 2084 2300 miserationes,
2113 2256 2154 2288 vt
2181 2249 2230 2287 de

297 2308 491 2358 explendo
535 2314 758 2345 sanctorum
801 2305 946 2356 gaudio
989 2317 1145 2344 mecum
1187 2306 1368 2344 laborent
1405 2304 1718 2354 diligentissime,
1746 2310 1788 2342 vt
1814 2304 1951 2342 itidem
1979 2303 2054 2341 sint
2081 2301 2231 2350 affecti,

297 2362 462 2400 eandem
499 2360 727 2399 charitatem
764 2360 974 2409 habentes,
1009 2359 1211 2396 vnanimes
1248 2361 1283 2397 &
1312 2358 1512 2396 sententiis
1540 2358 1624 2409 vni,
1652 2357 1748 2395 nihil
1773 2363 1952 2407 gerentes
1979 2369 2049 2407 per
2073 2361 2231 2394 conten-

298 2415 447 2453 tionem
475 2420 541 2452 aut
569 2427 638 2464 per
667 2413 824 2452 inanem
857 2411 1043 2464 gloriam,
1073 2413 1141 2449 sed
1167 2425 1214 2450 ex
1243 2411 1434 2450 modestia
1463 2411 1524 2460 alij
1541 2411 1638 2449 alios
1653 2410 1726 2449 sibi
1740 2417 1936 2460 praestare
1951 2408 2231 2458 existimantes,

297 2468 461 2517 quisque
496 2480 578 2506 non
614 2478 682 2505 sua
717 2473 916 2516 spectent,
950 2465 1019 2503 sed
1049 2464 1164 2503 etiam
1193 2477 1292 2514 quae
1321 2471 1408 2502 sunt
1437 2464 1620 2503 aliorum:
1661 2463 1841 2513 Denique
1869 2463 1900 2501 is
1929 2462 1976 2501 sit
2003 2463 2164 2500 affectus
2192 2460 2232 2499 in

296 2521 411 2559 nobis
440 2520 622 2559 omnibus
650 2519 717 2569 qui
745 2519 785 2557 in
816 2518 973 2557 Christo
1001 2520 1113 2567 Iesu,
1140 2519 1246 2556 velut
1262 2517 1609 2568 capite&summo
1627 2516 1838 2566 exemplari
1851 2523 2000 2554 nostro.
2029 2516 2234 2553 Postremo

297 2582 444 2622 31116111,
475 2573 565 2623 (11113
593 2574 642 2612 (16
670 2574 748 2611 hoc
774 2573 861 2622 ipso
890 2578 1143 2621 argumento,
1173 2571 1267 2609 dum
1294 2571 1426 2608 omnia
1453 2569 1553 2608 inter
1578 2569 1819 2608 Christianos
1842 2568 1981 2607 misere
1996 2567 2234 2606 clamoribus

298 2629 333 2664 ἃ*
365 2626 712 2665 vociferationibus
739 2624 1073 2675 impotentissimis
1101 2630 1333 2674 personant,
1364 2622 1510 2662 artibus
1538 2629 1781 2670 euertuntur,
1810 2624 1845 2660 &
1873 2627 2122 2660 cruentantur
2149 2632 2234 2657 cae-

300 2682 415 2719 dibus
445 2679 629 2719 constitui
657 2680 876 2717 secundum
904 2680 1034 2716 Deum
1062 2690 1110 2715 ex
1138 2675 1381 2715 sanctissimo
1396 2676 1514 2726 ipsius
1529 2676 1650 2713 verbo
1666 2675 1813 2724 aliquid
1827 2673 2232 2724 pronunciare,quod

299 2734 514 2771 secundum
543 2731 744 2770 veritatem
773 2733 808 2769 ἃ
837 2731 1066 2769 0113111316111
1094 2732 1228 2778 (quam
1256 2729 1439 2768 omnibus
1459 2729 1664 2778 imperauit
1686 2729 1810 2776 Deus)
1825 2727 1876 2765 ad
1891 2726 2091 2765 vtilitatem
2109 2724 2231 2774 publi-

303 2800 390 2824 cam
431 2786 562 2824 iudico
597 2785 809 2835 pertinere!
853 2786 948 2823 Peto
983 2784 1034 2822 ab
1071 2782 1254 2824 omnibus
1281 2783 1317 2820 81
1346 2781 1505 2832 singulis
1534 2783 1653 2831 quarn
1680 2792 1840 2830 possum
1867 2779 2147 2828 amantissime,
2181 2790 2230 2869 133

2134 2842 2201 2880 (1111
