2334 3020
842 106 1112 134 EIRENICI
1153 107 1294 134 PARS
1344 106 1369 133 1.
2000 110 2073 144 441

135 214 193 253 dis
230 217 266 253 &
303 215 426 252 fulcra
455 212 655 252 firmandis
691 212 735 252 iis
771 213 975 251 admoueri
1011 220 1230 263 oporteret,
1267 214 1301 252 δι
1346 214 1450 251 faces
1489 212 1741 254 illustrandis,
1781 214 1883 251 Nam
1923 213 1982 251 his
2012 214 2077 251 ab·

134 267 259 306 surdis
294 279 394 316 quae
431 279 480 305 ne
515 279 585 316 per
620 266 817 304 somnium
855 267 1014 315 quidem
1056 266 1148 316 ipsis
1176 265 1215 303 in
1246 273 1416 304 mentem
1445 274 1654 304 venerunt.
1686 265 1867 304 iniuriam
1897 266 1970 304 sibi
1996 266 2078 304 fieri

134 321 344 359 clamitant.
382 320 512 369 itaque
541 320 733 357 clamores
764 320 860 357 vltro
890 319 1066 369 citroque
1094 319 1316 367 audiuntur,
1346 318 1538 366 conuicia„
1563 319 1839 366 contumeliae„
1856 319 2077 369 maledicta7

134 374 277 424 scripta
303 373 420 411 etiam
449 373 736 423 profunduntur
764 373 823 410 his
852 373 967 410 rebus
982 372 1165 410 omnibus
1182 372 1496 419 instructissima,
1521 373 1661 422 quibus
1677 372 1888 422 animiqua
1904 373 1983 411 iure
2001 385 2080 422 qua

133 427 270 465 iniuria
299 428 580 465 obfirmantur:
611 427 653 474 (f.
685 427 775 474 716)
805 426 874 463 sed
903 426 997 463 nihil
1027 427 1075 464 de
1103 438 1207 476 penu
1235 425 1452 469 charitatis,
1482 438 1605 475 pauca
1620 426 1669 464 de
1685 427 1793 464 fonte
1810 425 2003 471 veritatis„
2032 438 2079 463 ex

133 492 212 528 quo
240 480 278 517 in
307 479 572 529 praeiudicata
594 479 643 516 de
664 479 860 529 personis‚
888 479 1101 527 mentibus„
1118 479 1382 526 sermonibus,
1398 479 1618 517 actionibus
1634 479 1805 529 ipsorum
1823 478 2077 517 traducimur.

133 535 220 572 Imo
250 533 375 582 (quod
403 533 519 582 longe
550 532 835 581 grauissimum)
865 531 895 570 si
923 533 990 582 qui
1021 532 1178 570 veritate
1209 532 1297 570 victi
1327 532 1501 582 cogitent
1525 532 1606 571 sine
1622 532 1838 582 ignominia
1853 531 2015 570 transire
2030 533 2080 569 ad

135 586 357 630 veritatem
387 585 606 623 inuidemus
635 586 790 624 Christo
821 586 998 635 laudem,
1025 587 1206 624 volumus
1236 585 1390 634 vicisse,
1422 587 1456 623 &
1486 595 1646 635 tropaea
1674 586 1829 624 illorum
1848 585 2079 632 nobis,n0n

135 639 290 678 Christo
323 638 520 688 cupimus:
552 651 631 688 quo
661 640 918 677 obfirmantur
947 639 1096 685 miseri„
1126 652 1173 676 ne
1203 652 1272 687 per
1302 651 1372 677 nos
1403 639 1585 677 dicantur
1613 639 1814 689 pudefieri.
1859 639 2077 688 Quousque

134 693 315 740 tandem,
345 692 368 731 ὃ
399 693 534 730 fratres
563 692 601 730 in
633 692 788 730 Christo
818 691 1077 734 dilectissima
1107 704 1312 742 quousque
1341 694 1546 730 abutemur
1573 691 1759 742 patientia
1782 691 1858 731 Dei
1873 705 1944 730 nos
1961 691 2078 730 studi-

135 746 309 784 osissime
345 745 395 783 ad
430 745 632 784 veritatem
675 758 784 783 suam
825 745 862 783 in
909 746 1095 784 charitate
1138 747 1172 784 ἃ
1216 745 1430 784 humilitate
1473 745 1694 784 reuocantis
1733 748 1767 785 δε
1804 747 1854 784 ad
1893 745 2079 783 vnitatem

135 799 335 837 Ecclesiae
377 795 494 837 suae?
528 811 732 848 quousque
771 799 1130 848 perturbationibus
1166 799 1387 837 animorum
1418 809 1642 837 nostrorum
1675 799 1846 838 sinemus
1879 812 1974 847 nos,
2003 801 2081 848 qua

134 854 364 903 prudentes,
394 854 472 902 qua
500 852 766 901 imprudentes
795 850 942 902 abripi?
972 865 1177 902 quousque
1207 852 1386 890 dabimus
1416 865 1578 902 operam
1610 859 1648 890 vt
1677 854 1739 900 alij
1770 853 1853 891 aliis
1876 861 2081 902 extorque-

133 917 244 944 amus
272 907 439 944 formam
468 905 574 943 illam
602 913 823 954 externam,
852 918 970 954 quam
998 907 1104 943 Deus
1132 905 1340 943 nobiscum
1371 906 1541 956 gratiose
1570 907 1605 943 δι
1635 919 1724 944 cum
1741 906 1923 944 fratribus
1941 906 2082 945 nostris

135 956 426 997 communicat?
468 961 551 997 Iam
594 961 680 1009 plus
720 958 810 996 satis
845 959 970 997 aliena
1006 960 1113 997 bona
1152 959 1380 1009 minuimus,
1412 961 1513 997 mala
1541 959 1886 1008 amplificauimus,
1915 960 1949 997 δι
1979 972 2084 997 noua

134 1012 292 1063 insuper
332 1011 688 1062 accumulauimus,
735 1019 774 1050 vt
808 1012 1034 1060 deijciamus
1078 1025 1178 1062 quos
1206 1026 1253 1049 ex
1281 1013 1468 1050 mandato
1498 1012 1572 1049 Dei
1602 1025 1723 1062 opera
1752 1022 1886 1051 nostra
1910 1011 2084 1062 oportuit

136 1065 242 1116 erigi.
288 1065 393 1114 Quin
430 1066 559 1116 potius
595 1065 845 1116 agnoscimus
872 1065 1139 1104 testimonium
1167 1066 1336 1103 Iehouae
1364 1066 1469 1114 apud
1499 1066 1572 1104 hos
1601 1066 1635 1103 &
1663 1066 1752 1104 illos
1781 1079 1886 1114 esse5
1915 1066 1952 1104 in
1983 1078 2084 1115 quos

135 1118 264 1157 infesti
291 1117 462 1157 ruimus?
492 1118 596 1167 Quin
627 1119 804 1157 videmus
837 1120 1017 1157 Israelem
1046 1131 1148 1161 esse,
1177 1130 1454 1168 quemcunque
1482 1120 1589 1156 Deus
1618 1119 1802 1157 informat
1829 1119 1868 1157 in
1898 1118 1957 1157 sui
1985 1118 2085 1156 illius

136 1172 346 1222 testimonij
385 1169 766 1211 communicatione?
810 1172 916 1220 Quin
957 1171 1151 1210 cernimus
1179 1171 1321 1210 eodem
1350 1171 1448 1210 alios
1477 1172 1717 1210 contendere
1746 1180 1864 1222 atque
1894 1185 1966 1210 nos
1995 1172 2085 1209 faci-

137 1237 241 1273 mus„
283 1240 330 1264 ac
368 1226 418 1264 de
456 1226 731 1275 amplectendo
758 1227 931 1264 Iehouae
961 1225 1185 1264 testimonio
1216 1225 1502 1274 retinendoque
1528 1222 1734 1264 laborare?
1777 1225 1883 1274 Quin
1913 1225 2085 1263 animad-

136 1279 324 1318 uertimus
351 1278 439 1317 illos
450 1308 461 1327 .,
490 1281 639 1328 absque
667 1278 781 1317 nobis
798 1288 897 1317 esset
913 1279 978 1328 qui
994 1279 1216 1328 importune
1232 1278 1333 1316 inter
1347 1291 1420 1317 nos
1436 1279 1699 1328 obstrepimus
1711 1309 1719 1324 ,
1735 1280 1786 1317 ad
1802 1279 2083 1317 celebrandum

138 1345 284 1371 nomen
322 1332 485 1370 Domini
521 1330 780 1370 concurrere?
818 1332 989 1370 sinamus
1017 1331 1146 1382 potius
1174 1331 1282 1379 illos,
1312 1345 1381 1381 per
1407 1333 1537 1370 Deum
1567 1332 1846 1382 immortalem,
1875 1332 1913 1370 in
1944 1331 2086 1370 sanctis

134 1386 193 1424 his
221 1385 357 1424 studiis
385 1386 592 1435 occupari,
621 1387 656 1424 δι
687 1387 836 1424 bonum
863 1385 1020 1424 illorum
1049 1385 1220 1424 studium
1252 1385 1472 1423 Christiana
1487 1385 1696 1435 prudentia
1711 1386 1812 1424 duce
1827 1385 1935 1424 omni
1951 1385 2082 1423 studio

135 1439 404 1489 industriaque
432 1439 684 1477 adiuuemus:
715 1450 843 1488 neque
872 1439 1183 1488 committamus,
1211 1445 1253 1476 vt
1281 1440 1385 1477 facto
1415 1446 1551 1477 nostro
1580 1441 1604 1476 a
1637 1438 1754 1477 bonis
1783 1438 1963 1477 institutis
1991 1450 2082 1476 auo-

136 1500 294 1543 centur7
324 1500 442 1542 atque
470 1492 521 1530 ad
550 1494 652 1530 mala
680 1492 946 1539 inardescant„
976 1500 1093 1542 prout
1120 1492 1159 1530 in
1183 1491 1505 1530 contentionibus
1522 1492 1701 1530 humanis
1718 1492 1927 1541 plurimfim
1943 1490 2084 1530 euenit.

135 1547 215 1586 Cur
242 1547 292 1584 de
319 1545 618 1584 circumstantiis
646 1557 776 1584 rerum
799 1559 1038 1596 magnopere
1052 1545 1298 1593 laboremus„
1315 1546 1350 1583 &
1368 1545 1564 1584 Ecclesias
1581 1545 1842 1595 imprudentia
1855 1545 2084 1596 grauissima

134 1601 233 1639 inter
274 1612 314 1638 se
352 1596 668 1637 committamus?
710 1600 790 1638 Cur
824 1599 941 1638 etiam
970 1606 1134 1649 propter
1161 1598 1337 1637 actiones
1366 1599 1511 1648 varias,
1542 1599 1573 1637 si
1602 1612 1697 1649 quas
1726 1598 2019 1649 improbamus,
2049 1599 2084 1635 δε

135 1653 262 1703 reipsa
288 1652 574 1702 improbandae
602 1660 710 1703 sunt,
736 1652 901 1702 perinde
931 1665 1114 1691 censores
1142 1664 1304 1702 agamus
1333 1652 1372 1690 in
1399 1654 1535 1691 fratres
1563 1659 1736 1700 nostros,
1762 1667 1808 1691 ac
1833 1652 1865 1691 si
1881 1658 2083 1691 momento

134 1706 241 1756 apud
268 1706 357 1745 illos
385 1713 469 1744 tota
497 1706 674 1744 Ecclesia
702 1704 961 1745 concidisset?
990 1707 1054 1744 An
1083 1718 1176 1756 ergo
1206 1705 1472 1745 existimamus
1494 1705 1670 1744 actiones
1694 1706 1900 1745 hominum
1917 1707 2085 1744 formam

136 1759 337 1798 Ecclesiae
367 1755 473 1798 esse?
501 1760 654 1797 Effecta
682 1767 771 1798 sunt
800 1762 835 1798 &
864 1759 1144 1809 consequentia
1171 1758 1288 1805 illius;
1319 1759 1355 1797 &
1383 1759 1526 1809 quibus
1555 1758 1736 1798 homines
1759 1759 1921 1809 quidem
1947 1769 2087 1809 possu-

135 1826 221 1852 mus
263 1825 505 1863 cognoscere
548 1812 740 1863 singulos:
783 1813 853 1851 sed
894 1812 925 1852 si
961 1812 1180 1851 Ecclesiam
1218 1811 1437 1851 iudicamus
1467 1826 1582 1861 mox,
1611 1813 1661 1851 ad
1690 1825 1829 1851 eorum
1857 1820 1985 1851 castra
2014 1824 2088 1849 nos

136 1867 377 1916 transfugere
407 1866 530 1915 (quod
556 1866 672 1915 absit)
703 1873 922 1917 oporteretq
951 1865 1018 1916 qui
1044 1866 1194 1904 nullam
1223 1865 1442 1904 Ecclesiam
1471 1866 1511 1904 in
1535 1867 1609 1904 hac
1624 1866 1703 1904 vita
1719 1865 1895 1904 iudicant
1911 1864 2089 1903 existere.

137 1920 217 1958 Cur
245 1919 363 1959 etiam
391 1919 440 1957 de
466 1918 643 1969 personis
672 1921 707 1958 &
736 1932 870 1958 earum
897 1919 1107 1970 dignitate,
1123 1918 1282 1967 ordine,
1298 1919 1530 1958 auctoritate
1546 1919 1712 1969 tuenda,
1728 1918 1781 1958 ita
1797 1918 2089 1967 contendimus,

135 1981 177 2011 vt
206 1972 236 2011 si
265 1980 373 2011 extra
395 1973 500 2010 hunc
528 1979 594 2011 aut
620 1973 730 2011 illum
757 1973 956 2012 Ecclesiae
982 1973 1146 2011 modum
1175 1985 1258 2010 non
1280 1981 1380 2011 esset
1395 1970 1595 2011 Ecclesia?
1626 1972 1823 2022 Equidem
1846 1985 1927 2011 non
1958 1972 2088 2022 probo

136 2027 187 2065 ab
221 2026 294 2064 illis
334 2025 530 2064 Ecclesias
559 2025 702 2064 scindi:
741 2027 810 2065 sed
847 2039 896 2064 ne
926 2028 1004 2065 hoc
1040 2025 1202 2075 quidem
1233 2027 1382 2076 probo,
1411 2033 1452 2064 vt
1494 2025 1561 2075 qui
1595 2025 1778 2064 scindunt
1812 2025 2016 2064 inscientia
2054 2025 2090 2062 &

135 2079 357 2117 infirmitate
385 2090 472 2130 sua,
502 2079 525 2128 ij
557 2079 720 2118 scientia
746 2081 782 2118 &
811 2080 1040 2118 auctoritate
1061 2087 1128 2117 tua
1151 2092 1198 2117 ac
1223 2079 1352 2129 potius
1367 2079 1574 2129 tyrannide
1590 2078 1780 2129 (quisquis
1795 2084 1849 2128 es)
1881 2078 1933 2117 ita
1948 2077 2089 2116 rescin-

137 2133 289 2171 dantur.
335 2131 375 2170 Si
412 2132 517 2171 enim
551 2133 789 2179 Ecclesiam,
825 2132 865 2171 in
893 2145 970 2183 qua
998 2145 1132 2172 versor
1162 2145 1232 2182 per
1259 2132 1335 2170 Dei
1363 2132 1548 2183 gratiam,
1577 2131 1633 2170 illi
1659 2145 1742 2171 non
1770 2131 2022 2182 agnouerint:
2053 2137 2094 2168 at

137 2185 233 2224 mihi
259 2192 390 2224 tamen
418 2186 496 2224 hoc
523 2192 700 2235 tempore
730 2186 821 2225 satis
849 2187 1022 2225 futurum
1047 2192 1124 2232 est,
1154 2184 1185 2223 si
1211 2185 1345 2224 videro
1370 2185 1540 2236 aliquam
1559 2185 1704 2224 Christi
1719 2185 1939 2224 Ecclesiam
1953 2185 2003 2223 ab
2019 2183 2092 2222 illis

137 2239 318 2289 agnosci:
354 2244 395 2276 vt
429 2252 512 2290 me,
543 2246 583 2277 vt
621 2240 724 2278 hanc
766 2247 832 2278 aut
859 2239 966 2278 illam
993 2238 1213 2278 Ecclesiam
1241 2246 1476 2289 agnoscant⁷
1500 2251 1580 2277 non
1609 2252 1849 2289 magnopere
1878 2239 2093 2285 laborabo,

137 2293 260 2331 modo
288 2299 504 2342 agnoscant
537 2291 752 2331 Christum:
783 2305 854 2343 pro
884 2300 990 2332 certo
1021 2293 1188 2339 habens„
1218 2292 1249 2330 si
1292 2292 1332 2330 in
1363 2292 1520 2331 Christo
1559 2292 1746 2341 paulatim
1788 2293 2093 2339 confirmentur,

137 2347 221 2384 fore
244 2353 286 2384 vt
314 2346 547 2384 confirmato
575 2346 714 2385 mentis
744 2347 861 2385 oculo
891 2360 953 2385 me
983 2347 1018 2384 δε
1046 2345 1144 2383 alios
1173 2344 1304 2384 viuere
1327 2344 1366 2383 in
1385 2345 1541 2384 Christo
1559 2345 1739 2393 videant,
1769 2345 1986 2395 &amplius
2003 2355 2093 2382 cum

136 2406 253 2437 coetu
280 2398 435 2449 piorum
464 2400 700 2438 coalescant.
731 2400 853 2448 Quod
881 2400 913 2438 si
935 2398 1211 2438 nitidissimum
1239 2398 1349 2438 illum
1378 2398 1602 2448 Scripturae
1618 2400 1768 2437 fontem
1785 2410 1942 2437 suarum
1958 2398 2092 2436 inuen-

137 2452 288 2490 tionum
317 2454 353 2490 ἃ
381 2451 634 2491 traditionum
662 2466 790 2492 coeno
813 2452 1089 2502 coinquinant,
1121 2453 1248 2489 vtrum
1276 2464 1348 2490 nos
1378 2452 1560 2490 meliores
1584 2451 1756 2490 veritatis
1784 2452 1886 2490 illius
1915 2450 2093 2490 vindices

137 2512 317 2555 putamus
345 2505 451 2556 fore,
491 2507 610 2555 quam
638 2507 745 2544 Deus
773 2506 856 2556 ipse
886 2503 956 2544 sit?
998 2504 1337 2553 Conquiescamus
1366 2504 1482 2555 igitur
1510 2505 1550 2543 in
1581 2507 1778 2543 voluntate
1808 2504 1931 2550 illius,
1963 2515 2094 2553 neque

138 2565 425 2597 anteuertamus
462 2571 582 2608 opera
610 2558 921 2606 misericordiae,
950 2565 1016 2597 aut
1044 2557 1187 2596 iudicia
1215 2557 1296 2596 eius
1324 2559 1467 2597 nostris
1483 2557 1656 2596 iudiciis:
1687 2570 1787 2608 quos
1804 2564 2002 2609 expectat,
2033 2569 2096 2594 ex-

137 2618 340 2661 pectemus
368 2618 576 2661 sequentes
604 2611 752 2662 ipsum:
782 2624 881 2662 quos
909 2619 1046 2661 vocat,
1075 2611 1106 2649 si
1134 2623 1204 2661 per
1231 2624 1304 2650 nos
1335 2624 1478 2650 vocare
1507 2611 1716 2662 placuerit,
1747 2623 1935 2651 vocemus
1963 2610 2003 2649 in
2020 2609 2099 2648 fide

137 2667 173 2703 &
200 2664 336 2714 spiritu
363 2665 550 2703 lenitatis:
580 2665 611 2703 si
639 2679 708 2715 per
734 2665 850 2714 alios,
882 2679 932 2704 ne
960 2666 1280 2714 interuertamu33
1322 2665 1393 2703 sed
1426 2665 1591 2715 gloriam
1618 2664 1690 2715 ipsi
1717 2664 1957 2715 tribuamus,
1988 2663 2098 2713 quod

138 2718 174 2755 &
201 2718 294 2769 alia,
336 2719 371 2756 δε
399 2720 528 2768 plura,
569 2725 687 2768 atque
714 2719 820 2757 haud
850 2718 932 2757 scio
961 2731 1011 2757 an
1040 2716 1315 2756 commodiora
1345 2718 1603 2757 instrumenta
1630 2719 1749 2768 quam
1779 2732 1852 2758 nos
1880 2717 2019 2767 simus,
2048 2716 2100 2754 ad

137 2782 237 2821 opus
264 2782 378 2810 suum
409 2771 592 2822 dignetur
621 2770 821 2811 adhibere.
845 2771 972 2822 Ipsius
1000 2778 1056 2810 est
1079 2778 1276 2821 praestare
1293 2771 1445 2811 omnia:
1475 2778 1655 2810 nostrum
1671 2774 1766 2811 vero
1782 2772 1834 2811 ad
1848 2782 2051 2823 perpauca
2066 2770 2101 2807 δε

1109 2824 1157 2873 56
1875 2821 2103 2864 tenuissima
