2334 3020
763 106 977 134 ramses
1018 104 1450 132 rumonoorcrxm.
1997 93 2068 139 265

133 228 282 265 suram,
311 227 390 253 non
420 221 551 252 autem
580 212 718 251 virtute
745 212 861 263 signi:
892 213 1083 250 Bellarm.
1111 212 1176 250 lib.
1207 224 1241 249 2.
1269 212 1313 248 de
1340 223 1553 248 sacramen.
1584 222 1615 248 c.
1650 213 1723 257 11.)
1738 208 1829 258 quia
1844 207 2063 257 corporalia

135 271 234 307 vltra
264 279 407 318 corpus
435 280 475 306 se
507 279 586 304 non
616 267 851 316 extendunt,
887 265 961 303 nisi
989 264 1083 314 quid
1111 264 1270 315 physice
1299 265 1397 302 vltra
1425 275 1512 302 suas
1540 261 1638 300 vires
1667 274 1782 312 agere
1812 261 1946 311 possit.
1975 262 2009 298 &
2041 259 2071 298 si

134 323 274 360 virtute
303 320 435 359 diuina
463 321 635 358 eleuetur
664 319 840 369 signum,
869 325 911 357 vt
938 318 1107 356 animam
1135 324 1273 368 purget
1301 319 1337 356 δι
1366 316 1552 366 enutriat,
1578 315 1645 354 vbi
1672 314 1788 353 nobis
1803 314 2070 362 innotescent,

135 375 166 414 si
194 374 293 413 desit
320 368 609 412 testimonium?
638 373 739 410 Nam
768 374 791 409 a
820 371 992 422 potentia
1019 371 1070 409 ad
1088 372 1349 420 voluntatem,
1373 369 1765 419 velapraedicatone
1782 365 2073 412 Sacramentali,

135 441 215 466 non
260 428 358 465 valet
399 425 689 475 consequentia.
733 426 768 462 δε
810 425 1022 463 similitudo
1064 425 1113 462 de
1152 423 1313 462 fimbriis
1354 430 1537 474 negatur,
1579 433 1672 460 cum
1702 421 1778 459 illic
1812 421 1941 459 videre
1970 427 2072 458 esset

141 479 313 518 fimbrias
341 491 496 518 sanasse
526 479 708 529 morbos,
736 477 800 516 hic
829 491 909 516 non
939 477 1042 515 item.
1073 477 1240 526 ideoque
1269 489 1348 514 non
1378 476 1516 514 iniuria
1545 474 1785 525 quaerimus,
1816 474 2032 523 quomodo.

189 546 209 582 3
217 546 253 582 3.
308 533 499 570 Praebent
515 545 608 581 ergo
627 532 763 569 virtute
779 531 941 581 Spiritus
958 530 1090 569 Sancti
1105 537 1291 580 tanquam
1310 533 1442 580 κυρίου
1459 533 1602 566 αἰτίου.
1623 528 1741 578 Signa
1758 527 1860 565 enim
1877 526 2072 565 obiectiue

138 593 319 636 mouent,
349 592 389 623 vt
416 585 511 634 radij
542 586 711 622 solares:
741 585 807 623 sed
839 584 1000 634 Spiritus
1028 584 1251 621 facultatem
1279 582 1459 631 videndi,
1489 581 1634 620 scilicet
1656 581 1789 630 fidem,
1812 582 2073 629 (latssrauget.

136 641 208 677 Illa
248 639 485 689 persuadent
524 646 561 676 vt
589 637 852 675 firmissimum
880 645 1174 687 argumentum:
1217 637 1286 675 sed
1315 634 1470 685 spiritus
1498 634 1740 672 intellectum
1769 635 1950 683 praebet,
1993 644 2073 681 quo

135 691 262 742 capiat
289 698 574 741 argumentum.
613 692 704 729 Hoc
732 703 847 729 sensu
874 689 1114 740 intelligendi
1142 696 1230 728 sunt
1257 690 1402 727 Patres.
1437 690 1602 737 August.
1626 691 1742 737 Aqua
1765 693 1905 736 corpus
1930 687 2076 734 tangit,

137 747 187 783 ἐφ’
215 758 282 783 cor
309 746 442 783 abluit.

189 811 252 847 34.
309 797 562 847 Quapropter
589 798 826 835 flaccescunt
852 808 951 846 qua:
980 797 1030 834 de
1059 808 1177 846 opere
1206 801 1369 845 operato
1398 793 1571 844 garriunt
1599 792 1823 842 aduersarij.
1848 793 1950 830 Nam
1965 803 2074 840 prac-

135 859 313 901 terquam
355 851 465 900 quod
505 857 674 900 peccant
702 849 741 888 in
770 852 920 900 regulas
950 849 1240 888 Grammaticae
1270 849 1470 894 (Bellarm.
1499 848 1543 884 de
1569 860 1738 884 sacram.
1767 847 1832 883 lib.
1863 858 1896 882 2.
1925 851 2010 896 cap.
2047 857 2078 881 1.

136 905 228 954 quia
255 905 352 942 falso
381 904 520 942 citatur
546 903 753 953 autoritas,
782 904 910 941 Hebr.
945 916 1003 952 13.
1036 903 1093 940 16.
1123 901 1189 940 vbi
1216 914 1296 940 non
1326 908 1384 939 est
1404 906 1658 952 promeretur
1687 900 1812 949 Deus,
1842 897 1910 936 sed
1935 898 2076 935 talibus

137 959 360 996 delectatur:
390 968 590 1006 nunquam
618 957 842 1006 probabunt
867 956 990 1006 ipsam
1019 962 1220 994 externam
1247 954 1446 992 actionem
1472 952 1722 1003 sacramenti,
1752 964 1851 1002 quae
1876 949 2076 1000 consurgit

138 1024 185 1049 ex
225 1010 357 1049 debita
391 1009 651 1060 applicatione
679 1011 828 1048 formae
856 1011 892 1048 &
924 1008 1107 1047 materiae
1135 1009 1313 1047 conferre
1341 1005 1505 1058 gratiam
1533 1006 1681 1055 absque
1709 1005 1802 1044 fidei
1824 1003 2073 1054 operatione,

138 1064 218 1102 imo
249 1064 428 1114 damnat,
457 1070 498 1102 vt
524 1063 691 1101 vidimus
719 1075 848 1113 supra.

193 1127 256 1166 35.
312 1116 421 1154 Hinc
461 1123 567 1167 patet
608 1124 767 1155 externa
806 1121 1049 1154 sacramenta
1089 1128 1172 1153 non
1213 1126 1297 1152 esse
1324 1111 1543 1151 necessaria
1569 1110 1819 1161 simpliciter,
1846 1117 1888 1148 vt
1915 1108 2080 1159 pessime

139 1170 290 1208 aduers.
329 1172 515 1208 Bellarm.
543 1171 606 1208 ab.
638 1183 672 1208 2.
701 1171 745 1207 a'e
775 1172 949 1207 Sacram.
978 1175 1062 1218 cap.
1091 1181 1128 1215 4.
1164 1168 1245 1217 Qm'
1270 1168 1388 1205 credit
1417 1167 1466 1204 ὃν
1495 1178 1569 1203 non
1594 1165 1831 1216 baptizatur,
1859 1164 2080 1202 damnatur.

139 1224 208 1261 sed
239 1224 337 1260 κατά
366 1239 425 1274 τι,
466 1230 651 1272 tanquam
680 1222 851 1261 medium
881 1221 1152 1260 commodum.
1193 1221 1296 1258 Nam
1324 1218 1492 1269 priuatio
1520 1217 1705 1268 baptismi
1732 1216 1881 1256 externi
1910 1228 1992 1254 non
2021 1223 2078 1253 cst

139 1276 308 1327 priuatio
345 1275 511 1326 gratiae,
549 1276 619 1315 sed
647 1283 913 1325 contemptus:
944 1277 979 1313 δε
1007 1275 1101 1312 dum
1129 1275 1302 1312 Latroni
1327 1274 1505 1311 voluntas
1534 1272 1714 1322 baptismi
1738 1285 1812 1308 non
1843 1268 1986 1318 obfuit,
2015 1269 2084 1306 sed

139 1335 285 1368 tantum
313 1342 388 1367 non
415 1331 841 1381 accg'pzelzzlz'necessz'tas
855 1328 1005 1379 anm't,
1034 1328 1119 1366 sola
1134 1327 1209 1365 fide
1225 1327 1393 1365 saluatus
1409 1331 1477 1363 est.
1503 1326 1866 1373 Augustizz.c012tra
1881 1323 2082 1360 Donatist.

139 1384 202 1421 leb.
241 1395 277 1429 4.
309 1389 397 1441 ξαρ.
429 1395 491 1432 23.
535 1389 574 1421 vt
600 1382 678 1420 iam
706 1382 822 1421 etiarn
851 1381 974 1420 adulti
1001 1394 1094 1420 vera
1123 1381 1201 1419 fide
1229 1379 1506 1429 iustificantur,
1547 1377 1654 1427 prius
1683 1388 1802 1427 quam
1831 1377 2083 1414 Sacramenta

144 1443 375 1485 recepermt.

195 1490 258 1538 36.
314 1488 414 1526 Cum
455 1491 548 1527 vero
590 1501 757 1538 persona
798 1486 965 1526 Ministri
999 1500 1081 1526 non
1117 1493 1327 1525 concurrat
1368 1485 1420 1523 ad
1462 1483 1704 1522 Sacramenti
1741 1483 1971 1532 essentiam,
2002 1481 2082 1519 duo

142 1541 361 1581 necessario
386 1541 603 1580 eliciuntur.
630 1541 762 1580 Primo
792 1540 1022 1591 dignitatem
1044 1540 1124 1578 eius
1153 1542 1217 1578 vel
1239 1538 1510 1590 indignitatem
1525 1536 1623 1576 nihil
1640 1537 1784 1575 addere
1799 1544 1865 1574 aut
1880 1536 2085 1574 detrahere

143 1595 418 1645 sacramentis,
456 1595 625 1645 ideoque
658 1608 732 1634 nec
765 1595 974 1644 prodesse,
1001 1606 1073 1632 nec
1102 1594 1237 1632 deesse
1262 1591 1584 1631 communicanti.
1615 1590 1797 1629 Secundo
1827 1589 2086 1628 intentionem

144 1649 225 1707 eius
248 1661 331 1686 non
358 1660 594 1699 promouere
622 1649 684 1686 vel
709 1648 898 1698 impedire
926 1648 1129 1697 effectum,
1158 1647 1280 1685 modo
1301 1645 1436 1685 omnia
1459 1644 1710 1683 celebrentur
1739 1643 1955 1682 secundum
1979 1640 2084 1680 insti-

143 1708 352 1740 tutionem.

196 1766 259 1804 37.
313 1754 353 1792 Si
394 1754 498 1793 enim
539 1754 712 1794 minister
749 1754 918 1793 intentus
955 1753 1004 1792 sit
1029 1752 1249 1792 actionibus
1278 1752 1375 1804 suis,
1403 1751 1496 1790 facit
1522 1750 1632 1801 quod
1666 1750 1796 1789 debet.
1861 1748 1902 1787 Si
1927 1754 2088 1799 peccet,

144 1808 245 1846 illius
284 1807 420 1846 vitium
462 1817 541 1860 est,
573 1821 654 1846 non
696 1815 902 1858 propterea
939 1809 975 1846 &
1016 1809 1146 1846 Deum
1184 1807 1415 1845 mendacem
1443 1805 1594 1844 reddet.
1621 1805 1725 1842 Nam
1755 1812 1794 1841 vt
1822 1803 1987 1841 verbum
2015 1800 2091 1838 Dei

143 1861 263 1900 virtus
297 1870 355 1900 est
382 1862 432 1900 ad
463 1863 626 1901 salutem
655 1861 764 1900 omni
791 1862 979 1900 credenti.
1006 1862 1120 1898 Rom.
1153 1873 1186 1898 1.
1216 1861 1274 1898 16.
1307 1860 1339 1898 si
1368 1861 1408 1909 (f.
1442 1859 1558 1908 1731)
1588 1859 1684 1907 pure
1705 1856 1971 1907 praedicetur,
1998 1853 2090 1892 licet

144 1914 227 1965 ipse
262 1914 436 1953 minister
464 1915 513 1953 sit
540 1915 725 1954 infidelis.
756 1916 896 1966 Philip.
924 1926 950 1953 1.
977 1925 1029 1964 15.
1056 1913 1110 1952 ita
1136 1914 1244 1952 Deus
1270 1926 1340 1963 per
1368 1914 1620 1951 Sacramenta
1648 1909 1756 1948 fideli
1784 1922 1895 1948 suam
1923 1907 2089 1958 gratiam

146 1969 299 2006 confert
337 1970 372 2006 δε
401 1968 578 2007 Christus
606 1981 676 2019 per
703 1967 942 2018 baptismum
969 1969 1107 2006 efficax
1136 1973 1217 2017 est,
1244 1966 1339 2005 licet
1365 1967 1484 2005 Iudas
1513 1964 1758 2003 ministraret.
1793 1962 1952 2013 Quippe
1984 1960 2093 2010 quod

148 2020 234 2059 talis
264 2021 312 2059 sit
339 2022 581 2072 Baptismus,
615 2022 654 2059 in
682 2021 791 2060 cuius
819 2028 1010 2071 potestate
1034 2021 1168 2069 datur,
1196 2033 1277 2058 non
1306 2033 1377 2070 per
1405 2019 1516 2057 cuius
1544 2016 1813 2055 ministerium.

199 2076 262 2123 38.
308 2076 476 2113 Pereunt
527 2088 620 2125 ergo
663 2074 978 2113 aduersariorum
1019 2073 1267 2124 Sophismata
1308 2074 1358 2112 de
1398 2070 1615 2111 intentione
1650 2070 1806 2108 virtuali
1846 2081 1925 2119 qua
1966 2068 2094 2105 forma

150 2128 394 2166 Sacramenti
423 2130 724 2179 determinetur,
754 2137 798 2167 vt
825 2129 986 2167 materia
1014 2127 1134 2166 verbi.
1165 2128 1260 2165 Hoc
1289 2127 1392 2165 enim
1412 2127 1551 2164 falsum
1580 2130 1657 2173 est,
1686 2123 1782 2162 illud
1806 2121 2094 2173 perniciosum,

148 2188 284 2231 vtpote
314 2182 423 2230 quod
447 2182 724 2220 certitudinem
753 2181 886 2220 salutis
900 2188 1056 2220 nostrae
1071 2181 1303 2231 labefactat,
1333 2180 1427 2218 dum
1442 2178 1663 2230 ignorantes
1679 2176 1844 2215 aliorum
1859 2173 2094 2214 intentiones

147 2235 197 2273 de
225 2235 368 2272 effectu
397 2236 745 2273 Sacramentorum
775 2234 1056 2273 dubitaremus.

203 2300 266 2337 39.
323 2289 575 2327 Sacramenta
603 2296 692 2327 sunt
717 2288 909 2338 duplicia:
939 2286 1175 2338 temporaria
1202 2288 1238 2325 δι
1260 2292 1460 2336 perpetua.
1483 2285 1522 2322 T
1517 2284 1738 2334 emporaria
1761 2289 1850 2321 sunt
1864 2281 1930 2319 illa
1943 2279 2096 2318 Veteris

148 2341 406 2392 Testamenti,
436 2354 514 2392 qua
541 2341 685 2380 Christi
711 2343 885 2380 aduentu
913 2343 1031 2380 finem
1061 2346 1321 2390 sumpserunt.
1341 2341 1514 2388 Suntque
1534 2335 1760 2375 communia
1775 2338 1836 2374 vel
1852 2334 2094 2373 miraculosa.

150 2394 387 2433 Communia
428 2403 518 2434 sunt
555 2394 812 2445 significatiua
849 2396 912 2433 vel
949 2393 1206 2444 obsignatiua.
1276 2391 1540 2442 Significatiua
1579 2391 1731 2428 tantum
1775 2397 1864 2428 sunt
1901 2385 2097 2426 Sacrificia

149 2449 321 2486 futurum
351 2448 495 2487 Christi
523 2449 737 2487 aduentum
765 2448 981 2499 figurantia.
1010 2446 1265 2497 Obsignatiua
1293 2453 1382 2484 sunt
1411 2443 1666 2484 Circumcisio
1683 2444 1871 2493 &Agnus
1886 2439 2097 2479 Paschalis.

155 2502 229 2538 Per
258 2500 363 2539 illam
392 2502 474 2542 scil.
503 2501 692 2552 praeputij
721 2501 1002 2540 abscissionem
1031 2508 1284 2551 peccatorum
1314 2498 1490 2538 remissio
1513 2496 1820 2547 significabatur,
1859 2497 1894 2534 δι
1922 2491 2098 2533 credenti

153 2553 448 2604 obsignabatur.
477 2557 551 2594 Per
577 2556 683 2594 hunc
711 2555 915 2605 analogice
944 2554 1235 2605 significabatur
1252 2552 1356 2592 fideli
1371 2551 1586 2603 spiritualis
1600 2550 1751 2588 animae
1765 2548 1923 2587 nutritio
1939 2553 2098 2597 propter

154 2607 354 2646 Christum
383 2610 649 2648 mactandum.
707 2607 947 2646 Miraculosa
976 2615 1065 2646 sunt
1092 2607 1274 2645 transitus
1297 2620 1367 2656 per
1394 2618 1501 2644 mare
1530 2606 1714 2653 rubrum,
1742 2603 1886 2650 nubes,
1916 2602 2100 2639 columna

155 2660 274 2710 ignis,
303 2675 468 2712 manna,
495 2674 597 2712 aqua
625 2675 673 2700 ex
700 2669 831 2712 petra,
861 2663 896 2700 δι
924 2673 1067 2700 aeneus
1095 2673 1267 2710 serpens.
1297 2662 1490 2710 Perpetua
1519 2665 1607 2695 sunt
1635 2657 1700 2694 illa
1724 2656 1828 2694 Noui
1842 2652 2098 2697 Testamenti,

155 2725 256 2763 quae
285 2715 469 2754 duratura
497 2724 585 2754 sunt
611 2717 660 2753 ad
686 2715 824 2753 Mundi
844 2713 1238 2753 consummationem.
1267 2715 1441 2762 St'mtque
1457 2713 1536 2750 duo
1551 2710 1780 2749 communia
1793 2709 1866 2748 toti
1879 2706 2098 2752 Ecclesiae,

157 2766 378 2816 Baptismus
406 2770 440 2806 St
469 2770 606 2807 Coena
635 2768 807 2806 Domini.

1106 2833 1156 2868 34
1927 2828 1988 2860 40.
2047 2813 2098 2848 Vt
