2334 3020
827 111 1095 139 EIRENICI
1138 112 1279 138 PARS
1322 111 1374 137 11.
1993 110 2065 146 491

132 224 358 272 loquuntur)
398 223 514 271 quam
555 221 663 259 illum
691 221 818 271 ipsum
852 231 969 270 quem
998 220 1230 258 confitemur
1259 218 1297 256 in
1325 219 1507 267 symbolo
1537 217 1844 267 Apostolorum,
1874 215 2070 261 dicente53

135 277 266 315 Credo
306 274 626 313 communionem
668 282 906 313 sanctorum:
950 272 1270 311 communionem
1312 271 1472 321 inquam
1516 274 1573 320 (vt
1616 269 1877 320 praecedente
1915 269 2071 307 Psalmo

134 328 394 376 ostendimus)
422 327 590 377 primum
619 328 777 377 quidem
805 339 895 365 cum
922 327 1010 364 Deo
1038 332 1196 376 nostro,
1225 324 1366 363 deinde
1383 327 1474 363 vero
1490 323 1589 362 inter
1604 335 1700 373 nos,
1728 329 1846 372 prout
1860 322 1899 360 in
1915 321 2072 361 Christo

133 394 253 420 vnum
294 391 437 430 corpus
478 381 513 418 δε
555 392 652 419 vnus
693 380 846 430 spiritus
889 379 1016 418 effecti
1059 390 1204 417 sumus.
1245 379 1334 416 [llic
1370 389 1485 428 ergo,
1529 376 1570 414 id
1611 383 1689 427 est,
1733 375 1772 413 in
1800 375 1866 413 illa
1895 374 2073 414 Ecclesia

133 435 275 484 illaque
303 433 580 472 communione
608 441 853 483 sanctorum,
882 444 1000 482 quam
1028 431 1307 470 haereditatem
1335 430 1408 469 sibi
1436 429 1474 468 in
1504 429 1660 468 Christo
1689 441 1756 479 per
1771 427 1934 479 gratiam
1950 435 2071 467 aeter-

134 501 225 526 nam
253 486 423 526 adsciuit
450 488 584 536 Pater,
613 486 814 525 obiectum
843 486 997 524 diuinae
1025 485 1220 535 gratiae&
1237 483 1528 522 misericordiae
1543 489 1698 533 oportet
1713 493 2069 531 recognoscamus:

135 553 263 591 neque
304 540 430 579 solum
471 547 512 577 vt
552 539 781 578 communio
823 538 1028 589 spiritualis
1069 544 1146 588 est,
1187 549 1305 587 quam
1341 535 1663 575 communionem
1690 535 1837 573 habent
1864 533 2007 584 Angeli
2036 536 2071 573 &

135 594 298 644 Spiritus
338 593 528 631 iustorum
572 599 889 631 consecratorum
930 593 969 630 in
1010 591 1151 642 caelis,
1192 589 1447 629 verumetiam
1488 595 1603 640 prout
1638 587 1703 626 hic
1731 587 1771 626 in
1798 587 1907 626 terris
1935 587 2072 625 haberi

136 654 286 698 potest,
315 645 520 696 spiritualis
548 648 583 684 δι
612 645 847 696 corporalis,
875 645 1026 684 interna
1054 649 1292 694 externaque
1320 643 1533 681 secundum
1562 641 1743 681 ordinem
1774 641 1809 679 δι
1839 640 2072 679 relationem

135 701 327 739 internam
355 704 631 748 externamque
659 701 682 737 a
705 700 794 737 Deo
822 698 1010 737 sancitam
1039 697 1077 736 in
1106 698 1229 735 verbo
1258 696 1389 746 ipsius.
1431 697 1521 734 Illic
1547 707 1662 745 ergo,
1704 693 1771 732 vbi
1799 692 1977 732 Ecclesia
2003 700 2074 743 est,

134 753 202 793 vbi
236 751 465 792 communio
500 758 722 790 sanctorum
750 753 911 791 fratrum
939 753 1015 790 vna
1042 749 1327 799 habitantium,
1355 748 1422 788 vbi
1450 747 1625 788 Christus
1655 745 1944 786 communionis
1973 745 2074 784 illius

137 807 435 845 fundamentum
476 804 802 856 inexpugnabile,
844 805 910 844 vbi
947 802 1156 843 Christiani
1183 802 1273 841 huic
1301 802 1554 841 fundamento
1583 799 1756 851 impositi
1784 812 1854 850 per
1884 800 2076 844 verbum,

138 860 247 910 quod
289 859 508 909 Prophetae
550 859 585 897 &
622 859 804 909 Apostoli
846 857 1108 909 tradiderunt,
1141 856 1208 895 vbi
1235 858 1259 894 a
1286 855 1402 895 nobis
1431 854 1589 905 quidem
1617 852 1931 903 imperfectiones
1960 853 2077 902 quam

137 912 348 964 plurimae,
378 918 528 950 mentes
556 911 844 961 dissentientes,
873 911 992 950 animi
1020 909 1185 960 diuersi,
1214 915 1379 948 conatus
1407 907 1579 957 aduersi,
1609 919 1729 958 opera
1758 906 1809 944 ad
1837 904 2077 956 impietatem

137 969 173 1006 &
210 964 435 1004 iniustitiam
472 966 559 1014 plus
597 964 689 1003 satis
718 965 954 1014 adspirantia
983 963 1202 1003 infirmitate
1229 970 1386 1014 nostra,
1414 962 1484 1001 sed
1507 959 1697 1012 perfectio
1726 958 1896 998 maxima
1924 962 1963 996 in
1993 959 2077 996 fun-

137 1020 323 1058 damento
366 1020 401 1057 &
438 1017 567 1056 radice
594 1025 748 1056 nostra:
784 1017 884 1069 illic,
920 1018 1102 1067 inquam,
1131 1017 1333 1055 thesaurus
1361 1021 1467 1054 totus
1496 1012 1818 1053 benedictionum
1845 1011 1921 1050 Dei
1947 1010 2077 1050 certis-

136 1073 233 1111 sime
274 1078 333 1111 est
373 1070 586 1121 depositus.
629 1072 721 1120 Quo
762 1072 830 1122 fit,
872 1078 912 1110 vt
952 1082 1176 1121 quenquam
1216 1068 1416 1108 hominem
1457 1067 1497 1106 in
1539 1068 1613 1106 hac
1641 1064 1921 1105 communione
1949 1075 2078 1114 neque

137 1125 340 1172 nouimus,
370 1136 499 1174 neque
527 1124 745 1163 iudicamus
772 1125 989 1163 secundum
1018 1135 1202 1162 carnem:
1231 1135 1322 1160 nam
1348 1128 1480 1160 vetera
1493 1119 1797 1171 praeterierunt,
1826 1117 1959 1157 omnia
1973 1128 2078 1156 noua

138 1180 242 1217 facta
283 1185 372 1217 sunt
415 1181 471 1227 (vt
510 1178 766 1217 antecedente
793 1179 950 1216 Psalmo
979 1177 1223 1225 dicebamus)
1253 1175 1322 1213 sed
1350 1175 1566 1214 secundum
1597 1172 1795 1212 Christum
1816 1170 2078 1222 agnoscimus,

137 1231 315 1282 quamuis
343 1232 474 1270 adhuc
499 1232 653 1271 laboret
681 1231 906 1282 grauissime
935 1243 982 1269 ex
1009 1229 1217 1270 vitiositate
1247 1239 1314 1267 sua
1345 1228 1412 1278 qui
1438 1227 1477 1266 in
1507 1226 1664 1266 Christo
1695 1227 1731 1264 &
1758 1224 1798 1264 in
1812 1225 1888 1264 hac
1902 1235 2079 1263 commu-

137 1285 255 1325 nione
283 1291 351 1323 est.

189 1339 336 1377 Modus
363 1338 502 1376 harum
531 1349 659 1377 rerum
690 1340 713 1376 a
741 1338 936 1388 Propheta
964 1335 1081 1375 vnico
1109 1337 1232 1374 verbo
1260 1333 1495 1385 ostenditur,
1524 1334 1614 1372 cum
1642 1333 1830 1370 Iehouam
1834 1331 2082 1382 praecepisse

140 1392 222 1431 siue
251 1393 495 1430 mandam‘sse
522 1398 663 1430 narrat.
694 1391 734 1429 Si
761 1391 846 1441 quis
875 1390 980 1430 enim
1008 1397 1121 1440 roget
1147 1400 1264 1438 quem
1288 1387 1452 1426 modum
1466 1386 1650 1425 adhibeat
1664 1386 1772 1423 Deus
1787 1383 1826 1422 in
1840 1382 2081 1434 praestandis

138 1444 358 1484 actionibus
393 1445 489 1495 suis,
518 1444 843 1495 respondebimus
873 1457 920 1482 ex
948 1444 1169 1493 Prophetae
1197 1439 1347 1491 verbis,
1375 1442 1505 1479 Deum
1534 1439 1616 1478 sine
1644 1445 1755 1477 motu
1784 1449 1854 1476 suo
1881 1449 2016 1488 agere,
2045 1438 2080 1475 δε

138 1499 223 1537 solo
253 1498 360 1536 dicto
389 1497 471 1536 siue
501 1498 687 1536 mandato
716 1509 803 1549 suo,
831 1497 872 1536 id
900 1503 977 1547 est,
1005 1497 1208 1535 voluntate
1234 1494 1340 1544 apud
1372 1506 1412 1532 se
1440 1499 1633 1543 concepta
1647 1491 1822 1530 actiones
1837 1503 1926 1529 suas
1942 1496 2078 1540 poten-

134 1551 280 1590 tissime
307 1551 473 1590 efficere.
505 1551 627 1600 Quod
655 1550 686 1590 si
713 1551 807 1590 alias
834 1552 913 1590 hoc
941 1550 1064 1589 modo
1092 1548 1232 1599 efficit,
1261 1549 1366 1586 certe
1396 1548 1520 1586 multo
1550 1545 1672 1596 magis
1701 1557 1766 1583 eas
1796 1555 1892 1594 quas
1917 1542 1990 1582 sibi
2007 1542 2080 1581 soli

136 1604 329 1655 vindicat,
372 1605 407 1642 δι
449 1615 615 1653 quarum
655 1604 820 1655 gloriam
862 1616 953 1643 cum
992 1602 1150 1642 nemine
1189 1600 1350 1640 homine
1392 1608 1459 1639 aut
1487 1606 1663 1638 creatura
1691 1599 1769 1637 vlla
1797 1595 2079 1636 communicat.

137 1657 267 1697 Huius
306 1656 460 1709 generis
499 1664 629 1696 autem
667 1665 756 1697 sunt
783 1659 890 1697 bona
917 1656 1153 1707 spiritualia,
1184 1666 1285 1705 quae
1313 1654 1365 1692 ad
1393 1653 1612 1692 Ecclesiam
1640 1650 1869 1702 perueniunt
1899 1649 2079 1699 caelitus,

138 1713 173 1751 &
201 1710 423 1750 immediate
450 1713 473 1748 a
504 1712 592 1750 Deo
620 1711 871 1760 perficiuntur
899 1710 937 1749 in
962 1722 1129 1760 corpore
1158 1707 1322 1757 Christi,
1351 1707 1460 1757 quod
1487 1713 1544 1746 est
1572 1704 1763 1744 Ecclesia.

192 1764 359 1803 Accedit
393 1765 557 1803 alterum
594 1764 742 1815 insigne
771 1766 807 1803 &
830 1762 1175 1815 pernecessarium,
1190 1761 1229 1800 in
1243 1762 1321 1800 hoc
1336 1760 1561 1812 praesertim
1575 1767 1754 1810 tempore
1775 1757 2082 1796 documentum:

140 1818 248 1868 quod
275 1817 457 1856 nimirum
480 1817 613 1856 omnia
627 1817 692 1856 illa
706 1818 813 1857 bona
827 1830 927 1868 quae
944 1818 1052 1856 Deus
1068 1814 1294 1855 timentibus
1309 1827 1350 1853 se
1366 1812 1623 1865 praeparauit,
1639 1818 1849 1863 praecepto
1866 1809 1947 1849 eius
1963 1811 2084 1848 semel

138 1872 192 1910 ita
220 1872 373 1909 fuerunt
396 1871 625 1921 constituta,
658 1879 698 1909 vt
735 1882 937 1921 nunquam
965 1870 1176 1920 quicquam
1205 1880 1342 1907 eorum
1371 1879 1470 1917 quae
1493 1865 1656 1906 instituit
1681 1867 1790 1903 Deus
1817 1866 1852 1903 &
1881 1862 2082 1914 praecepit

139 1925 341 1963 voluntate
369 1935 437 1962 sua
464 1924 612 1974 inelu(f.
643 1924 891 1975 754)ctabili,
919 1923 966 1963 sit
995 1925 1167 1962 futurum
1195 1921 1355 1960 irritum.
1384 1922 1488 1959 Nam
1517 1923 1574 1969 (vt
1602 1919 1655 1958 ait
1681 1918 1816 1957 Esaias
1839 1930 1926 1967 cap.
1958 1930 2016 1964 14.
2045 1929 2084 1954 v.

143 1978 224 2030 27.)
266 1978 414 2016 Iehoua
456 1976 694 2016 enercituum
737 1977 846 2016 iniuit
874 1977 1100 2027 consilium,
1130 1978 1165 2015 δι
1193 1975 1280 2025 quis
1307 1974 1457 2013 irritum
1486 1971 1625 2012 faciat?
1653 1973 1688 2010 &
1717 1982 1878 2010 manum
1907 1969 1989 2008 eius
2019 1982 2082 2008 ex·

139 2039 286 2070 tentam
321 2030 407 2080 quis
441 2029 613 2070 auertat?
653 2032 774 2081 Quod
805 2031 836 2070 si
865 2031 905 2070 in
932 2032 1007 2069 hac
1036 2030 1175 2068 misera
1203 2027 1483 2068 constitutione
1510 2033 1645 2066 nostra
1673 2027 1797 2075 aeque
1825 2024 1864 2063 in
1891 2023 2007 2062 nobis
2037 2035 2083 2061 ac

140 2084 178 2122 in
207 2083 290 2123 aliis
323 2083 503 2122 fratribus
531 2084 672 2123 nostris
701 2088 735 2123 δι
764 2085 885 2123 seruis
912 2083 1075 2123 Domini
1101 2082 1225 2122 nostri
1252 2084 1340 2120 Iesu
1368 2080 1513 2120 Christi
1541 2079 1738 2118 interdum
1768 2080 1888 2128 quam
1915 2076 2084 2127 plurima

139 2136 483 2176 animaduertimus
512 2139 646 2177 abesse
673 2137 900 2188 longissime
929 2139 980 2176 ab
1008 2138 1073 2176 illa
1101 2135 1250 2175 ratione
1280 2146 1399 2185 quam
1427 2132 1585 2172 salutari
1614 2131 1779 2171 consilio
1796 2143 1866 2170 suo
1884 2128 2086 2169 constituit

140 2192 269 2237 Deus3
298 2190 419 2230 immo
448 2190 564 2230 etiam
592 2192 804 2230 nonnullos
833 2191 900 2242 qui
928 2204 975 2230 ex
1003 2189 1168 2230 consilio
1197 2188 1277 2227 eius
1305 2188 1355 2226 ad
1382 2188 1485 2226 hanc
1513 2185 1836 2225 communionem
1868 2183 2086 2234 pertinent,

140 2243 406 2294 indignissime
446 2245 547 2283 hanc
574 2244 697 2294 ipsam
725 2246 1046 2283 communionem
1075 2243 1268 2291 dissuere,
1298 2243 1333 2280 δι
1362 2239 1604 2279 atrocissime
1631 2250 1906 2290 perrumpere:
1949 2244 2082 2275 tamen

142 2310 223 2335 non
265 2298 314 2335 ad
358 2310 541 2346 praesens
579 2298 735 2336 illorum
770 2299 935 2348 factum,
965 2298 1035 2336 sed
1062 2297 1113 2334 ad
1141 2302 1342 2334 aeternum
1369 2293 1445 2333 Dei
1473 2292 1682 2332 consilium
1711 2299 1827 2342 atque
1857 2290 2085 2329 mandatum

142 2351 286 2401 gratiae
315 2351 457 2389 referre
484 2350 636 2390 animos
662 2361 818 2390 nostros
846 2357 1001 2402 oportet
1029 2348 1362 2399 constantissime3
1405 2354 1444 2386 vt
1473 2354 1555 2385 tum
1584 2346 1657 2396 ipsi
1685 2346 1734 2384 de
1762 2343 1879 2383 nobis
1907 2343 2085 2382 infirmis-

142 2403 248 2442 simis
276 2403 376 2442 vasis
405 2416 515 2454 spem
537 2403 806 2455 concipiamus
833 2404 873 2443 in
901 2403 1100 2452 Domino,
1130 2409 1211 2441 tum
1236 2401 1352 2440 etiam
1367 2401 1418 2439 de
1432 2399 1516 2439 aliis
1533 2399 1696 2438 meliora
1710 2409 1910 2449 speremus
1925 2396 2085 2436 omnia:

142 2457 181 2495 in
210 2457 350 2506 quibus
379 2457 629 2507 superciliose
660 2458 893 2497 damnandis
921 2465 1037 2507 atque
1066 2454 1334 2506 expungendis
1363 2454 1504 2504 partim
1519 2454 1624 2492 facto
1641 2452 1836 2503 ipsorum,
1865 2455 2087 2501 partimque

142 2510 283 2549 studiis
306 2510 648 2550 &infirmitatibus
675 2512 762 2562 plus
789 2523 917 2561 aequo
946 2523 1106 2561 operam
1137 2509 1254 2559 (proh
1282 2507 1413 2557 dolor)
1429 2506 1710 2546 consumimus.
1725 2507 1863 2555 Itaque
1878 2503 1943 2543 hic
1962 2502 2087 2542 homi-

142 2576 234 2602 nem
270 2564 370 2602 male
406 2571 585 2614 agentem
617 2565 746 2615 video,
775 2564 853 2603 illic
880 2571 1010 2603 tamen
1037 2564 1167 2601 Deum
1194 2563 1296 2601 bene
1325 2561 1573 2600 ordinantem
1601 2560 1852 2609 contemplor
1880 2557 1920 2596 in
1949 2556 2087 2596 eadem

143 2617 424 2656 communione
465 2625 706 2668 sanctorum,
743 2618 778 2656 δι
814 2618 878 2656 illa
904 2617 989 2667 ipsa
1017 2617 1119 2654 mala
1146 2627 1247 2665 quae
1277 2616 1328 2653 ab
1357 2614 1516 2653 homine
1544 2620 1632 2652 sunt
1661 2611 1904 2662 plenitudine
1933 2609 2088 2648 infinita

143 2669 288 2719 gratiae
316 2671 590 2722 obtegentem,
616 2678 658 2710 vt
685 2671 857 2710 extincto
890 2676 1053 2721 peccato
1082 2676 1254 2708 seruetur
1282 2669 1404 2706 homo
1434 2668 1485 2706 ad
1515 2666 1631 2705 vitam
1662 2667 1699 2704 in
1731 2664 1794 2704 die
1824 2664 1890 2703 illo
1906 2663 2087 2703 obtinen-

145 2723 248 2761 dam.
276 2725 405 2772 Atque
432 2723 494 2762 hic
523 2725 680 2763 demum
710 2724 984 2774 circumfulget
1010 2735 1084 2762 nos
1111 2723 1175 2761 illa
1204 2721 1371 2760 infinitas
1386 2718 1894 2772 gratiae&beneficientiae
1910 2716 2086 2763 diuinae,

145 2777 234 2815 cum
271 2776 309 2815 in
344 2777 503 2816 homine
534 2778 675 2817 misero
705 2779 739 2815 &
768 2777 936 2828 peccatis
967 2778 1084 2815 dante
1113 2789 1274 2826 operam
1303 2774 1516 2814 miserrime
1543 2773 1812 2812 animaduerto
1841 2771 1977 2815 simul,
1996 2777 2088 2861 gum

1969 2825 1993 2860 fi
2024 2836 2088 2861 ein
