2334 3020
809 116 1021 142 THESES
1063 110 1501 139 THEOLOGICAE.
2047 111 2120 150 315

237 229 274 265 6.
328 227 404 265 Sed
431 225 521 276 quia
547 230 604 274 (vt
629 223 840 274 aliquando
868 221 938 260 fuit
965 220 1201 271 expositum)
1230 231 1358 258 rerum
1386 218 1624 268 singularum
1659 230 1736 255 non
1763 224 1820 255 est
1843 216 2021 266 homini,
2055 230 2128 255 nec

186 295 269 319 esse
298 287 425 329 potest
451 277 630 328 scientia,
659 278 866 328 propterea
893 277 999 314 Deus
1028 273 1244 313 Ecclesiam
1273 284 1381 311 suam
1411 271 1592 310 cancellis
1619 270 1727 309 verbi
1755 270 1855 308 illius
1888 271 2045 320 scripti,
2076 271 2129 308 de

185 347 265 383 quo
300 335 486 372 hactenus
523 330 671 370 dictum
699 337 773 378 est„
802 327 1079 377 circumdedit,
1109 330 1144 367 δι
1172 333 1309 365 contra
1337 337 1474 364 omnes
1503 337 1653 363 errores
1684 323 1944 374 praemuniuit
1975 323 2125 374 sapien-

187 386 344 425 tissime.

240 451 273 488 7.
329 440 447 477 Deus.
477 451 513 476 n.
545 451 592 476 ex
620 438 741 476 verbo
768 435 976 475 enunciato
1006 447 1074 485 per
1101 433 1286 484 Spiritum
1315 443 1449 481 suum,
1479 430 1692 469 ministerio
1722 429 1897 468 fidelium
1925 440 2128 468 seruorum

187 504 363 537 suorum,
394 504 441 530 eo
469 491 550 529 sine
578 490 755 540 defectu,
784 488 1029 537 accessione‚
1061 486 1274 526 mutatione
1303 491 1369 523 aut
1396 483 1642 523 aberratione
1671 484 1747 521 vlla
1763 484 1933 533 perfecte
1948 496 2131 533 compor-

186 545 282 584 tauit
308 552 392 583 tum
421 544 651 583 vniuersalia
671 543 736 581 illa
763 541 1065 591 communiaque
1091 540 1242 589 omnia,
1271 542 1439 587 totumq.
1469 537 1674 576 consilium
1703 547 1838 586 suum,
1865 542 1949 573 tum
1972 539 2066 575 vero
2083 549 2130 574 ex

185 597 442 648 singularibus
472 608 729 646 quaecunque
757 602 892 634 nostro
922 593 1135 633 commodo
1168 593 1219 631 ad
1247 594 1453 630 salutarem
1481 589 1683 629 scientiam
1712 588 1807 627 vidit
1835 589 2038 638 pertinere.

239 653 275 689 8.
330 652 423 689 Hoc
451 650 642 689 canonico
672 650 928 688 instrumento
957 650 980 686 a
1007 649 1094 686 Deo
1124 645 1318 694 instructi,
1346 643 1478 694 inique
1507 643 1653 682 faciunt
1680 642 1800 692 quiin
1816 641 2033 680 Ecclesiam
2050 642 2125 680 Dei

187 705 350 742 verbum
386 716 467 741 non
496 702 681 752 scriptum
710 704 772 740 vel
800 701 1026 740 traditiones
1054 701 1251 749 adferunt7
1280 697 1538 746 iniuriamque
1567 698 1676 747 Deo,
1705 695 1824 734 seruis
1854 695 1958 745 eius,
1990 698 2025 734 δι
2054 697 2127 733 Ec-

190 756 330 795 clesiae
359 756 432 794 toti
459 755 629 794 inferunt
656 768 738 794 non
767 754 1022 793 mediocrem.

241 824 276 860 9.
332 811 441 847 Deo:
471 809 561 858 quia
588 821 668 847 non
697 807 835 846 inuidit
865 806 1068 856 cuiquam7
1092 806 1160 844 sed
1182 812 1308 844 totum
1325 803 1530 842 consilium
1547 813 1659 841 suurn
1675 800 1749 840 sibi
1763 799 1998 852 gloriosum,
2019 800 2130 840 nobis

190 865 374 910 salutare,
411 862 544 911 quoad
577 861 657 900 eius
696 860 783 899 sciri
818 863 841 898 a
869 859 984 898 nobis
1012 865 1141 909 potest
1170 860 1204 897 δι
1233 857 1408 907 expedit,
1437 855 1606 906 gratiose
1634 853 1944 894 communicauit
1971 853 2129 904 scripto.

247 930 304 954 10.
361 915 490 954 Seruis
518 914 620 953 eius:
650 913 740 963 quia
764 914 982 962 Prophetae
1006 913 1041 949 &
1057 910 1240 961 Apostoli
1255 911 1418 949 verbum
1435 909 1530 947 illud
1545 908 1608 959 pie
1624 913 1862 958 acceperunt
1875 914 1917 945 vt
1933 907 2133 945 Ecclesiae

188 969 381 1019 membra,
411 968 593 1018 idemque
622 967 685 1018 pie
712 980 758 1005 ac
786 967 864 1004 fide
891 965 1057 1015 optima..
1087 972 1128 1002 vt
1156 976 1370 1014 praecones
1399 961 1586 1011 &notarij
1615 963 2132 1011 &sdnvscgoo7360nvsirgwg

189 1022 339 1072 scriptis
367 1022 666 1071 consignarunt,
695 1027 812 1070 atque
843 1019 1043 1057 Ecclesiae
1072 1017 1324 1056 tradiderunt.

248 1089 306 1113 11.
361 1073 583 1113 Ecclesiae:
613 1074 704 1124 quia
732 1080 858 1112 totum
886 1072 981 1110 illud
1010 1070 1162 1121 accepit
1189 1073 1212 1108 a
1240 1071 1329 1108 Deo
1358 1071 1393 1108 δε
1423 1070 1544 1107 seruis
1573 1067 1672 1117 eius,
1701 1065 1765 1104 cui
1796 1066 1869 1105 soli
1890 1067 2067 1104 crederet
2081 1066 2131 1104 ad

189 1131 374 1179 salutem,
403 1127 512 1177 quod
539 1129 666 1167 solum
697 1127 851 1165 diuinae
879 1123 1121 1164 auctoritatis
1149 1124 1331 1173 duceret,
1361 1133 1440 1172 quo
1470 1122 1556 1160 solo
1586 1126 1773 1158 contenta
1801 1127 1915 1157 esset.

248 1196 307 1221 12.
363 1182 446 1219 Stat
474 1180 577 1219 enim
603 1180 813 1230 sententia,
841 1180 871 1218 si
900 1177 986 1229 quis
1015 1178 1077 1216 vel
1105 1190 1152 1215 ex
1181 1175 1382 1226 Apostolis
1410 1176 1472 1214 vel
1499 1173 1660 1224 Angelis
1689 1174 1710 1211 e
1739 1173 1853 1210 coelo
1874 1171 2132 1222 Euangelium

189 1234 357 1274 attulerit
384 1234 491 1272 aliud
519 1241 670 1284 praeter
695 1235 813 1284 quam
844 1233 884 1281 (f.
919 1233 1034 1280 1774)
1063 1231 1174 1281 quod
1201 1229 1444 1279 accepimus,
1473 1229 1578 1266 hunc
1607 1239 1690 1265 esse
1718 1226 1938 1263 anathema.

253 1301 312 1338 13.
367 1289 580 1337 Propterea
621 1287 762 1325 mirum
803 1285 977 1335 videtur3
1017 1297 1100 1324 esse
1134 1283 1173 1321 in
1201 1281 1377 1321 Ecclesia
1403 1280 1603 1330 homines,
1630 1279 1696 1329 qui
1725 1278 1866 1317 finibus
1894 1278 1966 1317 illis
1994 1280 2017 1316 a
2045 1279 2133 1316 Deo

191 1341 327 1393 positis
364 1353 446 1379 non
489 1339 663 1379 contenti
699 1339 759 1378 his
788 1339 929 1378 vltimis
957 1336 1201 1388 temporibus
1229 1335 1458 1374 traditiones
1485 1334 1656 1372 audeant
1682 1332 1882 1370 Ecclesiae
1911 1331 2133 1370 obtrudere.

248 1408 306 1442 14.
361 1393 610 1432 Traditiones
638 1392 693 1432 illi
722 1392 910 1432 definiunt
938 1392 1103 1430 verbum
1131 1389 1206 1428 Dei
1233 1402 1314 1428 non
1339 1388 1526 1439 scriptum
1555 1387 1605 1425 ab
1632 1393 1813 1436 auctore,
1840 1385 1880 1423 id
1909 1391 1986 1435 est,
2014 1385 2065 1423 ab
2082 1397 2129 1422 eo

189 1447 349 1487 homine
378 1449 448 1486 abs
472 1459 552 1497 quo
580 1446 751 1497 primum
779 1445 850 1484 fuit
878 1444 1079 1483 Ecclesiae
1107 1442 1304 1482 traditum.

248 1512 307 1552 15.
362 1499 549 1550 Alioquin
577 1502 613 1539 δι
641 1500 725 1550 ipsa
753 1499 951 1550 Scriptura
978 1497 1111 1536 diuina
1137 1496 1295 1535 traditio
1324 1501 1400 1545 est,
1430 1495 1461 1534 si
1488 1492 1659 1544 generali
1680 1490 1896 1542 significato
1917 1490 2135 1541 acceperis,

190 1555 231 1594 id
260 1561 340 1605 est,
368 1553 548 1592 doctrina
575 1555 598 1591 a
627 1555 715 1592 Deo
743 1553 903 1604 tradita,
932 1552 967 1590 &
995 1554 1020 1589 a
1044 1550 1160 1589 nobis
1187 1555 1391 1600 percepta3
1420 1561 1501 1587 non
1528 1549 1551 1585 a
1578 1553 1716 1585 natura
1746 1545 1961 1592 insitaqaut
1976 1543 2135 1582 inuenta

191 1607 426 1647 humanitus.

250 1663 308 1699 16.
364 1662 511 1699 Earum
540 1659 742 1710 multiplex
770 1659 910 1698 diuisio
937 1658 976 1697 in
1006 1659 1124 1707 vulgo
1154 1656 1318 1695 traditur
1347 1668 1419 1706 pro
1447 1654 1555 1693 vario
1584 1658 1785 1703 respectu,
1814 1651 1865 1690 ab
1889 1650 2136 1700 auctoribus,

191 1717 214 1753 a
242 1713 423 1760 materia,
452 1714 502 1751 ab
530 1725 619 1763 vsu7
648 1715 685 1752 &
713 1714 763 1752 ab
791 1712 998 1751 duratione
1026 1711 1210 1761 ipsarum.

250 1780 309 1816 17.
363 1768 429 1805 Ab
471 1767 716 1806 auctoribus:
760 1779 851 1804 nam
893 1764 990 1804 aliae
1031 1764 1184 1803 diuinae
1225 1763 1492 1813 appellantur,
1535 1759 1633 1799 aliae
1671 1757 1946 1809 Apostolicae7
1974 1759 2010 1796 δι
2038 1755 2136 1795 aliae

191 1820 504 1860 Ecclesiasticae.

249 1876 307 1912 18.
363 1875 400 1911 A
441 1877 622 1911 materia:
666 1886 758 1911 nam
801 1884 933 1910 earum
976 1871 1073 1910 aliae
1115 1869 1384 1921 dogmaticae,
1422 1867 1520 1906 aliae
1554 1866 1702 1905 ethicae
1739 1865 2004 1915 appellantur:
2033 1862 2135 1900 &in

190 1934 356 1977 vtroque
383 1940 525 1977 genere
553 1927 652 1964 duae
681 1926 856 1976 quodam
884 1925 1005 1964 modo
1035 1924 1197 1962 diffusae
1225 1929 1334 1973 sunt7
1364 1933 1462 1971 quas
1493 1933 1573 1959 non
1600 1918 1855 1958 incommode
1881 1916 2136 1955 historicas&

193 1980 474 2019 ceremoniales
502 1979 655 2018 dixeris.

249 2048 307 2084 19.
363 2034 428 2071 Ab
456 2045 546 2071 vsu:
576 2033 685 2082 quod
714 2033 811 2071 aliae
840 2030 1056 2070 cultoribus
1084 2031 1256 2080 ipsarum
1285 2028 1453 2079 liberae,
1481 2026 1579 2065 aliae
1608 2026 1791 2064 videntur
1818 2022 2074 2062 necessariae.

249 2101 310 2125 20.
364 2088 400 2124 A
428 2086 632 2125 duratione
661 2086 850 2135 denique:
881 2085 988 2134 quod
1016 2085 1091 2122 hae
1124 2090 1336 2134 perpetuae
1363 2082 1579 2131 habentur⁷
1607 2079 1704 2117 aliae
1733 2076 2005 2127 temporariae.

251 2153 311 2178 21.
366 2140 534 2178 Diuinae
574 2139 803 2178 traditiones
839 2139 1104 2188 appellantur,
1143 2149 1242 2187 quae
1269 2137 1292 2173 a
1318 2137 1406 2174 Deo
1436 2137 1471 2173 &
1501 2133 1657 2172 Christo
1684 2129 1908 2170 immediate
1935 2127 2140 2179 Prophetis

193 2195 228 2231 ἃ
258 2193 460 2243 Apostolis
492 2195 646 2231 fuerunt
673 2192 862 2242 traditae,
890 2204 966 2230 nec
994 2191 1140 2241 scripto
1169 2191 1218 2229 ab
1247 2189 1292 2227 iis
1321 2188 1389 2238 qui
1416 2192 1653 2237 acceperunt
1675 2184 1941 2234 consignatae.

250 2261 310 2284 22.
366 2246 620 2296 Apostolicae
657 2245 886 2284 traditiones
924 2245 1189 2294 appellantun
1224 2255 1326 2293 quae
1365 2242 1415 2280 ab
1444 2240 1535 2291 ipsis
1564 2237 1767 2289 Apostolis
1793 2239 1950 2275 fuerunt
1978 2235 2142 2273 traditae

193 2299 368 2337 nascenti
396 2299 565 2349 primum
595 2299 795 2337 Ecclesiae
825 2297 1088 2345 Christianae,
1117 2310 1191 2335 nec
1221 2294 1366 2345 scripto
1396 2294 1451 2332 eis
1480 2292 1744 2343 consignatae.

249 2366 307 2402 23.
365 2353 447 2390 Etsi
476 2352 711 2402 perscriptas
739 2365 821 2391 esse
850 2364 915 2390 eas
943 2350 1212 2400 intelligimus.
1245 2359 1504 2399 quaecunque
1533 2346 1573 2384 in
1597 2345 1796 2395 Scriptura
1810 2356 1919 2382 sacra
1933 2349 1999 2381 aut
2013 2341 2142 2380 verbis

192 2406 384 2455 expressis
413 2406 684 2456 continentur„
713 2412 778 2443 aut
807 2411 1001 2454 potestate
1021 2403 1421 2450 verbori1n1.iustave
1436 2412 1567 2439 rerum
1582 2394 2143 2448 consequentia7&analogia.

250 2474 310 2505 24.
370 2461 446 2497 Sed
486 2461 584 2498 falso
614 2467 742 2497 tamen
775 2458 930 2497 diuinae
958 2457 1186 2495 traditiones
1213 2458 1262 2495 ab
1291 2454 1530 2504 Apostolicis
1559 2451 1866 2502 distinguuntur7
1894 2460 1995 2499 quae
2023 2459 2145 2486 vnum

194 2512 318 2561 reipsa
356 2520 466 2550 sunt:
507 2526 597 2550 narn
635 2511 974 2562 quemadmodum
1005 2509 1160 2548 diuinae
1191 2508 1420 2548 traditiones
1449 2507 1632 2545 dicuntur
1658 2518 1727 2544 eae
1755 2516 1853 2554 quas
1881 2504 1989 2541 Deus
2019 2503 2146 2551 Apos-

196 2565 284 2604 tolis
328 2565 497 2607 tradidit,
545 2567 580 2604 δι
623 2578 691 2615 per
732 2565 819 2603 illos
862 2563 1063 2602 Ecclesiae
1101 2575 1214 2611 suae3
1244 2563 1296 2601 ita
1324 2560 1580 2611 Apostolicae
1607 2560 1738 2597 nullae
1767 2563 1878 2607 sunt,
1907 2555 1980 2594 nisi
2006 2557 2031 2592 a
2057 2556 2146 2593 Deo

192 2618 377 2663 traditae„
408 2621 442 2657 ἃ
471 2618 510 2656 in
539 2618 736 2657 Ecclesias
764 2618 964 2656 traductae
993 2619 1277 2667 Apostolorum
1306 2613 1521 2653 ministerio
1550 2611 1790 2651 fidelissimo.

251 2686 270 2709 2
279 2683 313 2721 5.
368 2674 403 2709 T
405 2671 616 2710 raditiones
651 2679 780 2710 autem
815 2671 918 2719 illas7
947 2669 1028 2709 siue
1058 2669 1210 2708 diuinas
1241 2669 1322 2708 siue
1351 2667 1603 2718 Apostolicas
1631 2663 1798 2715 dixeris⁷
1829 2664 1926 2701 vllas
1954 2673 2147 2712 negamus

195 2738 279 2763 esse
320 2725 356 2762 in
400 2725 625 2775 dogmatico
669 2724 839 2774 ethicoq.
881 2736 1043 2774 genere:
1085 2729 1168 2761 turn
1212 2722 1304 2773 quia
1345 2721 1555 2771 Scripturis
1591 2726 1719 2757 toturn
1748 2717 1800 2764 id,
1844 2716 1954 2767 quod
1985 2715 2034 2753 ad
2063 2716 2141 2752 hoc

195 2785 363 2828 vtrumq.
392 2791 514 2828 genus
542 2778 729 2828 pertinet,
756 2777 951 2816 credimus
981 2776 1197 2827 contineri,
1226 2775 1300 2814 nisi
1328 2774 1545 2825 Scripturas
1565 2770 1893 2863 imperfectionis&
1888 2768 2014 2861 (qXOd
2029 2767 2146 2859 abisit)

1960 2827 2077 2873 posto
2095 2834 2140 2860 os
