2334 3020
233 84 280 120 62
874 95 940 120 DE
981 94 1126 120 VERA
1167 93 1519 121 THEOLOGIA.

231 213 329 249 quae
358 200 593 249 procedente
621 207 795 248 tempore
823 198 980 236 rationis
1008 201 1157 238 cultura
1183 208 1388 250 assurgunt
1408 200 1459 238 ad
1474 200 1745 238 conclusiones
1761 201 1796 237 &
1812 200 2150 239 determinationes

230 253 317 291 iust
318 266 351 290 e
379 252 561 290 scientiae
588 264 659 300 pro
687 258 845 288 naturae
873 252 1065 290 humanae
1093 253 1234 290 modo:
1265 252 1320 290 sic
1349 252 1464 290 etiam
1491 252 1528 290 in
1554 265 1673 302 opere
1688 252 1852 302 gratiae,
1869 254 1976 291 Deus
1991 260 2149 292 naturae

227 306 402 344 ordinem
431 304 599 342 imitatus
626 306 649 341 a
677 302 873 362 principiis
901 304 1046 352 gratiae
1073 306 1109 342 &
1131 304 1342 352 sapientiae
1362 304 1463 343 illius
1478 304 1697 357 exorditur3
1712 317 1810 354 quae
1829 304 2017 355 principia
2034 305 2148 345 nobis

225 358 263 396 in
292 358 369 395 vita
396 359 470 395 hac
500 369 568 406 per
595 356 758 415 gratiam
786 355 910 393 infusa
937 355 1142 407 irrigantur
1169 358 1205 394 &
1232 365 1447 416 augescunt
1475 358 1612 396 eadem
1639 358 1797 406 virtute,
1828 359 1956 396 donec
1979 360 2148 408 comple-

225 417 396 448 mentum
423 409 593 459 gloriosa
619 409 694 446 Dei
720 408 869 447 visione
897 409 932 446 &
960 409 1239 448 communione
1265 409 1306 448 in
1335 410 1452 448 coelis
1481 410 1739 450 obtineamus.
1781 388 1877 449 Sunt
1906 410 2020 461 igitur
2046 411 2148 460 prin-

225 463 325 512 cipia
350 464 467 512 11666,
497 462 576 500 51116
605 461 769 500 semina:
799 469 1070 511 argumentum
1098 462 1341 512 Theologiae
1361 462 1481 513 illius,
1496 474 1613 512 quam
1628 463 1888 514 Theologiam
1902 463 2148 503 reuelationis

223 517 473 565 appellamus.
507 516 546 552 T
541 516 637 553 lzess.
668 526 753 553 xm.
789 515 868 551 Est
891 520 1012 553 autem
1037 516 1078 552 T
1073 516 1249 563 lzeologz'a
1277 517 1523 553 reuelatz'om's
1550 529 1646 564 quae
1672 518 1732 554 lzz'c
1753 518 2052 555 communicatur
2065 530 2147 554 cum

223 570 388 606 humano
410 581 568 617 genere:
597 580 710 616 quam
736 569 846 605 etiam
874 580 948 604 non
974 568 1202 606 incommode
1235 569 1481 616 Theologz’am
1509 572 1680 606 nostram
1708 571 1974 619 appellaueris.
2014 570 2147 618 Quum

223 620 469 659 reuelationis
496 619 754 669 Theologiam
783 619 968 671 dicimus,
996 633 1077 659 non
1106 622 1272 659 obscure
1294 621 1399 659 idem
1422 620 1661 659 ostendimus
1684 622 1792 671 quod
1812 623 1929 671 paule
1943 625 2032 661 ante
2047 622 2149 661 dice-

222 675 372 712 bamus.
401 675 501 711 Nam
528 673 678 711 homini
705 672 745 710 in
771 674 845 711 hac
874 672 951 711 vita
980 674 1078 712 solet
1105 673 1284 712 accidere
1310 680 1488 722 respectu
1515 673 1689 713 salutaris
1718 674 1881 725 gratiae,
1911 682 2027 724 prout
2051 674 2149 713 aciei

223 728 427 764 oculorum
469 733 690 764 nostrorum
731 725 770 763 in
804 727 918 764 rebus
947 726 1152 764 cernendis
1180 725 1334 765 accidit.
1362 728 1442 765 Res
1468 725 1829 777 longinquissimas,
1863 727 2040 777 quamuis
2066 741 2148 766 am-

222 779 431 828 plissimas,
474 780 608 816 oculus
648 791 730 817 non
763 778 888 829 videt,
929 779 1019 829 quia
1060 778 1282 818 debilitatur
1317 779 1571 828 hebescitque
1606 779 1665 817 vis
1701 779 1765 817 illa
1793 782 1998 819 oculorum
2026 780 2147 819 nimio

222 843 347 869 rerum
375 831 599 869 interuallo:
629 831 789 881 propius
817 832 1094 870 accedentibus
1123 845 1183 871 res
1212 832 1392 871 videntur
1420 833 1632 881 obscurae,
1648 844 1791 870 aenon
1808 832 2146 884 internoscuntur3

222 884 398 943 proxime
438 887 530 922 vero
568 885 750 923 admotae
785 887 821 922 &
849 898 921 934 pro
951 884 1178 923 conditione
1206 885 1309 924 visus
1337 884 1479 933 nostri
1509 892 1802 934 cognoscuntur
1829 887 1954 935 plane.
1996 887 2147 924 Eadem

222 937 318 975 ratio
347 944 405 975 est
427 937 466 974 in
495 937 840 986 comtemplatione
869 939 904 976 &
936 938 1294 977 communicatione
1322 938 1488 989 gratiae:
1517 937 1660 976 etenim
1687 937 1850 987 gratiam
1876 939 1981 977 illam
2003 941 2147 977 11166111-

221 1002 295 1039 que
323 992 407 1039 re(f.
439 993 550 1041 1389.
553 993 655 1046 )rum
683 990 920 1040 diuinarum,
950 992 1054 1029 velut
1082 1003 1200 1056 quam
1226 991 1450 1042 longissime
1466 1002 1582 1040 supra
1596 992 1792 1029 nos&1=es
1808 1004 1943 1031 omnes
1959 991 2146 1043 positam,

220 1043 350 1081 videre
377 1056 493 1081 nemo
523 1043 697 1081 nostrum
721 1051 867 1093 potest;
891 1043 1116 1094 praesertim
1146 1057 1235 1085 cum
1260 1044 1425 1082 caecitas
1440 1043 1579 1081 mentis
1594 1050 1751 1082 nostrae
1767 1056 1815 1082 eo
1830 1044 2054 1103 accesserit,
2069 1056 2146 1094 qua

221 1095 452 1144 impedimur
479 1096 518 1133 in
546 1097 859 1146 contemplandis
888 1097 1028 1135 diuinis
1054 1098 1188 1145 rebus,
1217 1097 1369 1136 etiamsi
1396 1109 1466 1147 per
1494 1109 1535 1134 se
1549 1098 1713 1146 possent
1726 1109 1795 1135 eae
1809 1096 1958 1147 percipi
1972 1103 2144 1136 contem-

222 1148 392 1198 platione
421 1156 564 1187 nostra.
606 1149 738 1197 Quum
767 1156 895 1188 autem
925 1151 1012 1188 Deo
1040 1150 1164 1189 visum
1193 1157 1251 1188 651
1265 1164 1324 1189 res
1339 1150 1422 1188 11165
1439 1150 1747 1198 supernaturales
1761 1149 1972 1189 admouere
1986 1149 2146 1200 propius

222 1201 343 1239 oculis
372 1201 510 1240 mentis
539 1209 695 1240 nostrae
721 1215 792 1252 per
819 1203 1079 1252 Theologiam
1106 1204 1226 1253 hanc,
1256 1215 1373 1252 quam
1398 1202 1644 1241 reuelationis
1665 1204 1924 1253 appellamus,
1940 1209 2022 1241 tum
2037 1203 2146 1252 quasi

223 1257 244 1292 e
284 1254 498 1304 longinquo
541 1255 722 1293 videntur
755 1255 820 1293 illa
857 1256 1048 1294 beneficia
1075 1256 1238 1306 gratiae,
1268 1259 1303 1295 &
1331 1255 1483 1294 videtur
1510 1257 1617 1294 Deus
1642 1262 1840 1294 tantorum
1866 1255 2147 1294 beneficiorum

222 1314 374 1345 auctor:
404 1308 473 1346 sed
500 1307 552 1346 ita
580 1315 710 1346 tamen
737 1315 779 1346 vt
807 1308 1067 1346 communiter
1093 1309 1241 1356 adhuc,
1270 1311 1305 1347 &
1335 1310 1522 1358 obscure,
1551 1310 1586 1346 &
1614 1308 1842 1358 imperfecte
1866 1308 2147 1359 videamus,vt

222 1359 287 1408 qui
327 1360 510 1409 paulatim
544 1361 738 1399 accedunt
768 1361 928 1410 propius
964 1361 1016 1399 ad
1040 1374 1122 1399 rem
1151 1362 1273 1400 oculis
1301 1362 1378 1400 suis
1407 1361 1622 1410 expositam
1648 1362 1781 1400 videre
1808 1362 1946 1400 solent.
1976 1362 2054 1399 Sed
2080 1361 2148 1400 vbi

223 1412 455 1450 curriculum
485 1413 584 1452 vitae
612 1413 739 1464 istius,
767 1414 806 1451 in
834 1426 912 1462 qua
940 1414 1230 1464 peregrinamur
1256 1417 1279 1453 6
1305 1414 1501 1464 Ι)01111110,
1525 1414 1672 1453 emensi
1685 1413 2023 1464 fuerimus,idque
2038 1427 2144 1463 prae-

220 1467 371 1503 lucente
397 1467 640 1505 reuelationis
669 1469 773 1516 face,
802 1479 921 1516 quarn
948 1467 1064 1505 docet
1091 1468 1189 1505 haec
1219 1467 1455 1517 Theologia:
1484 1474 1566 1505 tum
1593 1467 1770 1505 cominus
1796 1466 1913 1505 visuri
1940 1478 2093 1518 sumus,
2109 1468 2144 1505 &

221 1518 499 1567 perfectionem
528 1519 761 1570 cognitionis
790 1519 829 1557 in
856 1519 1012 1558 Christo
1041 1519 1235 1570 adepturi,
1251 1532 1350 1569 quae
1365 1519 1756 1570 Theologia'visionis
1771 1521 1998 1569 appellatur.
2027 1521 2144 1558 Hanc

222 1574 313 1609 vero
356 1572 614 1623 Theologiam
653 1572 920 1618 reuelationis,
951 1585 1050 1623 quae
1078 1573 1194 1611 etiam
1221 1580 1354 1611 nostra
1382 1572 1544 1622 dicitur,
1569 1573 1711 1611 eodem
1743 1574 1857 1622 plane
1886 1571 2024 1611 ordine
2050 1573 2144 1610 defi-

219 1623 345 1662 nimus
386 1637 463 1674 quo
503 1626 800 1664 antecedentem
840 1625 1014 1665 fecimus.
1060 1627 1155 1664 Sunt
1197 1626 1301 1665 enim
1334 1638 1455 1676 genus
1492 1626 1527 1663 &
1555 1625 1771 1664 differentia
1798 1625 2017 1664 communis
2045 1625 2144 1674 eius,

220 1677 413 1726 Saffie‘leicz
441 1691 572 1716 remma
600 1681 839 1716 diuinarum:
869 1691 965 1728 quas
992 1692 1111 1717 voces
1137 1679 1226 1718 idee
1255 1691 1336 1717 non
1361 1678 1637 1729 expressimus,
1654 1678 1744 1727 quia
1759 1690 1806 1716 ex
1820 1677 2144 1728 praecedentibus

221 1732 350 1779 aperte
373 1730 646 1781 intelliguntur.
672 1731 913 1781 Singularem
941 1735 1032 1770 vero
1061 1731 1316 1770 differentiam
1346 1731 1459 1769 huius
1487 1731 1729 1781 Theologiae
1756 1731 1806 1768 ab
1835 1730 1916 1769 aliis
1943 1730 2144 1781 illis,quas

221 1785 308 1820 ante
343 1783 680 1832 adumbrauimus,
717 1784 776 1822 his
802 1784 930 1823 verbis
958 1784 1329 1823 demonstrauimus:
1359 1797 1455 1834 quae
1481 1786 1541 1822 laic
1570 1785 1842 1821 communicata
1869 1797 1950 1822 cum
1978 1784 2144 1830 luculano

216 1848 367 1883 genere.
395 1837 538 1875 Modus
567 1844 623 1876 est
651 1840 1014 1876 coamanicationes:
1046 1836 1272 1876 Subiectum
1300 1838 1350 1875 ad
1377 1849 1494 1886 quarn
1521 1838 1619 1875 haec
1647 1835 1951 1875 communicatio
1978 1836 2144 1886 pertinet

221 1889 427 1926 mmmmm
462 1903 586 1938 genus
628 1889 822 1928 statuitur:
863 1892 974 1929 locus
1015 1893 1050 1929 &⁷
1092 1897 1244 1940 tempus
1285 1890 1519 1929 definiuntur
1559 1903 1676 1938 voce,
1715 1890 1797 1938 lzz'c,
1825 1889 1866 1927 id
1894 1895 1972 1939 est,
2002 1889 2042 1927 in
2069 1890 2143 1927 hac

221 1940 383 1979 statione
416 1943 450 1979 ἃ
478 1950 681 2002 praesente
710 1945 855 1982 seculo.
893 1943 1046 1992 Quibus
1073 1956 1120 1982 ex
1147 1945 1264 1981 rebus
1294 1942 1499 1981 conficitur
1525 1942 1622 1980 illud
1649 1942 1890 1991 11666556110,
1919 1943 2026 1991 quod
2053 1945 2143 1981 ante

220 1993 530 2042 perstrinximus:
561 1995 743 2033 nimirum
771 1998 901 2034 lumen
930 1996 1187 2035 intellectuale
1208 1995 1320 2034 huius
1333 1997 1368 2033 T
1372 1995 1575 2045 11601οσ166
1589 2008 1670 2033 non
1685 2007 1942 2045 permanens,
1958 1995 2027 2033 sed
2042 2001 2143 2032 tran-

220 2045 337 2084 siens:
366 2060 446 2085 non
472 2049 691 2097 perfectum
720 2049 963 2108 simpliciter,
993 2049 1061 2087 sed
1088 2050 1236 2087 tantum
1263 2049 1479 2108 perfectum
1490 2027 1543 2086 O&
1570 2048 1791 2086 absolutum
1818 2048 2034 2085 secundum
2049 2047 2143 2097 quid

222 2099 406 2148 appellari
447 2113 572 2149 posse.
614 2103 713 2138 Nam
754 2101 834 2140 siue
874 2103 1035 2140 modum
1077 2101 1441 2140 communicationis
1477 2107 1718 2151 spectemus,
1751 2101 1933 2138 reuelatz‘o
1961 2106 2039 2149 est,
2067 2111 2143 2159 qua

222 2153 327 2190 Deus
368 2164 448 2190 non
488 2160 613 2191 totum
655 2154 852 2192 obiectum
889 2155 1148 2204 Theologiae,
1177 2161 1293 2204 prout
1321 2161 1399 2203 651,
1428 2154 1567 2203 aperit:
1599 2154 1669 2192 sed
1697 2159 1812 2202 prout
1837 2154 1887 2190 ab
1915 2152 2074 2191 homine
2103 2152 2144 2191 in

221 2205 294 2241 hac
323 2204 486 2243 statione
516 2207 550 2243 ἃ
577 2206 797 2244 infirmitate
826 2207 905 2246 eius
934 2207 1213 2257 comprehendi
1239 2213 1387 2257 potest:
1416 2206 1505 2245 Siue
1534 2205 1777 2255 subiectum
1767 2217 1895 2255 lpsum
1909 2205 2140 2264 respexeris,

222 2256 315 2294 nihil
359 2260 461 2295 certe
502 2259 579 2296 1106
623 2260 673 2296 ad
715 2259 902 2298 infinitam
945 2259 1088 2298 obiecti
1124 2259 1222 2298 illius
1250 2259 1563 2309 amplitudinem,
1593 2259 1640 2297 de
1669 2270 1746 2308 qua
1772 2271 1821 2296 ne
1848 2271 1918 2317 per
1945 2257 2140 2297 somnium

223 2310 380 2358 quidem
407 2310 446 2348 in
474 2318 642 2349 mentem
669 2312 817 2350 homini
844 2313 974 2351 venire
1000 2320 1146 2362 potest:
1177 2312 1264 2351 Siue
1293 2312 1459 2361 denique
1486 2311 1617 2350 animo
1645 2314 1680 2350 ἃ
1709 2310 1946 2370 cogitatione
1967 2317 2140 2349 contem-

222 2362 336 2410 pleris
363 2364 464 2401 hanc
493 2363 698 2402 stationem
726 2372 898 2403 nostram
926 2365 1147 2415 longissime
1175 2368 1198 2404 Ξι
1226 2367 1311 2404 Deo
1340 2364 1531 2411 dissitam,
1560 2363 1840 2402 &breuitatem
1855 2363 2141 2413 vanitatemque

222 2415 329 2453 istius
370 2416 456 2453 aeui
496 2416 637 2465 nostri,
679 2417 760 2454 fieri
801 2420 977 2466 profecto
1018 2431 1099 2457 non
1140 2425 1285 2468 potest,
1320 2417 1418 2467 quin
1440 2417 1667 2455 tenuitatem
1694 2418 1835 2455 horum
1861 2415 2142 2466 principiorum

219 2480 474 2516 agnoscamus
503 2471 525 2506 a
554 2481 705 2507 summa
736 2470 975 2530 perfectione
1003 2471 1182 2510 coelestis
1209 2470 1309 2508 illius
1345 2470 1586 2520 Theologiae
1614 2469 1825 2518 plurimum
1852 2468 2044 2507 dissitam:
2085 2470 2141 2507 Vt

219 2523 265 2558 60
308 2520 523 2570 religiosius
564 2534 634 2571 per
674 2523 771 2560 haec
812 2523 942 2562 tenuia
977 2523 1131 2563 diuinae
1168 2523 1313 2573 gratiae
1340 2523 1576 2561 documenta
1604 2522 1885 2560 contendamus
1912 2523 1962 2559 ad
1990 2532 2141 2559 summa

213 2573 296 2619 illa,
326 2573 596 2623 enitamurque
625 2574 693 2612 sin
686 2575 765 2624 guli
791 2575 1092 2626 diligentissime.
1122 2575 1243 2624 Quod
1266 2576 1296 2614 51
1323 2575 1408 2624 quis
1436 2582 1565 2614 tamen
1593 2576 1752 2613 alteiam
1773 2574 1885 2612 huius
1899 2573 2139 2624 Theologiae

217 2625 481 2683 definitionem
510 2640 578 2676 per
605 2638 740 2665 causas
767 2628 1039 2679 postulauerit,
1069 2636 1109 2667 vt
1134 2629 1300 2666 antehac
1326 2628 1488 2666 fecimus
1509 2627 1548 2665 in
1573 2626 1757 2677 perS1m111
1771 2633 2020 2677 argumento
2035 2625 2140 2664 haud

221 2677 303 2716 scio
339 2691 387 2716 an
414 2680 511 2717 haec
541 2680 751 2717 commoda
780 2680 827 2718 sit
854 2682 998 2719 futura:
1041 2683 1253 2730 Theologm
1279 2686 1412 2719 nostra
1441 2686 1497 2718 est
1520 2681 1716 2727 Sapzesztza
1742 2693 1872 2716 rerum
1901 2681 2139 2728 dmmarum,

225 2731 453 2769 reuelatione
470 2738 547 2781 pe}
575 2733 760 2781 Spintum
793 2734 868 2770 Dei
893 2736 1164 2772 commumccztcz
1192 2739 1357 2771 maturae
1383 2735 1495 2771 lanus
1518 2739 1588 2770 aut
1606 2734 1765 2780 gratiae
1791 2733 1968 2775 beneseto
1991 2744 2073 2769 cum
2093 2733 2141 2769 zis

2008 2785 2076 2832 qui
2099 2796 2139 2821 m
