2334 3020
788 101 1004 128 Tnnsns
1043 101 1475 129 THEOLoomAE.
2037 94 2124 142 165‘

174 207 252 258 nis,
281 206 506 257 doloribus,
535 205 719 245 tristiciae
747 208 782 245 δι
811 206 1022 246 innumeris
1049 207 1183 258 malis,
1211 219 1310 257 quae
1339 207 1404 257 qui
1431 209 1536 247 volet
1565 219 1811 258 enumerare,
1841 220 1975 247 arenas
1989 208 2103 247 maris

173 261 208 298 &
248 259 344 299 caeli
382 260 510 298 stellas
544 266 679 310 pergat
713 259 753 297 in
789 270 994 298 numerum
1023 261 1175 299 referre.
1204 260 1373 310 denique
1406 261 1564 300 effectus
1595 261 1856 311 corruptionis
1883 261 1986 299 illico
2014 267 2102 312 post

173 315 322 363 lapsum
350 312 481 363 coepit
508 312 649 351 sentire
677 312 856 362 vtrinque
885 316 920 351 δι
948 312 1123 363 quotidie
1151 313 1263 352 mori.
1305 315 1419 352 Rom.
1448 316 1484 352 6.
1516 327 1575 373 23.

230 380 290 405 22.
344 367 497 404 Poenae
538 364 654 403 etiam
692 365 782 404 inde
817 366 972 404 Adamo
1011 367 1046 403 &
1083 367 1190 404 Euae
1227 365 1451 417 impositae
1481 368 1516 404 &
1543 367 1582 405 in
1611 367 1789 405 sobolem
1817 379 1953 406 eorum
1983 374 2102 405 trans-

175 419 332 469 missae,
372 429 507 469 graues
549 420 584 456 δι
627 420 788 468 multae,
828 431 917 457 cum
944 426 1145 470 aeternae,
1173 420 1254 458 tum
1283 420 1530 469 temporales.
1560 431 1722 470 quarum
1750 419 1847 458 aliae
1876 426 1965 459 sunt
1992 431 2105 458 sexus

174 471 361 521 cuiusque
395 470 599 521 propriae,
636 471 733 509 aliae
761 472 914 520 utrique
943 483 1184 511 communes.
1216 472 1398 511 foeminei
1425 472 1624 523 propriae,
1654 472 1863 523 concipere
1891 474 1926 511 &
1955 479 2107 523 gestare

175 526 323 563 foetum
351 534 441 562 cum
470 501 623 562 fastidio
652 527 687 562 δε
715 536 916 575 moerore,
945 536 1228 584 nonnunquam
1258 526 1468 575 continuo,
1497 533 1718 565 emortuum
1733 503 2104 584 proferreinblucem

175 579 364 616 fructum:
393 589 530 626 parere
559 588 647 615 cum
680 576 883 615 doloribus
912 579 946 616 δι
975 578 1086 616 malis
1116 578 1378 628 ingeminatis:
1415 579 1628 618 subiectam
1657 591 1739 617 esse
1767 579 1850 617 viro
1879 579 1975 617 nolit
2002 579 2104 617 velit.

174 629 304 669 Virilis
342 640 453 668 sexus
492 642 642 679 poenae
671 637 760 668 sunt
787 644 924 680 parare
953 630 1084 670 cibum
1114 631 1185 670 sibi
1213 633 1248 669 &
1278 631 1409 682 vxori,
1438 645 1483 669 ac
1511 631 1582 671 toti
1608 631 1792 682 familiae,
1819 631 1988 681 plurimo
2017 643 2106 670 cum

173 684 331 732 labore,
362 689 503 720 terram
532 695 662 734 arare,
693 695 792 732 quae
824 683 1042 733 sterilescit,
1072 684 1236 723 tribulos
1265 686 1300 722 &
1329 684 1457 735 spinas
1484 686 1556 723 fert
1584 697 1656 735 pro
1678 683 2003 735 sementibus,ob
2018 698 2107 734 pec-

173 742 323 774 catum:
359 746 448 773 cum
486 737 627 774 sudore
664 743 748 774 toto
790 735 891 775 vitae
933 748 1048 775 cursu
1085 750 1226 786 panem
1262 748 1374 775 suum
1402 738 1628 788 comedere,
1656 740 1728 776 &c.
1756 749 1985 776 communes
2014 743 2103 775 sunt

170 788 320 838 vtrique
357 788 463 827 sexui
498 788 738 828 infirmitates
775 796 926 839 praeter
954 801 1050 839 quas
1078 791 1200 828 modo
1230 790 1478 841 dicebamus,
1507 802 1598 829 cum
1627 790 1818 840 separatio
1846 803 1916 840 per
1940 796 2105 829 mortem

170 841 303 892 vnius,
332 842 383 879 ab
411 843 534 880 altero
563 841 784 893 superstite,
812 849 894 880 tum
924 842 1120 893 Vtriusque
1149 856 1266 881 mors.
1303 844 1398 881 Gen.
1425 856 1461 892 3.
1495 846 1552 881 16.
1587 855 1645 892 17.
1680 845 1737 881 18.
1768 857 1826 893 19.

227 908 287 943 23.
346 894 462 932 Adde
491 895 619 944 quod,
646 902 687 933 vt
715 898 832 944 quam
862 895 908 934 sit
936 908 1054 945 graue
1078 897 1154 934 hoc
1182 902 1406 947 peccatum,
1435 897 1470 933 δι
1498 897 1586 935 Deo
1612 908 1774 935 exosum
1795 903 2000 947 appareat,
2022 909 2102 934 non

171 949 319 988 tantum
362 947 401 985 in
443 960 510 986 eos
553 948 619 998 qui
660 949 781 987 libera
816 949 1016 987 voluntate
1044 948 1154 987 abusi
1185 948 1465 987 commiserunt
1492 949 1604 999 illud,
1635 951 1669 987 δε
1697 949 1735 986 in
1763 951 2031 988 consulentem
2060 962 2105 987 ac

172 1007 426 1052 tentatorem,
456 1007 570 1050 atque
599 1001 898 1040 instrumentum
927 1013 1006 1051 quo
1034 1014 1124 1040 vsus
1153 1008 1209 1040 est
1232 1002 1283 1040 ad
1299 1001 1594 1052 decipiendum,
1611 1001 1833 1040 maledictio
1850 1002 2103 1041 redundauit:

171 1055 240 1093 sed
283 1058 318 1094 &
353 1055 391 1094 in
426 1053 518 1092 alias
557 1054 672 1092 etiarn
702 1067 783 1104 res,
813 1054 952 1103 quibus
980 1054 1237 1105 imperaturus
1266 1062 1349 1092 erat
1375 1054 1552 1093 Adamus
1581 1067 1733 1104 semper
1762 1068 1835 1104 pro
1863 1055 2043 1104 arbitrio,
2073 1056 2104 1094 si

170 1108 408 1159 perstitisset.
438 1107 536 1145 Gen·
566 1121 601 1156 3.
632 1121 669 1146 v.
703 1121 760 1154 14.
795 1117 852 1156 15.
889 1109 945 1145 16.
981 1120 1040 1155 17.
1073 1109 1130 1146 18.
1164 1120 1224 1157 19.
1265 1108 1520 1157 Alaledictus,
1549 1106 1673 1156 inquit
1695 1107 1889 1146 Dominus
1911 1109 2102 1158 serpenti,

164 1169 268 1212 prae
298 1163 401 1199 omni
426 1163 607 1210 iumento,
637 1161 686 1198 ὁ)
702 1167 810 1211 prae
838 1162 941 1198 emm·
966 1161 1083 1198 bestia
1110 1162 1223 1209 agri,
1252 1162 1358 1210 quod
1378 1161 1481 1197 zllud
1492 1160 1659 1209 feceris:
1687 1167 1803 1210 super
1816 1166 1981 1199 ventrem
1997 1167 2101 1199 tuum

170 1217 240 1264 ito,
282 1216 331 1252 ἐφ’
366 1215 560 1265 puluerem
598 1214 795 1264 comedite,
824 1214 995 1251 omnibus
1022 1213 1150 1250 diebus
1178 1214 1278 1252 vitae
1304 1218 1402 1250 tuae.
1444 1214 1572 1263 Euae,
1600 1215 1814 1251 Admodz‘cm
1844 1215 2099 1263 multiplicabo

170 1269 335 1306 dolorem
379 1273 502 1314 tuum,
543 1267 653 1304 etiam
695 1271 891 1315 conceptus
933 1268 999 1305 tui.
1034 1268 1074 1303 ia
1111 1267 1242 1304 dolore
1257 1267 1397 1316 paries
1425 1267 1567 1304 liberos
1595 1272 1701 1317 tuos,
1730 1268 1822 1315 quin
1852 1279 1949 1315 erga
1976 1269 2101 1306 virum

170 1326 274 1358 tuum
298 1321 485 1371 appetitas
514 1325 600 1357 tuus
627 1322 725 1369 esto,
754 1320 802 1356 ἐφ’
830 1320 909 1369 ipse
935 1319 1005 1356 tibi
1020 1323 1215 1368 praeesto.
1252 1318 1430 1369 Adamo,
1476 1320 1580 1368 Quia
1608 1321 1838 1358 auscultasti
1861 1321 1947 1359 voci
1971 1322 2104 1359 vworis

170 1379 257 1411 tuae
286 1375 335 1411 ὃν
364 1375 408 1411 de
423 1372 566 1422 fructa
595 1373 735 1410 arbori
758 1373 969 1422 comedisti,
997 1385 1072 1421 quo
1099 1373 1375 1410 interdixeram
1403 1373 1472 1409 tibi
1497 1385 1542 1410 ne
1565 1374 1795 1422 comederes,
1810 1374 2012 1411 maledicta
2027 1379 2103 1411 esto

170 1433 280 1464 terra
313 1431 474 1476 propter
515 1431 565 1474 te,
607 1438 690 1462 cum
731 1426 862 1462 dolore
905 1426 1082 1464 comedito
1121 1430 1352 1474 prouentum
1395 1427 1474 1463 eius
1511 1426 1683 1463 omnibus
1710 1426 1840 1463 diebus
1867 1427 1967 1464 vitae
1994 1432 2103 1464 tuac:

170 1480 305 1528 anue
338 1481 486 1528 spinam
528 1479 578 1515 ἐφ’
618 1479 803 1515 carduum
832 1477 1017 1527 proferto
1045 1479 1131 1529 tibi,
1159 1483 1199 1515 ta
1229 1480 1319 1517 vero
1349 1480 1527 1517 comedite
1555 1479 1713 1516 herbam
1742 1481 1847 1527 agri.
1888 1480 1940 1516 ln
1964 1479 2103 1517 sudore

168 1533 294 1571 vultus
335 1533 393 1570 tui
425 1532 584 1570 vescitor
621 1531 700 1568 cibo
736 1532 851 1569 donec
878 1533 1093 1569 reuertaris
1121 1533 1160 1568 in
1187 1532 1364 1582 lizanum,
1391 1533 1473 1570 &a
1502 1534 1658 1580 splagno
1685 1533 1873 1570 desiderio
1900 1538 2103 1570 creaturae

168 1590 363 1634 expectant
399 1585 665 1622 reuelationem
698 1585 880 1633 filiorum
921 1585 1022 1635 Dei,
1064 1586 1246 1634 siquidem
1288 1586 1455 1624 vanitati
1493 1586 1664 1623 subditae
1697 1590 1806 1635 suat,
1832 1599 1907 1623 non
1933 1587 2103 1637 propria

168 1639 378 1687 voluntate,
407 1638 476 1674 sed
498 1638 603 1674 illius
631 1638 700 1686 qui
723 1650 787 1674 eas
815 1638 982 1676 subiecit.
1014 1638 1132 1676 Rom.
1163 1639 1199 1676 8.
1232 1651 1291 1688 19.
1322 1651 1384 1677 20.

223 1703 283 1738 24.
339 1690 438 1729 Cum
467 1696 595 1727 autem
623 1690 722 1728 adeo
753 1689 881 1740 grauis
907 1689 971 1728 hic
998 1688 1149 1741 lapsus,
1178 1692 1214 1729 &
1242 1691 1403 1730 morbus
1432 1698 1514 1729 tum
1542 1690 1694 1730 animae
1722 1697 1805 1728 tum
1834 1691 2031 1742 corporis,
2059 1705 2106 1730 ac

167 1755 248 1782 non
289 1742 363 1782 nisi
399 1742 449 1781 ad
486 1749 654 1781 mortem
682 1743 902 1794 Vtriusque,
931 1745 967 1782 &
995 1743 1140 1783 viribus
1171 1751 1370 1783 creaturae
1398 1744 1510 1783 vllius
1538 1756 1697 1795 prorsus
1726 1743 1965 1794 incurabilis,
1997 1746 2104 1783 nulla

166 1795 240 1834 nisi
282 1803 461 1835 aeternae
502 1795 580 1834 irae
622 1796 658 1833 &
699 1798 722 1834 a
759 1807 911 1834 summo
947 1796 1105 1849 Iudice,
1133 1797 1173 1835 in
1201 1797 1338 1847 poenis
1367 1797 1628 1848 sempiternis,
1656 1797 1860 1836 iustissime
1887 1798 2101 1846 iudicante,

168 1850 384 1899 expectatio
426 1861 510 1887 esse
551 1855 726 1898 poterat,
768 1850 803 1886 δε
840 1849 947 1888 omni
981 1849 1084 1889 vitae
1111 1863 1180 1900 spe
1208 1851 1431 1901 deplorata,
1467 1851 1550 1901 ipse
1579 1850 1646 1900 qui
1675 1850 1815 1889 siuerat
1842 1850 1924 1889 fieri
1949 1853 2102 1901 lapsum

168 1915 276 1952 spem
317 1902 410 1941 fecit
448 1909 647 1940 creaturae
687 1902 946 1953 recreandae,
987 1903 1114 1954 primo
1149 1904 1216 1943 illo
1253 1903 1456 1954 Euangelij
1493 1903 1638 1942 nuncio
1671 1903 1840 1954 salutari,
1873 1904 2102 1954 promittens

168 1958 295 1993 Semen
336 1956 580 2003 benedictum,
623 1957 729 2005 quod
765 1958 1018 1994 contriturma
1049 1963 1144 1995 esset
1176 1962 1294 2008 caput
1327 1959 1531 2008 serpentis,
1562 1959 1610 1995 ὃν
1637 1959 1890 1995 liberaturum
1912 1959 2101 2008 populum.

166 2021 275 2046 saum
317 2011 342 2045 ὰ
377 2011 543 2058 pcccatis
583 2022 727 2048 eorum.
768 2010 870 2048 Gen.
913 2022 950 2059 3.
987 2024 1022 2048 v.
1066 2021 1123 2060 15.
1152 2012 1265 2049 Matt.
1300 2024 1331 2048 1.
1363 2023 1424 2048 21.
1453 2012 1549 2049 Luc.
1581 2024 1616 2049 2.
1644 2024 1680 2048 v.
1715 2024 1774 2048 11.
1802 2010 1911 2059 quod
1939 2010 2099 2060 quidem

166 2063 311 2100 factum
353 2068 409 2100 est
449 2072 519 2100 suo
561 2069 738 2112 tempore
773 2061 812 2100 in
841 2060 1010 2102 Christo
1026 2065 1116 2102 Iesu
1151 2063 1420 2113 Redemptore
1448 2070 1627 2114 aeterno,
1655 2065 1690 2101 δι
1718 2063 1938 2102 Mediatore
1966 2071 2101 2102 nostro

166 2114 412 2166 beatissimo,
451 2113 531 2153 filio
567 2114 819 2165 Dilectionis,
855 2116 920 2166 qui
948 2117 1062 2166 pas(f.
1097 2118 1193 2166 1645
1201 2119 1294 2167 .)sus
1327 2123 1383 2155 est
1411 2123 1578 2156 mortem
1605 2122 1647 2154 vt
1674 2129 1746 2155 nos
1774 2117 1814 2154 in
1843 2116 1964 2155 vitam
1991 2117 2104 2155 redu-

167 2173 272 2206 ceret
308 2167 531 2219 meliorem,
560 2169 663 2207 vnde
691 2169 775 2207 laus
805 2169 858 2207 illi
886 2171 922 2208 ὃ(
951 2169 1078 2220 gloria
1107 2169 1345 2220 sempiterna
1371 2172 1449 2208 vna
1476 2182 1566 2209 cum
1596 2171 1709 2208 Patre
1738 2170 1774 2208 &
1803 2169 1946 2220 Spiritu
1973 2176 2108 2209 sancto

166 2220 205 2259 in
233 2222 398 2260 saecula.
441 2222 582 2260 Amen.

940 2378 1333 2407 COROLLARIA.

222 2498 254 2523 1.
306 2485 461 2523 Nefaria
500 2484 615 2535 igitur
656 2486 692 2523 &
733 2485 899 2524 maxime
940 2485 1059 2537 impia
1087 2493 1143 2525 est
1171 2497 1307 2525 eorum
1335 2486 1468 2537 opinio
1497 2487 1563 2537 qui
1592 2487 1754 2526 huiusce
1781 2488 1911 2537 lapsus
1939 2498 2097 2525 causam

166 2537 446 2577 Efficientem'
436 2551 475 2576 1n
503 2539 633 2576 Deum
659 2538 851 2589 optimum
879 2539 1117 2591 Maximum,
1145 2540 1271 2578 solum
1296 2540 1473 2579 omnium
1487 2542 1687 2580 bonorum
1703 2542 1890 2579 faetorem
1898 2552 2101 2591 ,regerere

166 2590 354 2642 audeant,
395 2591 430 2628 &
468 2591 535 2641 qui
568 2603 803 2642 quocunque
840 2592 966 2631 velint
994 2593 1115 2632 modo
1154 2592 1207 2631 ei
1215 2594 1438 2645 ζοῦΙεῑῒΥᾶΥθ,
1475 2594 1583 2644 quasi
1611 2593 1749 2632 iniuste
1777 2571 1908 2632 actuni
1936 2593 1984 2631 sit
2011 2604 2101 2631 cum
2159 2635 2166 2640 .

165 2643 345 2694 homine,
375 2645 468 2683 dum
496 2643 659 2683 arbitrio
685 2646 894 2684 voluntatis
923 2657 1012 2685 suae
1041 2645 1270 2705 permisssus
1299 2653 1373 2696 est,
1401 2659 1476 2685 nec
1502 2647 1710 2698 impeditus
1738 2659 1787 2685 ne
1814 2653 2036 2697 peccaret.
2073 2649 2086 2657 '⁴

215 2710 256 2756 .²·
311 2697 460 2736 Eorum
497 2697 563 2748 qui
597 2709 688 2737 cum
715 2699 868 2749 peccati
896 2711 1031 2738 causas
1058 2699 1187 2738 rimari
1214 2712 1294 2738 non
1322 2707 1482 2750 possent
1508 2701 1587 2739 duo
1617 2700 1831 2739 commenti
1858 2706 1947 2738 sunt
1971 2710 2100 2738 rerum

166 2748 378 2802 principia,
405 2761 526 2790 vnum
551 2751 707 2791 Bonum
735 2752 932 2792 bonorum
961 2764 1136 2804 causam,
1164 2753 1328 2792 alterum
1357 2754 1503 2793 malum
1531 2754 1745 2804 malorum,
1773 2759 1815 2792 vt
1840 2751 2013 2792 Manich.
2037 2806 2074 2844 A

1944 2819 1981 2857 3.
2075 2818 2098 2844 c
