2334 3020
799 137 1015 164 THESES
1058 138 1486 166 THEOLOGICAE.
2012 139 2090 176 305

207 250 243 285 8.
300 245 522 285 Auctoritas
558 245 631 283 Dei
669 252 723 283 est
761 245 885 295 prima
915 250 1168 294 summaque,
1204 245 1239 282 &
1272 245 1358 282 sola
1386 243 1580 282 sufficiens
1609 257 1678 293 per
1705 256 1764 282 se:
1796 243 1962 293 proinde
1990 244 2096 281 nulla

153 301 203 338 ad
234 314 319 338 eam
349 306 477 349 potest
505 299 586 337 fieri
614 301 637 336 a
667 298 781 336 nobis
809 299 1003 336 accessio:
1033 311 1124 335 nam
1153 296 1304 335 infinito
1333 297 1419 346 quis
1449 294 1592 335 addat?

210 367 244 402 9.
301 351 524 390 Auctoritas
562 351 761 389 Ecclesiae
799 358 856 389 est
883 350 1131 401 secundaria,
1157 363 1237 388 non
1266 350 1317 387 ad
1344 350 1591 388 statuendum
1619 350 1714 401 (hoc
1743 348 1847 387 enim
1877 349 1950 386 Dei
1977 348 2096 386 solius

153 408 226 454 est)
257 406 325 444 sed
353 406 403 443 ad
433 404 719 443 testificandum
751 403 921 442 diuinam
951 404 1224 442 auctoritatem
1253 403 1486 453 Scripturae.

211 472 269 496 10.
325 460 542 506 Vtramque
586 470 679 507 ergo
721 457 993 495 auctoritatem
1035 456 1306 507 agnoscimus,
1349 457 1418 494 sed
1456 468 1526 494 suo
1562 456 1713 494 ordine.
1756 456 1885 504 Quem
1915 454 2095 493 ordinem

157 513 382 550 conuellunt
421 510 560 558 hodie7
599 510 823 559 quicunque
851 511 1020 560 priorem
1048 510 1170 556 illam.
1201 509 1466 558 solidamque„
1495 510 1530 546 &
1559 508 1801 547 essentialem
1830 508 2096 545 auctoritatem

154 566 352 611 minuunt.
396 571 435 601 vt
474 563 753 612 posteriorem„
788 563 1078 613 secundariam.
1113 563 1405 611 infirmamque,
1443 564 1477 600 δε
1505 562 1802 601 accidentariam
1832 561 2097 611 imprudentes

151 625 331 669 augeant.

211 684 268 708 11.
324 672 418 708 Hoc
446 676 576 707 autem
607 676 646 706 vt
678 668 900 716 obtineant.
932 669 1054 707 tribus
1082 670 1204 706 ferme
1233 675 1553 718 argumentorum
1583 667 1790 718 generibus
1817 668 2049 705 abutuntur:
2076 668 2098 702 a

152 723 343 774 dignitate
378 721 588 771 officioque
622 723 841 773 Ecclesiae,
876 724 927 760 ab
960 721 1225 760 accidentibus
1253 721 1473 771 Scripturae
1502 720 1602 759 vitiis
1630 722 1665 758 &
1694 720 2033 770 corruptionibus„
2063 719 2098 756 ἃ

151 779 173 814 ὰ
207 778 364 814 Patrum
394 776 707 814 orthodoxorum
736 776 999 824 quorumdam
1029 775 1244 813 sententiis.

208 843 266 868 12.
322 830 553 866 EchEsmE
582 828 757 866 officium
787 840 908 878 quum
937 827 1125 876 dicimus,
1155 828 1234 866 duo
1263 828 1445 865 volumus
1473 826 1654 877 intelligi,
1677 833 1759 864 tum
1775 826 1884 875 quod
1899 825 2100 873 debuerit,

153 889 235 920 tum
266 883 372 932 quod
403 881 577 919 debitum
607 881 670 918 illa
700 881 942 931 praestiterit.

209 948 266 985 13.
323 935 507 973 Debitum
537 935 735 972 Ecclesiae
764 934 938 972 officium
966 935 1067 972 istud
1097 941 1176 984 est⁷
1203 941 1245 971 vt
1269 934 1434 972 verbum
1450 933 1523 970 Dei
1539 932 1724 981 scriptum
1739 931 1950 981 diuinaque
1965 937 2098 969 aucto-

151 988 261 1026 ritate
289 989 506 1038 praeditum
537 995 723 1038 agnoscat
754 988 930 1025 oblatum
961 987 1051 1025 sibi:
1082 986 1248 1037 accipiat
1263 987 1468 1025 traditum:
1487 992 1615 1024 seruet
1629 985 2099 1035 depositumzlegendum

151 1041 358 1087 omnibus,
389 1042 630 1079 credendum
659 1042 694 1079 &
725 1041 961 1078 seruandum
990 1040 1216 1079 domesticis
1244 1046 1442 1090 proponat
1471 1039 1627 1089 publice
1655 1038 1939 1088 priuatimque:
1967 1038 2100 1074 &tum

152 1094 368 1133 reuerentia
398 1101 657 1145 prosequatur
686 1100 727 1132 vt
755 1093 949 1143 diuinum,
978 1100 1059 1131 tum
1087 1095 1139 1131 ad
1169 1094 1335 1132 eandem
1365 1092 1624 1131 reuerentiam
1650 1091 1915 1130 exhibendam
1932 1091 2103 1128 adducat

153 1159 264 1186 suos:
295 1155 448 1186 exteros
478 1147 649 1196 denique
675 1147 878 1196 doctrina„
908 1148 1108 1196 exemplo,
1139 1148 1173 1184 δι
1204 1146 1332 1185 modis
1363 1145 1547 1184 omnibus
1577 1146 1720 1184 eodem
1749 1151 1952 1195 prouocet.

209 1214 266 1248 14.
324 1200 554 1239 Praestitum
599 1199 799 1238 Ecclesiae
841 1200 1086 1249 aspectabilis
1129 1201 1236 1248 (nam
1279 1200 1328 1237 de
1373 1198 1531 1237 caelesti
1568 1197 1748 1236 Ecclesia
1782 1197 1878 1235 nihil
1906 1198 1983 1234 hoc
2012 1197 2101 1233 loco

151 1253 335 1303 dicimus,
366 1255 416 1292 ad
445 1266 562 1303 quam
591 1252 686 1290 nihil
714 1252 850 1291 attinet
878 1252 1043 1302 scriptus
1073 1253 1182 1290 verbi
1211 1252 1333 1290 diuini
1362 1252 1523 1303 modus)
1550 1252 1722 1290 officium
1751 1257 1809 1289 est
1833 1250 1992 1300 quidem
2008 1249 2102 1286 illud

150 1307 276 1357 ipsum
305 1302 415 1357 quod
443 1308 565 1344 modo
595 1305 909 1356 perstrinximus,
938 1306 1007 1344 sed
1036 1305 1330 1356 imperfectum:
1369 1313 1487 1355 prout
1514 1305 1647 1343 omnia
1678 1305 1759 1342 eius
1787 1305 1965 1342 membra
1995 1309 2104 1352 sunt,

154 1365 280 1410 eoque
308 1362 479 1410 perfecte
510 1359 685 1397 officium
714 1367 912 1409 praestare
939 1372 1019 1397 non
1049 1366 1225 1408 possunt.

210 1425 268 1463 15.
324 1415 605 1451 Verumtamen
642 1413 815 1450 officium
858 1412 960 1450 istud
1004 1412 1112 1461 quod
1148 1411 1380 1462 imperfecte
1409 1418 1604 1461 praestare
1633 1410 1822 1460 dicimus,
1853 1408 1946 1447 alias
1976 1408 2103 1446 minus

154 1467 425 1516 imperfectum
454 1473 533 1516 est⁷
562 1467 597 1504 &
626 1465 719 1503 alias
748 1465 882 1515 magis.

208 1522 265 1557 16.
322 1521 521 1558 Perfectus
548 1518 679 1567 itaque
708 1525 841 1556 custos
870 1519 905 1556 &
934 1517 1077 1556 vindex
1105 1517 1345 1556 auctoritatis
1367 1517 1523 1555 diuinae
1547 1517 1596 1555 ad
1622 1516 1863 1566 Scripturam
1878 1513 2104 1566 pertinentis

150 1580 208 1611 est
237 1574 344 1611 Deus
376 1575 486 1611 Pater
514 1572 554 1609 in
581 1571 680 1609 Filio
709 1585 779 1622 per
812 1571 998 1621 Spiritum
1027 1578 1224 1622 sanctum,
1256 1570 1324 1620 qui
1353 1584 1393 1609 se
1421 1572 1557 1609 adfore
1583 1570 1763 1620 promisit
1788 1567 2104 1608 ei&ministerio

154 1626 255 1664 illius
283 1639 406 1676 vsque
434 1627 486 1664 ad
515 1624 898 1663 consummationem
928 1624 1078 1663 mundi.

208 1691 267 1728 17.
321 1681 578 1730 Imperfectus
620 1684 752 1716 custos
795 1679 830 1716 &
868 1678 1012 1715 vindex
1049 1677 1223 1716 eiusdem
1254 1677 1495 1716 auctoritatis
1523 1676 1702 1715 Ecclesia
1730 1676 1805 1714 Dei
1834 1681 1962 1713 totum
1990 1685 2102 1713 suum

152 1734 281 1770 lumen
312 1732 350 1770 in
380 1733 537 1772 Christo
566 1732 735 1781 habens,
763 1731 798 1768 δε
827 1730 1113 1780 perfectionem
1143 1730 1182 1768 in
1211 1730 1355 1781 Spiritu
1385 1731 1478 1769 eius.

208 1788 266 1823 18.
326 1789 354 1833 sx
365 1793 577 1837 uapropter
605 1784 719 1822 etiam
749 1783 927 1822 Ecclesia
954 1784 1097 1822 domus
1124 1784 1199 1821 Dei
1226 1783 1412 1835 viuentis,
1443 1786 1560 1828 ςύλος
1591 1786 1653 1819 καὶ
1684 1783 1901 1833 ἑδραίωμα,
1921 1782 2105 1819 columna

151 1841 185 1877 &
214 1839 318 1877 basis
345 1839 517 1878 veritatis
545 1838 644 1876 illius
673 1837 851 1888 diuinae,
881 1838 1112 1887 appellatur.

210 1906 270 1942 19.
323 1894 477 1932 Domus
505 1890 579 1930 Dei
608 1891 771 1929 viuentis
801 1897 880 1940 est,
909 1891 948 1928 in
977 1903 1055 1939 qua
1082 1892 1189 1929 Deus
1217 1891 1388 1940 habitat„
1418 1892 1452 1929 δι
1479 1890 1516 1927 in
1534 1900 1612 1938 qua
1627 1888 1907 1926 asseruandum
1924 1885 2106 1936 deposuit

153 1946 319 1983 verbum
344 1959 456 1984 suum
468 1977 477 1995 a
503 1947 538 1984 &
563 1943 793 1982 domesticis
809 1943 1117 1994 dispensandum
1129 1975 1139 1990 ,
1155 1957 1235 1982 non
1252 1944 1427 1994 plenaria
1440 1949 1633 1994 potestate
1645 1972 1654 1990 ,
1670 1941 1740 1979 sed
1754 1941 1862 1979 fideli
1877 1939 2104 1979 ministerio.

210 2012 272 2036 20.
332 2003 483 2042 Στιθλος
521 1999 581 2036 νθ1
611 1999 795 2035 columna
824 1997 994 2035 veritatis
1023 2005 1102 2047 est⁷
1130 1997 1180 2035 ad
1208 2009 1328 2046 quam
1357 1999 1521 2036 verbum
1550 1995 1724 2033 veritatis
1754 2008 1801 2032 ex
1829 1994 2004 2032 instituto
2033 1991 2108 2030 Dei

153 2063 371 2101 appensum
400 2060 457 2090 est
484 2054 520 2090 ἃ
550 2050 733 2089 omnibus
765 2050 1035 2100 propositum7
1051 2050 1158 2100 quod
1174 2051 1323 2100 legant.
1339 2048 1869 2100 intelligant7recordentur,
1885 2052 2110 2096 sequantur,

154 2106 308 2143 colant:
337 2113 378 2143 vt
407 2105 501 2143 olim
530 2104 724 2143 columnis
751 2103 919 2154 publicis
946 2104 1260 2154 appingebantur
1287 2105 1393 2154 leges
1420 2111 1536 2152 atque
1562 2107 1867 2152 programmata.

211 2171 271 2195 21.
332 2158 581 2209 Ἐδραίωμα,
608 2157 648 2195 id
677 2165 755 2204 est,
784 2157 906 2195 sedile
935 2159 1089 2195 firmum
1119 2157 1274 2195 &basis
1300 2157 1472 2195 veritatis
1496 2163 1553 2193 est
1575 2154 1773 2192 Ecclesia:
1791 2161 1831 2191 vt
1847 2153 1910 2192 cui
1925 2154 2111 2191 columna

155 2211 328 2249 veritatis
357 2221 414 2249 est
443 2210 643 2261 imposita„
682 2212 717 2249 δι
747 2210 924 2248 omnium
952 2210 1262 2249 domesticorum
1293 2210 1375 2248 eius
1403 2218 1708 2257 exterorumque
1736 2207 1859 2246 oculis
1887 2205 2110 2256 proposita,

157 2277 206 2302 ne
247 2264 476 2303 labefactari
519 2266 540 2301 a
582 2265 732 2302 mundo
775 2263 949 2313 portisue
989 2264 1082 2314 ipsis
1115 2263 1328 2301 inferorum
1357 2263 1496 2314 possit:
1525 2263 1627 2300 adeo
1656 2262 1769 2299 firma
1796 2262 1831 2299 ἃ
1861 2260 2028 2298 solidata
2054 2266 2109 2296 est

159 2318 234 2356 Dei
261 2317 496 2356 aedificatio.

216 2384 276 2408 22.
332 2370 511 2409 Ecclesia
551 2370 667 2420 igitur
711 2383 784 2420 pro
826 2371 989 2409 modulo
1027 2381 1097 2408 suo
1133 2369 1355 2419 depositum
1389 2368 1559 2408 veritatis
1587 2374 1718 2406 seruat
1744 2373 1784 2405 vt
1812 2365 1920 2404 curia
1948 2363 2109 2415 publica

158 2424 218 2460 fit:
251 2423 455 2473 proponit7
484 2430 525 2462 vt
554 2424 761 2470 columna,
791 2425 912 2475 leges:
943 2424 1227 2472 immotamque
1257 2424 1482 2461 columnam
1511 2420 1855 2459 Dei&veritatem
1872 2419 1910 2457 in
1927 2420 2110 2457 columna

159 2483 307 2527 seruat,
339 2484 380 2514 vt
409 2477 513 2515 basis
543 2476 666 2515 illius:
694 2477 762 2514 sed
792 2477 925 2515 omnia
952 2478 1061 2515 Deus
1090 2476 1128 2514 in
1161 2489 1205 2514 ea
1238 2478 1272 2514 &
1301 2476 1339 2514 in
1370 2476 1552 2514 omnibus
1580 2474 1745 2525 perficit.

216 2543 277 2578 23.
334 2530 397 2568 Sic
440 2529 641 2568 Ecclesiae
679 2543 758 2568 non
798 2538 855 2568 est
890 2544 934 2568 ea
975 2529 1142 2580 dignitas
1171 2529 1424 2579 officiumque
1453 2537 1493 2567 vt
1522 2528 1746 2577 Scripturae
1775 2539 1910 2564 sacrae
1939 2523 2112 2563 diuinam

159 2582 434 2621 auctoritatem
466 2585 661 2622 conferat:
692 2583 760 2621 sed
789 2592 829 2620 vt
858 2585 995 2621 adesse
1023 2590 1187 2620 testetur
1216 2583 1346 2620 datam
1376 2590 1492 2633 atque
1507 2578 2109 2631 impressam:quemadmodum

160 2636 292 2674 curiae
321 2638 434 2674 locus
462 2643 624 2676 testatur
652 2643 738 2674 acta
769 2637 927 2686 publica
954 2637 1058 2686 apud
1089 2649 1129 2674 se
1157 2636 1355 2685 deposita,
1383 2650 1429 2674 ac
1456 2648 1536 2673 non
1566 2633 1837 2672 auctoritatem
1868 2632 1971 2670 facit.

215 2703 275 2736 24.
338 2689 421 2727 Etsi
463 2691 634 2728 humana
673 2691 842 2739 quadam
873 2689 1106 2728 auctoritate
1133 2689 1315 2728 homines
1343 2703 1422 2728 non
1453 2699 1640 2739 negamus
1669 2685 1881 2736 perutiliter
1913 2683 2034 2733 affici,
2062 2682 2113 2720 ad

153 2743 537 2792 contemplationem
569 2742 782 2782 Ecclesiae.

217 2806 277 2844 25.
339 2796 414 2833 Sed
451 2797 538 2833 cum
577 2796 735 2833 inferior
764 2796 976 2834 auctoritas
1007 2795 1101 2833 nihil
1132 2795 1181 2833 de
1213 2795 1411 2845 superiore
1441 2797 1614 2843 deterat,
1645 2793 1736 2842 quin
1767 2792 1896 2843 potius
1925 2789 2115 2849 ministret

1117 2861 1166 2897 39
1943 2857 2002 2881 ei:
2033 2855 2112 2879 non
