2334 3020
279 86 357 132 418
976 94 1249 124 Erknnrcr
1295 96 1437 123 PARS
1479 97 1506 124 1.

278 199 415 238 armati
453 199 646 250 fugiamus
686 211 758 238 nos
794 199 900 250 ipsos
936 201 973 238 81
1006 201 1108 239 mala
1139 208 1294 252 nostra,
1332 202 1385 240 ad
1411 202 1544 240 Deum
1572 201 1870 254 transfugiamus
1896 216 1967 254 per
1995 204 2214 244 Ecclesiam

278 252 380 300 eius,
416 254 452 292 &
487 251 549 301 alij
583 252 680 291 alios
705 252 758 290 ad
783 251 1124 304 participationem
1151 253 1390 293 admirabilis
1417 254 1594 294 eiusdem
1620 255 1718 294 lucis
1745 255 1933 306 religione
1961 257 1998 295 ὅτ
2027 257 2214 297 charitate

276 318 369 344 vera
405 316 682 355 prouocemus.
719 306 832 344 Haec
858 305 921 345 illa
950 313 1007 345 est
1034 313 1260 346 sanctorum
1287 307 1412 357 actio,
1441 319 1560 357 quam
1587 309 1696 347 Deus
1723 308 1907 361 imperat,
1936 321 2056 360 quam
2085 310 2218 350 Dauid

275 358 496 409 praedicat.¹
523 370 642 409 quam
668 357 754 408 pius
781 359 947 410 quisque
973 358 1147 399 diuinam
1173 360 1335 411 iudicat,
1368 361 1405 399 ὅτ
1432 372 1552 411 quarn
1580 374 1698 400 nemo
1727 361 1801 400 nisi
1831 362 1997 414 impius,
2026 363 2058 402 si
2079 363 2220 403 viderit

275 419 342 450 aut
376 412 500 451 modo
534 413 673 462 aliqqu
702 412 884 464 senserit,
913 412 1162 451 abdicaturus
1190 421 1259 453 est.
1302 414 1379 453 Sed
1407 415 1510 452 hanc
1538 414 1732 454 actionem
1760 415 1912 455 animus
1938 429 2020 455 non
2048 428 2217 467 corpus,

276 477 386 504 mens
412 477 495 504 non
521 477 659 504 manus
685 472 884 515 praestare
910 473 1060 517 potest,
1089 466 1414 517 quandoquidem
1430 470 1486 517 (vt
1513 468 1683 506 docebat
1706 468 1905 520 Christus,
1935 471 2044 509 Ioan.
2073 483 2112 517 4.
2140 471 2218 519 24.)

273 519 381 556 Deus
422 525 480 557 est
520 518 704 569 Spiritus,
745 521 782 557 &
816 531 884 557 eos
921 519 987 569 qui
1017 518 1146 569 ipsum
1173 520 1373 559 adoraturi
1401 527 1510 571 sunt,
1539 520 1578 558 in
1607 521 1743 571 spiritu
1772 523 1808 561 δε
1838 521 1997 561 veritate
2023 522 2217 573 praecipit

274 571 450 610 adorare.
479 573 558 611 Det
583 573 698 612 nobis
725 572 831 611 idem
859 571 928 622 qui
954 573 1166 624 praecipit,
1194 580 1235 612 vt
1261 586 1448 624 corpore,
1474 575 1510 612 ὅτ
1532 573 1686 620 animo,
1702 574 1889 624 &spiritu
1904 575 1958 614 ita
1976 575 2214 627 comparati,

273 627 298 663 a
323 624 438 664 nobis
465 624 517 663 ad
543 625 671 676 ipsum
698 624 738 663 in
764 625 942 665 Ecclesia
969 625 1162 676 fugiamus
1189 626 1472 678 indesinenter,
1500 627 1612 677 &alij
1631 627 1729 666 alios
1744 629 2078 668 secundumillam
2092 628 2217 667 chari-

275 684 393 717 tatem
421 677 566 717 Christi
593 678 828 718 adiuuemus
847 678 888 717 in
914 679 1186 730 persequenda
1211 679 1543 731 percipiendaque
1574 680 1640 719 illa
1670 681 2027 722 communicatione
2050 682 2220 733 gratiae,

273 729 541 771 incredibilem
568 731 773 783 laetitiam,
802 734 972 771 fructum
999 732 1155 784 spiritus
1183 733 1475 786 suauissimum,
1504 733 1544 772 in
1572 732 1688 773 nobis
1715 734 1879 774 editura.

419 858 453 883 2.
506 846 584 895 Qv
598 856 624 884 o
638 857 667 884 D
695 847 936 886 consistentes
967 852 1059 886 sunt
1072 847 1192 897 pedes
1221 848 1348 886 nostri
1371 848 1412 885 in
1436 849 1564 897 portis
1593 849 1690 898 tais,
1720 847 1744 885 ὃ
1769 849 2061 898 ffi'erosolyma.

324 948 550 986 ACTIONEM
577 954 803 988 sanctorum
830 948 1007 988 omnium
1034 948 1358 1000 singulorumque
1385 948 1553 989 diximus
1581 951 1672 989 ante
1694 951 1931 1001 aPropheta
1947 949 2214 1002 circumscrip-

272 1006 352 1040 tam
389 1013 473 1040 esse
509 1000 735 1041 certissimis
772 1015 819 1041 ac
845 1002 1144 1054 pernecessariis
1170 1002 1330 1055 finibus,
1356 1004 1447 1042 cum
1475 1003 1563 1043 illos
1590 1004 1781 1043 accedere
1807 1004 1858 1042 ad
1886 1004 2017 1042 Deum
2044 1003 2215 1043 Ecclesi-

271 1058 414 1104 amque
440 1054 562 1106 illius,
591 1056 628 1094 &
655 1068 883 1106 permanere
910 1055 950 1094 in
977 1069 1023 1095 ea
1050 1056 1294 1107 praedicaret
1323 1056 1427 1107 apud
1456 1056 1674 1096 Dominum
1702 1058 1832 1096 Deum
1860 1068 1985 1096 suum.
2013 1058 2097 1096 Iam
2120 1060 2214 1098 vero

271 1107 448 1158 exposita
475 1107 606 1159 priore
635 1115 763 1159 parte,
791 1120 869 1159 qua
895 1109 947 1160 pij
977 1122 1061 1149 sese
1087 1109 1139 1147 ad
1166 1110 1297 1149 Deum
1325 1109 1365 1148 in
1393 1110 1571 1149 Ecclesia
1599 1109 1680 1149 eius
1709 1105 1935 1149 adeundum
1959 1122 2214 1161 comparaue-

270 1168 381 1212 runt,
408 1160 474 1200 h‘ic
502 1162 624 1200 altera
660 1161 882 1214 subiicitur,
911 1174 988 1213 qua
1016 1169 1194 1202 sanctam
1221 1163 1550 1213 perseuerantiam
1579 1175 1688 1202 suam
1701 1165 1934 1214 profitentur
1948 1163 1989 1202 in
2003 1164 2099 1203 boni
2114 1163 2215 1204 illius

270 1213 453 1254 diuinituS
494 1215 669 1265 percepti
710 1216 1080 1256 communicatione.
1122 1215 1252 1255 Huius
1294 1229 1389 1267 ergo
1425 1216 1708 1267 propositionis
1745 1229 1898 1256 summa
1935 1224 2013 1264 est,
2042 1216 2215 1268 profiteri

269 1266 378 1318 pios,
407 1270 443 1307 δι
469 1268 549 1307 hoc
578 1276 753 1319 tempore
783 1269 1026 1309 Christianos
1054 1282 1212 1320 omnes,
1243 1283 1284 1308 se
1307 1270 1346 1308 in
1371 1270 1575 1309 Catholica
1602 1271 1678 1310 Dei
1701 1270 1878 1309 Ecclesia
1894 1272 2054 1321 &parte
2070 1271 2214 1310 Catho-

268 1320 366 1360 licae
402 1332 503 1371 quae
530 1320 596 1359 hic
623 1321 664 1359 in
690 1322 800 1360 terris
828 1331 1018 1374 versatur,
1047 1329 1274 1362 constanter
1303 1335 1506 1363 mansuros
1535 1337 1638 1374 esse,
1667 1334 1796 1374 neque
1823 1324 1874 1362 ab
1903 1336 1949 1362 ea
1977 1330 2044 1362 aut
2073 1323 2214 1363 diuinis

268 1372 449 1414 institutis
492 1374 573 1414 eius
608 1378 752 1414 temere
780 1376 1032 1416 discessuros.
1074 1378 1206 1426 Atque
1233 1377 1336 1414 hanc
1363 1378 1650 1427 professionem
1678 1376 1820 1427 singuli
1846 1377 1898 1427 pij
1929 1378 2006 1415 hoc
2033 1378 2127 1416 loco
2155 1377 2209 1416 ita

268 1426 450 1465 dicuntur
478 1429 624 1477 facere,
652 1435 694 1466 vt
721 1428 780 1466 sui
806 1429 975 1481 religiosi
1005 1429 1117 1478 studij
1146 1441 1227 1467 non
1256 1431 1361 1468 hunc
1391 1431 1518 1469 solum
1545 1437 1612 1469 aut
1626 1431 1758 1480 illum,
1782 1430 1851 1469 sed
1866 1436 1992 1468 toturn
2007 1429 2213 1469 Ecclesiae

266 1491 430 1531 corpus,
474 1480 691 1519 Ecclesiam
730 1481 921 1532 (inquam)
957 1483 1082 1532 ipsam
1116 1489 1255 1521 testem
1292 1483 1507 1534 aduocent,
1536 1483 1808 1534 spectatricem
1835 1482 1959 1521 sancti
1989 1483 2141 1533 consilij
2171 1484 2208 1522 δι

265 1533 474 1572 voluntatis
501 1545 605 1572 suae.
648 1534 919 1582 Quamobrem
949 1543 989 1574 vt
1017 1538 1094 1574 hoc
1123 1543 1397 1586 argumentum
1425 1537 1675 1575 commodius
1704 1547 1970 1587 exponamus,
1999 1537 2036 1574 δε
2063 1535 2206 1588 singuli

264 1586 400 1624 melii1s
432 1586 668 1637 intelligant,
706 1587 778 1626 tria
804 1589 918 1628 nobis
946 1588 1086 1628 ordine
1113 1589 1284 1627 videnda
1311 1596 1399 1627 sunt
1426 1589 1466 1627 in
1494 1591 1572 1628 hoc
1602 1601 1714 1628 versu
1741 1589 1876 1639 paucis
1904 1591 2203 1639 comprehensa.

262 1637 459 1690 Primum,
495 1651 612 1689 quam
647 1641 976 1689 perseuerantiam
1011 1643 1266 1692 profiteantur
1293 1642 1368 1692 pij:
1412 1643 1618 1694 Secundo,
1647 1655 1747 1692 quos
1775 1643 1872 1680 fines
1900 1649 2074 1681 statuant
2100 1642 2202 1681 illius

261 1693 588 1743 perseuerantiae3
616 1694 817 1733 Postremo
847 1702 979 1734 autem
1006 1707 1106 1745 quos
1135 1694 1347 1734 adhibeant
1373 1702 1490 1734 testes
1514 1695 1777 1734 conscientiae
1792 1695 1968 1746 ipsorum
1984 1702 2202 1734 annuentes

260 1751 378 1795 atque
403 1752 642 1785 attestantes.
684 1748 1017 1787 Perseuerantiam
1044 1749 1234 1787 denotant
1261 1749 1359 1787 haec
1387 1749 1527 1800 verba,
1562 1749 1813 1787 Consistexztes
1837 1753 1929 1786 sunt
1930 1749 2049 1798 pedes
2064 1749 2210 1787 nostri.

259 1797 376 1837 Fines
409 1798 510 1838 illius
550 1800 861 1849 perseuerantiae
902 1801 1273 1840 circumscribuntur
1309 1802 1359 1840 ab
1396 1801 1488 1852 illis,
1525 1803 1616 1841 cum
1651 1801 1852 1852 inquiunt,
1888 1803 1929 1839 in
1953 1802 2085 1849 portis
2111 1803 2205 1841 tuis.

259 1851 546 1891 Testimonium
572 1855 666 1891 vero
696 1853 897 1892 Ecclesiae
923 1855 975 1893 ad
1002 1857 1100 1894 haec
1128 1853 1261 1893 omnia
1289 1855 1522 1904 appellatur,
1551 1854 1642 1905 quia
1662 1854 1762 1893 illius
1784 1861 1841 1893 est
1855 1853 2053 1893 testificari
2068 1865 2207 1894 secun-

259 1902 355 1942 dnm
381 1906 533 1957 Deum,
568 1911 652 1943 tum
680 1905 729 1944 de
755 1906 879 1957 portis
908 1907 987 1947 suis
1013 1909 1071 1959 (vt
1101 1919 1193 1946 cum
1220 1908 1417 1957 Propheta
1444 1910 1667 1958 loquamur)
1696 1915 1779 1946 tum
1807 1907 1857 1946 de
1886 1907 2074 1946 membris
2103 1907 2204 1946 intra

261 1963 395 2007 portas
423 1957 505 1997 eius
533 1957 754 2009 agentibus.

311 2011 373 2049 Ac
408 2010 556 2061 primus
588 2011 748 2060 quidem
782 2012 846 2051 ille
872 2014 983 2052 locus
1011 2013 1062 2053 de
1089 2012 1378 2062 perseuerantia
1404 2020 1631 2052 sanctorum
1658 2026 1740 2052 non
1767 2015 1915 2051 temere
1941 2014 1966 2051 a
1993 2012 2067 2063 piis
2094 2011 2208 2051 adhi-

257 2062 388 2101 betur:
431 2064 523 2114 quia
563 2076 700 2103 omnes
735 2065 913 2105 homines
950 2067 1001 2106 ad
1037 2066 1283 2105 sanctitatem
1319 2079 1453 2105 veram
1490 2069 1514 2105 a
1553 2068 1641 2105 Deo
1672 2065 1881 2117 prouocati
1909 2067 1946 2105 ὅτ
1975 2065 2132 2104 accensi
2160 2065 2200 2104 in

256 2115 434 2155 Ecclesia
469 2117 574 2167 eius,
601 2118 730 2157 adhuc
759 2131 805 2157 ea
832 2119 1019 2158 caecitate
1047 2119 1187 2158 mentis
1216 2120 1252 2157 δι
1279 2119 1405 2158 carnis
1435 2119 1659 2159 infirmitate
1689 2126 1797 2170 sunt,
1827 2120 1924 2157 dum
1957 2118 2022 2157 hic
2037 2119 2077 2157 in
2092 2118 2203 2157 terris

255 2167 393 2207 viuunt
429 2171 465 2209 δε
499 2169 693 2209 lubricum
729 2170 802 2210 iter
827 2173 941 2211 huius
969 2173 1105 2212 mundi
1131 2178 1333 2222 premunt,
1365 2180 1407 2211 vt
1435 2175 1543 2212 nullo
1573 2174 1695 2212 ferme
1723 2172 1885 2223 negotio
1913 2171 2035 2222 pedes
2063 2183 2203 2210 eorum

254 2223 278 2259 ἐι
318 2222 389 2261 v1is
429 2234 526 2272 quas
559 2224 669 2262 Deus
705 2225 952 2276 praescripsit
979 2232 1215 2265 auertantur.
1256 2226 1402 2265 Probat
1431 2228 1561 2275 Deus,
1589 2233 1774 2265 excaecat
1803 2225 1991 2275 mundus,
2023 2224 2204 2263 debilitat

256 2287 349 2313 caro
362 2305 373 2326 ,
401 2284 608 2327 peccatum
637 2277 798 2328 frangit,
826 2280 987 2318 Satanas
1010 2279 1124 2327 fallit,
1141 2278 1274 2317 omnia
1289 2278 1456 2329 denique
1472 2279 1639 2330 pedibus
1654 2279 1810 2329 piorum
1824 2277 2000 2316 insidiari
2015 2277 2202 2316 videntur

255 2330 374 2376 quam
408 2329 758 2382 periculosissime,
795 2330 868 2369 nisi
904 2332 979 2372 Dei
1015 2343 1171 2381 manus,
1200 2331 1400 2370 Ecclesiae
1428 2346 1511 2383 ars,
1540 2334 1575 2370 Sc
1602 2339 1737 2371 nostra
1764 2331 1941 2382 ipsorum
1971 2329 2202 2370 obseruatio

254 2381 296 2429 (f.
326 2381 420 2431 697)
454 2382 746 2434 diligentissima
782 2385 968 2425 aduersus
999 2392 1055 2424 tot
1084 2387 1206 2435 mala,
1234 2396 1335 2435 quae
1364 2398 1437 2424 nos
1465 2386 1669 2436 infestant,
1697 2383 1980 2424 concurrerint.
2026 2383 2200 2434 Peregri-

254 2441 390 2472 nantes
417 2434 547 2485 itaque
576 2435 627 2485 pij
655 2438 678 2474 a
705 2437 881 2476 Domino
909 2441 946 2478 δε
970 2439 1136 2477 arduum
1160 2438 1271 2476 huius
1298 2437 1399 2477 vitae
1426 2439 1498 2478 iter
1521 2439 1852 2488 contemplantes,
1874 2447 1954 2487 quo
1981 2449 2028 2475 ex
2048 2436 2198 2486 seipsis

253 2486 404 2537 egredi,
433 2488 471 2526 in
499 2489 718 2528 Ecclesiam
745 2489 916 2541 ingredi,
945 2494 980 2530 δε
1006 2492 1057 2530 ad
1085 2493 1214 2529 Deum
1240 2492 1459 2542 transgredi
1481 2491 1588 2542 ipsos
1604 2504 1764 2530 necesse
1780 2489 2073 2541 est,acti0nem
2088 2488 2197 2527 illam

251 2539 463 2588 spiritalem
491 2543 692 2592 corporeis
718 2544 956 2582 vmbraculis
985 2544 1319 2596 significauerunt,
1348 2546 1439 2583 cum
1467 2544 1541 2584 sibi
1564 2545 1685 2594 pedes
1710 2544 1749 2582 in
1763 2545 1842 2583 hoc
1858 2542 2024 2592 spiritali
2039 2541 2203 2580 incessu

252 2591 288 2628 δε
324 2593 563 2633 consistendi
600 2595 773 2633 officium
800 2596 1028 2636 tribuerunt.
1068 2597 1148 2635 Hic
1177 2597 1280 2635 enim
1308 2596 1390 2635 siue
1416 2597 1663 2648 incedamus,
1693 2597 1774 2636 siue
1804 2596 2081 2644 consistamus,
2112 2607 2194 2634 non

250 2644 380 2696 pedis,
408 2647 477 2685 sed
505 2648 644 2686 mentis
674 2660 774 2698 opus
803 2656 859 2687 est
888 2652 944 2699 (vt
971 2653 1060 2688 ante
1088 2649 1271 2698 diximus)
1301 2661 1400 2699 quae
1426 2652 1651 2689 facultatem
1681 2661 1792 2689 suam
1819 2650 1859 2688 in
1885 2649 2002 2687 rebus
2016 2647 2195 2698 spiritua·

251 2696 348 2735 libus
378 2707 545 2749 occupat
576 2701 760 2750 spirituali
787 2703 930 2754 modo,
959 2704 1040 2742 sine
1068 2704 1332 2752 corporalium
1359 2703 1711 2743 instrumentorum
1740 2701 1970 2753 operatione
1996 2702 2092 2740 vlla:
2121 2699 2191 2738 sed

250 2758 380 2788 tamen
419 2753 556 2802 nobis,
597 2754 662 2801 qui
703 2756 877 2793 cirnales
920 2768 1068 2806 smnus,
1113 2757 1149 2794 &
1183 2755 1399 2794 secundum
1436 2769 1594 2796 carnem
1621 2768 1693 2806 per
1719 2753 1943 2804 analogiam
1973 2752 2185 2844 qflssffimgram

2039 2816 2078 2844 ln
2128 2816 2202 2843 mo
