2334 3020
765 105 985 137 russas
1029 104 1459 136 THEOLOGICAE.
2009 102 2078 140 271

149 234 282 261 mensa
325 219 503 268 Domini,
545 232 614 268 per
655 217 935 268 metonymiam
974 215 1160 263 subiecti,
1201 228 1254 253 sc.
1284 227 1355 264 pro
1384 226 1496 252 sacro
1526 213 1592 252 illo
1621 212 1711 251 cibo
1740 212 1775 251 &
1804 219 1920 262 potu,
1950 211 2017 261 qui
2045 211 2084 249 in

150 288 286 314 mensa
312 273 457 325 apponi
487 273 585 310 solet
614 271 792 310 conuiuis
820 270 995 309 Domini.

205 342 238 366 2.
294 327 464 366 Ratione
493 324 892 373 circumstantiarum,
920 322 1039 361 varia.
1068 321 1239 359 Primum
1270 321 1494 371 impositum
1524 318 1594 357 fuit
1620 320 1671 357 ab
1701 320 1896 368 Apostolo
1921 325 2087 357 vocante

150 381 189 419 id
219 381 419 432 Κυριακὸν
447 380 601 415 δεῖπνον
629 381 682 426 (1.
715 379 802 415 Cor.
838 390 896 415 11.
930 378 1007 424 20.)
1035 386 1116 424 quo
1147 374 1378 412 allusionem
1408 372 1499 411 facit
1527 373 1577 410 ad
1606 371 1866 422 vespertinum
1883 371 1978 409 illud
1993 379 2087 410 tem-

153 446 242 483 pus,
289 445 368 482 quo
404 431 597 469 Dominus
626 438 760 469 noster
786 431 834 468 ad
866 437 1033 468 mortem
1061 428 1182 466 iturus
1209 428 1287 466 hoc
1315 425 1540 465 conuiuium
1571 425 1733 464 instituit
1762 425 1959 463 Paschatis
1989 427 2088 463 cclc—

151 487 318 524 l›rationi
358 483 615 533 substituens,
659 484 767 533 quod
808 483 906 521 inter
947 494 1126 532 vesperas
1168 481 1438 519 celebrabatur
1479 492 1526 517 ex
1565 480 1661 530 lege.
1690 480 1825 516 Manet
1853 486 1982 516 autem
2010 480 2088 516 hoc

151 541 309 578 Coenae
349 538 582 575 vocabulum
624 542 720 580 (non
756 536 858 574 enim
897 546 1101 573 moramur=
1128 534 1436 572 circumstantias
1472 531 1747 580 accidentales)
1777 532 1867 569 licet
1895 532 2086 570 matutino

151 602 347 641 tempore,
384 592 443 628 vel
472 589 631 628 meridie
660 591 890 628 celebretur.
919 589 1170 638 Appellatum
1200 595 1256 625 est
1279 587 1422 625 deinde
1450 587 1500 624 ab
1530 585 1812 624 Ecclesiasticis
1835 584 2090 635 scriptoribus

152 647 310 687 συναξις
338 647 360 682 ὰ
390 643 694 692 congregatione
724 643 941 690 Ecclesiae,
971 654 1070 692 quae
1100 648 1208 679 certo
1238 648 1434 690 tempore,
1463 641 1497 678 δι
1518 640 1608 677 loco
1633 638 1831 677 conuenit.
1865 639 2088 690 Εὐχαριςία

150 704 172 735 a
214 697 379 735 solemni
419 695 630 747 gratiarum
664 695 828 734 actionis
866 695 937 734 ritu
973 696 1022 733 de
1051 702 1135 732 toto
1165 706 1285 743 opere
1315 691 1595 742 redemptionis
1624 701 1792 729 nostrae.
1829 693 2091 739 Sacrificium,

150 763 228 788 non
263 750 463 798 Ekagcuo'v,
494 750 561 788 sed
592 749 767 798 sacrificij
798 750 919 786 semel
947 747 1093 798 peracti
1121 747 1382 795 μνημόσυνον,
1413 755 1451 783 vt
1480 747 1585 783 recte
1609 745 1726 783 docet
1748 746 1912 794 August.
1928 745 2010 793 (lib.
2032 757 2089 781 10.

151 805 195 841 de
237 805 346 840 Cim't.
371 804 467 846 Dei.
499 810 581 854 cap.
615 804 666 853 5.)
697 801 937 841 Sacrificium
968 802 1045 839 hoc
1074 800 1244 847 visibue,
1272 799 1472 837 inuisibilis
1502 798 1676 846 sacrificij
1705 799 2025 847 Sacramentum,
2054 797 2093 834 id

153 863 229 905 cst,
259 867 411 894 sacrum
442 856 593 906 signum
623 863 700 905 est,
730 855 909 893 Tandem
938 852 1130 892 Pontificii
1161 851 1322 890 Missam
1343 859 1553 899 vocarunt,
1571 853 1621 890 de
1637 851 1745 889 cuius
1761 850 1929 889 nominis
1944 849 2094 901 origine

154 910 392 959 disceptatur
421 908 520 946 inter
548 909 666 959 ipsos.
698 910 798 957 Nos,
827 915 868 946 vt
895 907 1052 946 missam
1080 907 1222 956 ipsam,
1252 904 1605 943 ita&vocabulum
1621 904 2092 954 repudiamus,tanquam

154 963 229 1008 rei,
258 964 307 1000 de
335 960 412 1010 qua
441 974 546 999 nunc
575 962 720 1011 agitur,
749 961 983 999 nullomodo
1014 958 1267 998 conueniens.

208 1028 244 1064 3.
301 1016 394 1053 Hoc
437 1015 683 1065 mysterium,
716 1015 798 1052 siue
835 1017 889 1062 (vt
926 1013 1098 1064 loquitur
1127 1012 1283 1058 Paulus)
1310 1011 1411 1049 hanc
1441 1023 1607 1049 coenam
1635 1009 1887 1049 Dominicam
1917 1010 1971 1047 sic
2001 1010 2093 1048 defi-

154 1069 292 1106 nimus.
327 1068 453 1106 Coena
480 1069 688 1106 Domz'nica
717 1075 774 1106 est
801 1067 904 1105 actio
933 1080 1043 1105 sacra
1069 1068 1093 1104 a
1121 1064 1278 1102 Christo
1307 1063 1345 1101 in
1375 1064 1592 1114 Euangelio
1623 1063 1814 1106 instituta„
1842 1062 1880 1100 in
1912 1062 2096 1112 quz'ifflis-

156 1121 366 1160 tributione
398 1122 433 1158 &
468 1121 688 1171 sumptione
725 1119 932 1159 visibilium
967 1120 1270 1167 elementorum,
1301 1117 1483 1154 nimirum
1511 1116 1643 1165 Panis,
1673 1118 1708 1155 &
1737 1115 1836 1164 vini,
1866 1123 2027 1154 testatur
2055 1128 2095 1153 se

155 1174 349 1225 spirituale
378 1176 536 1224 epulum
566 1175 600 1212 δι
629 1187 771 1224 panem
799 1172 996 1211 viuificum
1025 1185 1108 1211 esse
1136 1170 1250 1209 nobis
1278 1170 1547 1220 credentibus,
1576 1182 1655 1219 quo
1684 1169 1835 1207 animae
1864 1176 2019 1207 nostrae
2047 1169 2097 1207 acl

159 1241 289 1265 veram
318 1229 352 1265 δι
380 1229 533 1265 beatam
563 1227 894 1266 immortalitatem
923 1233 1147 1275 pascuntur.

211 1294 245 1327 4.
307 1282 433 1318 Causa
474 1281 649 1319 efficiens
688 1287 746 1318 est
779 1279 973 1317 Dominus
1007 1286 1138 1317 noster
1166 1279 1274 1315 Iesus
1303 1275 1501 1326 Christus,
1529 1275 1592 1314 cui
1620 1275 1693 1314 soli
1720 1275 1860 1313 tradita
1887 1282 1944 1313 est
1970 1275 2099 1314 omnis

161 1341 330 1384 potestas
359 1336 382 1371 a
411 1335 544 1381 Patre,
572 1335 607 1372 &
636 1345 729 1371 cura
757 1332 937 1383 regendi,
967 1330 1228 1370 conseruendi
1255 1329 1291 1366 &
1311 1329 1557 1379 gubernandi
1579 1328 1978 1378 Ecclesiam,qui'que
1994 1330 2099 1367 solus

158 1394 288 1437 potest
317 1386 475 1424 interius
504 1388 545 1435 (f.
580 1388 692 1435 1736)
721 1393 917 1436 praestare
945 1398 1010 1434 ea,
1037 1397 1138 1434 quae
1167 1389 1327 1422 externa
1355 1383 1534 1432 symbola
1557 1382 1672 1420 nobis
1701 1389 2002 1432 repraesentant.

214 1450 248 1489 5.
304 1441 473 1477 Materia
509 1441 652 1489 duplex
686 1446 763 1490 est,
799 1446 839 1477 vt
866 1451 956 1476 cum
985 1440 1123 1476 Ireneo
1151 1438 1378 1486 loquamur,
1407 1437 1470 1474 lib.
1502 1449 1537 1483 4.
1567 1443 1651 1487 cap.
1682 1439 1759 1484 34.)
1789 1448 1866 1474 vna
1892 1436 2100 1482 terrestris,

160 1495 279 1531 altera
309 1493 509 1537 coelestis,
537 1493 662 1543 prima
692 1499 748 1531 est
776 1492 886 1542 panis
915 1493 951 1531 &
983 1491 1136 1539 vinum,
1165 1489 1354 1537 secunda,
1383 1501 1526 1539 corpus
1549 1491 1584 1528 &
1614 1489 1767 1539 sanguis
1797 1489 1952 1527 Christi.
1989 1491 2099 1527 Illam

160 1548 278 1596 vulgo
308 1546 467 1584 nomine
495 1546 615 1597 signi,
644 1559 712 1595 per
742 1546 849 1595 quod
879 1559 938 1583 res
966 1544 1178 1583 inuisibiles
1209 1546 1305 1592 (non
1333 1542 1471 1580 natura
1498 1542 1581 1590 sua)
1598 1543 1814 1581 secundum
1830 1542 2103 1581 imbecillitatis

160 1607 316 1637 nostrae
358 1608 516 1648 captum
551 1599 666 1638 nobis
702 1605 1041 1649 repraesentantur
1068 1597 1237 1648 (signum
1267 1595 1371 1634 enim
1400 1597 1489 1633 curn
1518 1596 1566 1634 sit
1595 1609 1642 1634 ex
1670 1608 1812 1646 genere
1841 1597 1914 1632 τῶν
1942 1596 2035 1647 πρὸς
2064 1611 2102 1632 τι

161 1665 314 1702 semper
344 1652 436 1690 facit
464 1653 568 1690 aliud
596 1652 633 1690 in
665 1652 943 1702 cogitationem
973 1651 1127 1702 venire,
1156 1652 1274 1700 quam
1303 1649 1352 1687 sit
1379 1649 1524 1699 ipsum)
1551 1650 1653 1687 hanc
1682 1651 1774 1687 vero
1803 1651 1963 1686 nonime
1987 1649 2101 1698 signi—

162 1705 266 1744 ficati
297 1706 566 1756 designamus,
595 1706 704 1755 quod
730 1713 788 1744 est
816 1718 876 1744 res
904 1705 988 1755 illa,
1017 1716 1117 1754 quae
1146 1703 1261 1742 nobis
1289 1702 1538 1741 credentibus
1569 1715 1640 1752 per
1667 1703 1846 1752 symbola
1874 1701 1987 1740 simul
2008 1703 2102 1752 figu-

164 1766 268 1797 ratur
296 1760 332 1797 &
361 1759 576 1798 exhibetur.

217 1814 253 1851 6.
308 1813 361 1849 Vt
402 1821 531 1850 autem
573 1812 718 1862 duplex
761 1818 819 1850 est
859 1813 1060 1861 Materia,
1097 1810 1149 1848 ita
1179 1810 1324 1859 duplex
1353 1817 1410 1848 est
1438 1808 1739 1847 instrumentum
1767 1808 1951 1847 materiae
1981 1807 2100 1858 perci-

162 1865 348 1916 piendae:
380 1878 497 1903 vnum
527 1865 699 1915 visibile,
729 1866 764 1903 &
794 1867 1021 1915 corporale,
1052 1877 1096 1902 os
1124 1862 1271 1902 scilicet
1300 1862 1500 1912 corporis,
1529 1863 1695 1900 alterum
1722 1861 1915 1901 inuisibile
1937 1864 1972 1900 &
1996 1861 2102 1912 spiri-

164 1919 287 1963 tuale,
315 1918 494 1956 nimirum
525 1919 634 1957 fides.
678 1919 842 1957 Constat
874 1917 976 1956 enim
1008 1917 1151 1967 requiri
1180 1917 1231 1954 ad
1260 1929 1343 1954 rem
1373 1915 1551 1966 quamuis
1568 1914 1858 1965 percipiendam
1874 1915 2105 1953 instrumen-

164 1979 246 2010 tum
290 1971 546 2010 conueniens:
590 1971 755 2019 deinde,
792 1972 1102 2021 vnumquodque
1141 1969 1260 2019 recipi
1288 1970 1504 2008 secundum
1534 1970 1697 2007 modum
1725 1968 1984 2019 percipientis.
2015 1970 2105 2006 cum

164 2033 293 2063 autem
335 2037 500 2075 corpus,
538 2027 573 2064 &
611 2025 767 2075 sanguis
794 2025 937 2063 Christi
967 2025 1043 2063 sint
1072 2024 1187 2062 nobis
1216 2023 1327 2062 cibus
1357 2024 1391 2061 δι
1421 2030 1536 2073 potus
1566 2022 1802 2072 spirituales,
1832 2035 1912 2060 non
1941 2029 2107 2072 possunt

164 2091 233 2116 ore
269 2078 464 2128 corporali
498 2079 670 2129 percipi,
700 2079 768 2116 sed
797 2077 996 2128 spirituali.
1040 2079 1176 2127 Itaque
1203 2078 1342 2114 frustra
1371 2076 1512 2114 dicitur
1540 2088 1681 2126 corpus
1710 2075 1853 2114 Christi
1882 2076 1941 2114 ori
1969 2082 2106 2114 nostro

165 2131 331 2181 imponi,
372 2139 412 2169 vt
445 2131 488 2170 ea
527 2131 638 2182 quasi
665 2131 781 2170 ianua
807 2130 1000 2182 patefacta
1027 2130 1064 2168 in
1094 2131 1266 2168 animum
1295 2137 1473 2168 nostrum
1501 2128 1757 2179 ingrediatur,
1786 2128 2106 2179 quandoquidem

165 2186 248 2222 sola
278 2185 375 2223 fides
402 2192 459 2222 est
486 2184 622 2234 ianua,
651 2184 729 2235 qua
757 2185 933 2223 Christus
960 2183 1174 2234 ingreditur
1194 2184 1232 2221 in
1254 2182 1406 2221 animos
1426 2190 1601 2233 nostros,
1617 2189 1713 2221 teste
1728 2183 1944 2233 Apostolo:
1963 2183 2106 2233 Ephes.

166 2251 203 2287 3.
237 2249 296 2286 17.
325 2239 398 2276 Per
426 2238 542 2277 fidem
575 2238 732 2288 (inquit)
761 2238 937 2277 Christus
964 2237 1113 2276 habitat
1140 2237 1178 2275 in
1207 2236 1393 2274 cordibus
1420 2235 1575 2274 nostris.

221 2302 255 2340 7.
310 2293 393 2330 Nec
422 2293 552 2330 obstat
576 2292 682 2341 quod
699 2291 900 2330 obiicitur:
931 2291 969 2329 Si
984 2290 1234 2329 manducatio
1250 2289 1426 2339 corporis
1441 2289 1584 2328 Christi
1598 2288 1823 2339 intelligitur
1838 2288 2105 2339 spiritualiter,

167 2355 310 2394 corpus
347 2344 488 2383 Christi
529 2357 609 2383 non
645 2345 721 2383 iam
760 2357 842 2383 esse
871 2356 1032 2394 corpus3
1060 2344 1128 2382 sed
1157 2343 1346 2393 spiritum.
1374 2344 1475 2380 Nam
1503 2342 1719 2380 differentia
1747 2342 2022 2380 constituenda
2049 2349 2106 2380 est

166 2397 264 2435 inter
295 2410 376 2435 rem
405 2397 548 2448 ipsam,
577 2400 611 2437 &
639 2398 737 2436 inter
765 2398 928 2436 modum
954 2395 1272 2447 participationis.
1312 2395 1575 2446 Agnoscimus
1605 2395 1762 2445 quidem
1793 2407 1935 2445 corpus
1965 2395 2109 2433 Christi

167 2463 302 2488 verum
334 2463 417 2489 esse
444 2463 587 2501 corpus
615 2458 707 2501 post
734 2450 1060 2502 glorificationem
1094 2458 1135 2489 vt
1163 2451 1198 2488 δε
1227 2449 1296 2487 fuit
1322 2452 1431 2499 ante,
1459 2462 1532 2487 nec
1560 2462 1647 2487 eam
1675 2448 1710 2486 ci
1739 2448 1881 2498 aliquid
1899 2449 2108 2487 detraxisse

167 2505 299 2552 quoad
328 2515 439 2542 suum
468 2517 564 2542 esse.
592 2505 746 2542 Deinde
776 2504 941 2543 dicimus
969 2515 1113 2554 corpus
1140 2502 1282 2541 Christi
1313 2515 1395 2540 esse
1425 2502 1555 2541 cibum
1579 2501 1796 2540 animarum
1820 2502 2108 2551 nostrarum,&

167 2556 357 2595 rationem
399 2558 541 2596 habere
578 2557 672 2598 cibi.
711 2570 792 2596 non
821 2557 912 2607 quia
940 2564 996 2595 est
1024 2569 1213 2607 corporea
1241 2555 1471 2604 substantia7
1501 2567 1580 2604 quo
1610 2556 1731 2594 modo
1760 2563 1859 2594 esset
1887 2555 1997 2593 cibus
2023 2568 2107 2593 cor-

166 2609 334 2659 poralis,
374 2611 441 2648 sed
478 2612 667 2660 quatenus
695 2622 838 2660 corpus
865 2610 1008 2649 Christi
1036 2619 1094 2648 est
1122 2610 1256 2648 datum
1284 2621 1356 2658 pro
1386 2609 1520 2647 mundi
1550 2608 1628 2646 vita
1661 2622 1692 2646 1.
1721 2608 1873 2656 Tertio,
1902 2607 2109 2646 asserimus

165 2663 257 2700 illud
288 2676 366 2701 non
404 2663 614 2713 impedire,
643 2666 722 2713 quo
752 2663 879 2702 minus
909 2663 1051 2701 modus
1077 2662 1384 2713 participationis
1412 2661 1458 2700 sil
1486 2661 1692 2712 spiritualis
1713 2665 1808 2711 (non
1831 2669 1960 2700 tamen
1976 2661 2108 2711 imagi-

162 2716 313 2765 narius,
355 2724 394 2755 vt
431 2718 527 2754 falso
564 2716 848 2755 calumniantur
880 2715 1087 2765 Pontificij)
1116 2717 1152 2754 &z
1180 2727 1304 2754 verus.
1348 2717 1447 2753 Nam
1481 2714 1729 2753 manducatio
1759 2715 1936 2765 corporis
1963 2714 2107 2753 Christi

164 2769 257 2806 nihil
286 2769 389 2807 aliud
420 2778 498 2817 est,
527 2773 644 2820 quam
679 2770 893 2808 arctissima
920 2781 1009 2808 cum
1042 2769 1198 2808 Christo
1225 2768 1471 2819 coniunctio,
1499 2769 1577 2817 Qui
1606 2767 1687 2808 edit
1712 2781 1838 2806 meam
1867 2780 2046 2816 carnem,
2070 2768 2106 2805 81

2007 2819 2107 2859 bibit
