2334 3020
279 112 354 161 264
898 118 1114 150 'russas
1154 118 1584 150 THEOLootcArsz.

273 243 405 269 ansam
447 228 673 279 subterfugij
716 230 875 267 admota
912 229 1082 268 veritatis
1121 229 1208 268 luce
1248 228 1321 267 illis
1349 228 1582 279 adimemus,
1618 229 1726 279 quod
1753 235 1795 267 vt
1821 240 2092 281 assequamur,
2121 228 2200 270 duo

274 290 361 321 sunt
389 282 686 320 consideranda.
715 295 745 319 1.
772 283 962 320 Effectum
992 281 1277 332 praecedentia.
1307 295 1340 319 2.
1370 282 1542 320 Effectus
1567 281 1660 332 ipse.

329 346 389 384 25.
443 335 739 385 Praecedentia,
782 342 961 384 respectu
991 335 1066 373 Dei
1106 337 1141 373 &
1178 334 1360 373 hominis.
1416 336 1522 373 Deus
1564 336 1674 373 Pater
1717 348 1764 372 ex
1799 348 1906 373 mera
1932 335 2055 385 gratia
2084 335 2199 374 nobis

272 389 381 426 affert
421 387 541 425 filium
584 400 696 426 suum
738 389 867 426 Iesum
906 388 1123 437 Christum,
1165 388 1204 425 id
1233 394 1309 437 est,
1351 399 1439 426 eum
1467 387 1534 437 qui
1556 401 1628 437 pro
1657 387 1840 426 omnibus
1871 389 2007 426 mundi
2033 388 2202 438 peccatis

273 440 473 490 satisfecit,
513 443 548 479 &
575 441 779 491 pollicetur
807 441 1122 480 conditionaliter
1148 442 1221 479 sub
1250 440 1361 491 signo
1385 439 1547 479 ministri
1577 442 1613 478 &
1642 441 1921 489 Symbolorum
1953 454 1993 480 se
2021 443 2201 479 daturum

273 493 430 543 singulis
459 496 586 531 Iesum
616 494 724 532 illum
751 506 821 543 pro
852 494 1021 543 peccatis
1049 493 1189 532 nostris
1219 506 1468 544 sponsorem,
1496 500 1537 531 vt
1565 506 1633 543 per
1661 493 1761 531 illius
1790 494 1979 532 beneficia
2007 493 2202 532 iustificati

273 546 391 584 vitam
419 554 615 585 aeternam
644 547 912 597 obtineamus,
954 547 1075 586 modo
1103 547 1143 584 in
1171 547 1278 584 illum
1307 546 1532 596 credamus,
1561 548 1597 585 &
1625 558 1694 596 per
1717 547 1834 585 fidem
1861 547 2033 585 oblatam
2062 546 2205 586 Christi

275 600 623 648 apprehendamus.

329 654 388 690 26.
444 654 642 702 Respectu
684 652 854 691 hominis
897 652 1011 702 igitur
1052 665 1211 690 necesse
1252 659 1308 690 est
1344 659 1383 690 vt
1412 652 1622 702 praecedat
1650 652 1765 702 fides,
1808 654 1869 690 vel
1896 654 2032 691 saltem
2060 653 2199 691 foedus

274 706 309 743 &
352 718 485 743 semen
519 705 611 744 fidei
639 709 695 755 (vt
722 705 760 743 in
789 705 1019 756 infantibus,
1063 705 1171 755 quod
1198 717 1332 743 coram
1361 706 1450 743 Deo
1473 704 1577 743 idem
1605 716 1695 743 cum
1722 711 1811 743 actu
1838 706 1941 744 valet
1952 709 1977 754 z)
2001 718 2091 744 nam
2125 705 2207 744 51116

274 758 351 796 fide
378 759 505 796 nullus
527 760 654 809 Iesus,
680 760 823 810 Eplzes.
852 772 888 809 3.
924 770 982 807 17.
1012 760 1131 797 Extra
1158 758 1356 797 Christum
1384 758 1479 796 nihil
1506 757 1579 796 nisi
1607 770 1714 796 mors
1741 765 1818 809 est,
1847 760 1989 797 Ioann.
2018 772 2054 808 3.
2084 761 2146 808 38.
2170 760 2206 797 &

274 810 356 848 sine
386 811 542 850 Christo
570 813 676 850 nulla
703 811 844 862 gratia,
873 813 1016 862 Ephes.
1049 825 1083 851 2.
1113 822 1148 861 5.
1176 811 1256 850 imo
1281 810 1468 861 quicquid
1496 810 1578 849 sine
1605 811 1682 849 fide
1709 811 1751 848 fit
1777 818 1984 861 peccatum
2009 819 2078 863 est,
2093 813 2206 850 Rom.

281 876 338 911 14.
371 877 433 913 23.
461 865 637 914 Ideoque
665 864 696 903 si
725 864 855 903 viuere
883 865 1047 904 velimus
1077 865 1154 903 fide
1183 876 1282 915 opus
1310 870 1378 914 est,
1405 865 1527 902 Abas.
1559 877 1592 902 2.
1611 874 1646 913 5.
1680 865 1813 902 Galat.
1838 879 1871 902 2.
1891 866 1950 903 16.
1966 864 1997 902 si
2011 864 2208 903 iustificari

275 923 435 966 propter
470 918 688 969 Christum,
716 917 754 956 id
783 918 825 956 fit
852 920 936 956 sola
963 919 1053 956 fide.
1087 918 1219 957 Galat.
1249 930 1285 966 3.
1312 931 1369 954 11.
1398 918 1482 955 Nec
1503 917 1653 955 tantum
1683 917 1800 955 fidem
1824 917 2081 956 necessariam
2100 918 2207 956 volu-

275 982 378 1017 mus,
416 977 456 1008 vt
491 977 741 1010 remoueatur
777 973 898 1022 obex,
933 971 1031 1010 sicut
1059 970 1211 1009 siccitas
1243 970 1282 1008 in
1311 970 1418 1020 ligno
1446 970 1719 1009 comburendo
1750 970 2037 1009 consideratur:
2068 971 2137 1009 sed
2167 978 2208 1009 vt

280 1030 461 1073 agentem
489 1024 525 1062 &
552 1023 873 1074 instrumentum,
903 1036 1002 1074 quae
1028 1025 1135 1062 velut
1165 1035 1282 1062 manu
1309 1024 1623 1073 apprehendatur
1651 1022 1838 1061 Christus.

331 1087 391 1124 27.
448 1077 597 1116 Eadem
625 1077 728 1115 enim
757 1084 814 1115 est
842 1078 939 1116 ratio
974 1077 1084 1116 verbi
1112 1078 1147 1115 &
1176 1077 1539 1115 Sacramentorum:
1566 1075 1605 1114 in
1634 1083 1800 1125 vtroque
1827 1076 1923 1114 fides
1938 1079 2061 1126 aeque
2076 1075 2199 1125 requi-

271 1128 360 1175 sita,
389 1132 511 1179 aeque
539 1130 770 1169 necessaria.
796 1131 972 1169 Verbum
1000 1130 1081 1168 sine
1110 1130 1187 1168 fide
1212 1129 1374 1168 occidit:
1404 1130 1519 1168 Ioan.
1540 1143 1597 1168 12.
1614 1140 1676 1178 47.
1696 1142 1730 1167 2.
1753 1128 1924 1178 Corinth,
1943 1143 1976 1168 2.
1999 1131 2057 1168 16.
2074 1130 2205 1168 Sacra-

274 1189 450 1221 mentum
489 1183 570 1221 sine
603 1184 680 1222 fide
707 1183 879 1222 damnat.
927 1197 960 1222 1.
992 1184 1165 1222 Corinth.
1199 1196 1256 1222 11.
1289 1194 1349 1231 27.
1380 1195 1441 1233 29.
1471 1183 1517 1220 In
1545 1183 1622 1221 hoc
1651 1183 1802 1220 tantum
1831 1181 2014 1220 differunt
2042 1184 2205 1221 verbum

275 1237 311 1273 &
341 1236 656 1274 Sacramentum:
686 1237 794 1286 quod
821 1237 917 1275 illud
941 1237 1132 1275 accendat
1160 1236 1298 1285 fidem,
1341 1236 1418 1273 hoc
1446 1236 1594 1273 foueat:
1624 1235 1719 1273 illud
1746 1235 1794 1273 sit
1821 1235 1943 1274 instar
1966 1234 2209 1285 diplomatis,

276 1290 351 1326 hoc
381 1289 517 1339 sigilli:
548 1290 643 1328 illud
671 1289 852 1327 omnibus
881 1290 1085 1339 offeratur,
1123 1291 1158 1327 &
1187 1290 1238 1328 ad
1267 1289 1394 1338 ipsum
1423 1295 1710 1327 sacramentum
1740 1287 1997 1327 necessarium
2026 1288 2092 1337 sit,
2135 1290 2211 1326 hoc

276 1354 355 1378 non
386 1341 490 1380 item.
539 1344 629 1380 Non
658 1345 714 1391 (vt
742 1354 946 1392 perperam
975 1342 1252 1392 Bellarminus,
1275 1343 1339 1380 lab.
1372 1355 1406 1380 2
1436 1343 1481 1379 de
1506 1355 1598 1380 sac7
1599 1355 1673 1380 am.
1704 1347 1786 1391 cap.
1822 1343 1896 1390 11)
1924 1340 2019 1379 illud
2052 1318 2210 1379 rrianum

272 1394 555 1453 porrigentem,
587 1397 663 1433 hoc
691 1403 918 1455 operantem
947 1406 1230 1455 nuncupamus.
1259 1396 1361 1433 Nam
1389 1394 1420 1433 si
1447 1407 1584 1433 manus
1613 1407 1781 1444 operans
1804 1394 1854 1432 ad
1868 1394 1986 1432 fidem
2001 1395 2210 1442 referatur,

277 1447 313 1484 in
344 1447 514 1497 vtrisque
543 1456 601 1487 est
628 1461 814 1498 operans:
845 1449 876 1487 si
904 1449 955 1487 ad
985 1448 1060 1488 Dei
1088 1449 1363 1498 instrumenta,
1392 1448 1511 1486 ambo
1541 1455 1628 1485 sunt
1656 1447 1919 1498 porrigentes,
1946 1449 1983 1486 &
2011 1448 2118 1486 Deus
2141 1459 2211 1497 per

277 1500 340 1538 illa
368 1513 548 1550 operans.
577 1503 775 1561 (f·1‚730-)

331 1555 391 1592 28.
447 1554 627 1603 Sequitur
653 1553 731 1592 iam
760 1555 843 1604 ipse
873 1556 1054 1605 effectus,
1084 1553 1151 1603 qui
1177 1566 1248 1604 pro
1278 1553 1428 1591 ratione
1442 1553 1760 1602 praecedentium
1776 1552 1955 1591 variatur.
1984 1554 2091 1591 Deus
2106 1552 2210 1591 enim

273 1606 431 1656 singulis
472 1607 722 1646 infallibiliter
753 1608 915 1658 gratiam
946 1621 1054 1646 suam
1080 1607 1194 1645 offert
1224 1618 1314 1645 cum
1346 1605 1560 1656 Symbolis,
1585 1607 1654 1644 sed
1680 1619 1763 1645 non
1791 1605 1963 1657 alligauit
1991 1605 2208 1655 Symbolis,

274 1659 326 1697 ita
356 1666 395 1697 vt
422 1659 598 1699 infideles
624 1674 764 1711 panem
793 1661 954 1700 Domini
982 1660 1202 1710 capientes,
1232 1660 1267 1697 &
1296 1672 1375 1697 non
1406 1671 1546 1709 panem
1575 1659 1812 1709 Dominum,
1840 1658 2210 1697 condemnationem

271 1724 381 1750 suam
410 1712 449 1750 in
478 1726 518 1751 se
547 1715 718 1763 trahant,
748 1714 839 1764 quia
866 1713 1061 1764 corporali
1083 1725 1200 1751 manu
1217 1713 1513 1763 apprehendunt
1528 1711 1700 1763 signum:
1721 1712 1790 1751 sed
1806 1711 1992 1762 spirituali
2007 1711 2211 1750 deficiente

273 1765 434 1816 indigno
464 1774 694 1817 contemptu
721 1767 883 1817 abigunt
910 1767 1115 1818 signatum.

331 1832 392 1877 29.
448 1819 641 1858 Dicuntur
680 1827 811 1858 autem
853 1820 1027 1859 infideles
1068 1819 1226 1869 indigne
1267 1818 1497 1867 comedere,
1539 1830 1619 1856 non
1659 1819 1767 1868 quod
1803 1830 1945 1868 panem
1974 1817 2212 1867 spiritualem

274 1872 448 1921 capiant,
491 1873 561 1911 sed
603 1873 711 1923 quod
749 1875 996 1923 corporalem
1026 1873 1188 1911 edentes
1215 1871 1450 1921 spiritualem
1480 1878 1748 1910 contemnant.
1789 1871 1897 1920 quod
1928 1871 2043 1909 etiam
2073 1872 2213 1908 fatetur

276 1925 550 1974 Bellarminus·
589 1926 679 1964 licet
721 1926 824 1964 idern
865 1927 956 1965 alibi
998 1927 1076 1975 (lzb.
1120 1939 1155 1963 2.
1194 1926 1238 1962 de
1266 1937 1432 1962 sacram.
1470 1931 1554 1975 cap.
1584 1928 1636 1973 4.)
1665 1923 1695 1962 si
1724 1926 1824 1962 forte
1851 1923 2073 1962 infidelibus
2101 1923 2214 1961 detur

276 1977 348 2015 illis
377 1991 454 2015 non
484 1980 681 2028 prodesse.
716 1978 762 2018 St
788 1981 884 2016 enim
914 1981 1041 2018 malus
1068 1980 1176 2016 edem
1188 1983 1325 2029 posset
1350 1976 1490 2027 (inquit
1515 1976 1705 2027 Origenes
1734 1977 1772 2015 in
1801 1978 1957 2026 Matth.)
1986 1990 2061 2015 non
2078 1977 2213 2014 scribe-

276 2036 400 2079 7el2tr,
437 2032 518 2080 Qus
542 2034 619 2070 edit
641 2034 742 2070 huuc
767 2038 911 2082 panem
939 2034 1037 2072 vluit
1060 2045 1099 2069 m
1128 2037 1335 2069 aeternum.

329 2096 392 2132 30.
449 2085 550 2122 Cum
579 2088 673 2124 vero
704 2085 838 2123 fideles
866 2084 1160 2124 communicant
1189 2083 1466 2132 Sacramentis,
1494 2089 1535 2120 vt
1564 2083 1698 2133 decet,
1729 2090 1811 2121 turn
1842 2081 2017 2120 succedit
2046 2081 2208 2121 effectus

274 2136 456 2186 proprius
483 2139 518 2176 &
549 2137 776 2188 primarius,
813 2151 865 2176 sc.
895 2137 1140 2177 confirmatio
1169 2136 1257 2175 fidei
1286 2136 1322 2174 &
1350 2136 1494 2174 arctior
1522 2136 1752 2175 communio
1781 2147 1870 2174 curn
1900 2135 2055 2174 Christo
2083 2135 2210 2185 capite

274 2201 359 2228 suo.
391 2191 559 2228 Modum
588 2191 619 2229 si
646 2202 830 2241 quaeras,
859 2191 915 2230 sic
942 2192 1054 2230 habe.

328 2255 392 2291 31.
447 2243 590 2282 Fidelis
630 2243 841 2294 respiciens
884 2243 1165 2303 iustificationis
1206 2254 1364 2281 causam
1404 2240 1640 2280 efficientem
1669 2241 1707 2280 in
1735 2243 1862 2301 Patre,
1889 2241 1987 2280 Filio
2009 2241 2045 2278 &
2072 2240 2215 2291 Spiritu

275 2303 430 2346 sancto,
461 2296 663 2346 speciatim
692 2299 786 2335 vero
815 2298 1057 2337 materialem
1088 2296 1127 2334 in
1157 2295 1256 2345 filio,
1284 2308 1331 2333 ac
1359 2295 1464 2333 velut
1492 2294 1825 2333 instrumentalem
1853 2294 1892 2332 in
1915 2295 2059 2332 Sancto
2074 2293 2218 2343 Spiritu

276 2349 400 2386 verbo
429 2350 736 2400 manifestatam,
765 2353 874 2389 certo
905 2350 1029 2390 credit
1057 2350 1108 2388 ad
1136 2361 1177 2387 se
1207 2348 1398 2398 pertinere
1426 2346 1588 2398 gratiam
1616 2347 1752 2395 istam,
1786 2347 1856 2387 sed
1889 2354 2020 2386 tamen
2047 2345 2215 2385 dubitat:

274 2401 403 2451 audit,
433 2403 502 2440 sed
532 2409 721 2452 tanquam
751 2415 821 2453 per
852 2405 1053 2453 parietem.
1082 2403 1197 2440 Hanc
1225 2400 1488 2439 infirmitatem
1514 2407 1556 2438 vt
1583 2407 1813 2440 sustentaret
1839 2401 1969 2450 Deus,
1997 2400 2120 2438 verbo
2143 2410 2214 2437 suo

276 2431 430 2504 signuin
459 2454 621 2507 adiecit,
649 2468 730 2506 quo
758 2456 876 2495 nobis
906 2458 1226 2496 confirmaretur:
1255 2466 1334 2492 non
1364 2455 1473 2503 quod
1502 2453 1691 2492 maiorem
1712 2452 2217 2492 auctoritatemilliadferat

273 2509 381 2556 (nam
424 2515 507 2546 tota
549 2516 606 2547 est
645 2512 669 2547 a
710 2511 833 2547 verbo
866 2510 1079 2560 αὐτοπιςῷ)
1109 2509 1178 2546 sed
1209 2508 1318 2557 quod
1347 2508 1563 2546 claritatem
1591 2507 1711 2545 addat
1741 2506 1945 2545 maiorem.
1973 2505 2085 2543 Licet
2111 2504 2214 2543 enim

275 2560 485 2609 promissio
523 2574 591 2611 per
621 2575 662 2601 se
690 2569 784 2600 nota
812 2561 878 2613 sit,
908 2566 944 2601 &
973 2562 1110 2600 auditu
1138 2567 1343 2620 percepta,
1387 2567 1517 2598 tamen
1544 2559 1599 2597 rei
1622 2560 1780 2610 visibili,
1807 2558 2000 2610 tangibili,
2026 2559 2061 2596 &
2089 2564 2215 2608 gusta-

278 2612 346 2650 bili
389 2613 563 2665 adiecta,
606 2615 767 2666 clarior,
809 2616 951 2654 certior
994 2617 1030 2653 &
1066 2614 1197 2652 notior
1238 2613 1353 2652 nobis
1376 2612 1562 2651 redditur.
1588 2612 1681 2661 Quo
1710 2624 1824 2652 sensu
1851 2613 1954 2651 bene
1979 2610 2216 2661 Augustinus

276 2666 439 2704 verbum
470 2666 617 2706 visibile
644 2675 866 2717 nuncupat:
896 2674 1032 2707 contra
1059 2669 1272 2717 Faustum,
1300 2667 1364 2705 lib.
1398 2679 1458 2715 19.
1486 2671 1569 2715 cap.
1603 2668 1662 2705 16.
1688 2667 1794 2704 Male
1822 2663 2030 2712 aduersarij
2045 2670 2213 2702 11111111111·

280 2720 475 2758 Bellarm.
503 2721 547 2758 de
572 2733 739 2760 sacram.
766 2722 828 2759 lzb.
864 2734 896 2760 1.
923 2727 1007 2772 cap.
1038 2734 1097 2768 14.

341 2785 406 2821 32.
463 2774 554 2810 Non
598 2775 724 2812 solum
769 2775 1002 2811 confirmant
1031 2775 1305 2821 Sacramenta,
1333 2772 1401 2810 sed
1429 2771 1544 2811 etiam
1567 2772 1754 2822 praebent
1783 2770 1970 2809 maiorem
1999 2768 2089 2807 fidei
2116 2780 2221 2806 men-

2070 2834 2216 2872 suram,
