2334 3020
811 112 876 138 DE
916 112 1056 138 VERA
1100 111 1453 139 THEOLOGIA.
2036 119 2102 144 101

165 220 346 260 exsistere
373 220 514 259 virtute
542 219 633 257 Dei:
662 231 804 269 nempe
834 219 943 269 quod
971 232 1097 258 omnes
1124 233 1201 259 vna
1235 222 1298 259 vir
1321 220 1516 270 perfectus
1546 221 1736 260 efficimur
1763 222 1802 261 in
1817 223 1972 262 Christo
1990 226 2103 262 Iesu:

165 274 306 324 Ephes.
335 288 372 322 4.
406 287 464 322 13.
494 273 595 312 Cum
623 272 728 311 enim
757 272 932 311 Christus
960 272 1008 311 sit
1035 279 1152 323 caput
1178 280 1376 324 nostrum,
1405 273 1444 312 in
1472 285 1552 324 quo
1580 288 1648 326 per
1677 275 1809 315 omnia
1839 283 1998 327 oportet
2027 290 2101 316 nos

166 326 412 377 adolescere,
434 328 469 365 δι
497 338 545 364 ex
572 336 651 375 quo
681 331 808 364 totum
836 336 978 376 corpus
1006 332 1267 377 congruenter
1293 334 1610 377 coagmentatum
1639 341 1707 378 per
1732 342 1896 369 omnem
1912 330 2097 369 commis-

169 391 298 418 suram
339 377 692 430 suppeditationum
734 378 870 429 ipsius,
910 380 1124 418 secundum
1160 379 1239 418 vim
1273 387 1454 430 agentem
1492 394 1565 431 pro
1594 393 1775 420 mensura
1803 382 2103 433 vniuscuiusque

168 432 335 471 membri
369 432 652 471 incrementum
689 431 792 482 capit
819 431 909 470 huic
938 432 1096 482 corpori
1122 432 1383 483 conueniens,
1411 433 1461 472 ad
1489 434 1548 472 sui
1574 434 1692 485 ipsius
1723 436 2036 475 aedificationem
2065 436 2104 475 in

167 485 374 524 charitate:
404 487 508 524 certe
536 485 645 535 quod
671 485 836 524 naturali
864 486 1021 536 corpori
1048 486 1156 525 Deus
1185 499 1254 536 per
1268 492 1446 524 naturam
1461 487 1647 538 praestari
1661 488 1927 540 voluit,idem
1946 490 2104 539 corpori

168 538 259 577 huic
295 538 460 588 mystico
496 550 566 588 per
601 538 765 589 gratiam
805 538 1075 577 admirabilem
1117 538 1235 589 ipsius
1276 539 1473 590 instituto,
1509 541 1762 590 praestiturus
1800 549 1856 581 est
1884 544 2102 581 secundum

169 591 454 630 ordinationem
482 591 614 641 ipsius.
655 593 715 630 Ac
752 594 958 642 propterea
985 598 1067 630 tum
1095 593 1172 630 hoc
1198 593 1430 631 beneficium
1458 593 1497 632 in
1526 594 1683 633 Christo
1712 594 1838 644 capite
1865 602 2000 634 nostro
2027 608 2100 635 nos

169 652 444 695 assequuturos
486 657 569 683 esse
610 645 850 683 credendum
883 653 959 696 est3
1002 652 1085 683 tum
1120 648 1214 684 vero
1251 652 1335 684 toto
1364 646 1477 685 huius
1506 646 1606 686 vitae
1635 648 1808 687 mortalis
1838 654 2016 699 tempore
2046 648 2102 687 sie

167 698 356 737 Vtendum
397 704 529 736 sancta
563 698 763 749 Euangelij
794 698 1106 749 praedicatione,
1144 705 1185 736 vt
1213 698 1345 737 omnia
1373 700 1422 738 ad
1450 701 1552 738 hanc
1581 700 1965 751 coagmentationem
1993 715 2101 750 sanc-

165 758 317 803 torum,
357 751 409 789 ad
451 763 549 801 opus
591 752 668 789 hoc
709 751 930 802 ministerij,
967 753 1002 790 &
1031 752 1081 790 ad
1110 751 1422 791 aedificationem
1452 753 1630 803 corporis
1659 754 1801 793 Christi
1830 757 2102 806 conferamus,

165 804 294 843 donec
333 805 547 843 euehamur
587 806 664 843 vna
707 804 758 842 ad
800 805 941 843 iustam
979 805 1084 843 illam
1123 817 1345 843 mensuram
1378 805 1584 856 spiritualis
1618 814 1803 859 staturae,
1845 820 1964 857 quam
1994 810 2100 847 Deus

164 856 364 896 Ecclesiae
413 869 504 896 suae
546 857 585 895 in
627 857 783 896 Christo
821 857 1066 908 praeparauit
1106 858 1438 908 gloriosissimam.
1493 859 1622 898 Huius
1663 860 1766 899 enim
1808 868 1987 912 respectu
2028 863 2100 900 Ec-

163 910 282 950 clesia
321 917 425 958 tota,
460 922 560 960 quae
596 922 739 960 corpus
768 917 826 950 est
852 910 1014 962 Christi,
1042 910 1245 961 plenitudo
1274 913 1335 950 vel
1363 913 1696 961 complementum
1724 913 1842 964 ipsius
1871 915 2099 965 appellatur.

164 965 309 1014 Ephes.
342 977 375 1002 1.
405 965 454 1002 ἂν
482 977 519 1011 4.
560 965 692 1013 Atque
719 964 817 1003 haec
844 963 1003 1014 quidem
1032 963 1156 1014 gloria
1184 971 1241 1002 est
1269 964 1527 1015 amplissima,
1557 977 1675 1015 quam
1696 968 1811 1006 nobis
1835 969 1957 1006 verbo
1973 969 2101 1007 Theo-

166 1016 294 1067 logiae
322 1028 414 1055 suae
443 1015 629 1056 reuelauit
658 1018 784 1066 Deus,
814 1019 849 1055 δε
877 1017 1016 1056 virtute
1042 1016 1196 1067 spiritus
1228 1017 1285 1056 sui
1314 1025 1653 1057 consummaturus
1683 1027 1761 1070 est,
1790 1021 1898 1070 quod
1927 1020 2102 1060 Christus

164 1069 228 1108 ille
269 1077 449 1108 aeternus
495 1069 571 1108 Dei
607 1069 726 1120 filius,
764 1069 803 1108 in
832 1082 911 1120 quo
941 1072 1056 1108 Pater
1083 1069 1206 1109 voluit
1236 1070 1411 1108 habitare
1440 1084 1599 1110 omnem
1628 1073 1911 1122 plenitudinem
1939 1073 2104 1113 Deitatis

165 1123 440 1174 corporaliter,
478 1130 626 1162 tantam
654 1122 859 1161 nobiscum
888 1122 1068 1173 dignatus
1097 1129 1155 1161 est
1182 1123 1504 1163 communionem
1533 1131 1720 1176 statuere,
1750 1126 1885 1165 diuino
1912 1127 2106 1166 beneficio

165 1187 258 1226 suo,
300 1183 341 1215 vt
377 1189 450 1214 nos
487 1176 526 1214 in
553 1176 638 1226 ipso
674 1178 962 1226 compleamur,
997 1176 1064 1226 qui
1101 1183 1159 1214 est
1193 1183 1311 1226 caput
1339 1177 1467 1215 omnis
1495 1178 1645 1228 imperij
1673 1185 1789 1228 atque
1818 1180 2042 1232 potestatis,
2070 1182 2106 1219 &

164 1228 337 1268 vicissim
377 1229 460 1279 ipse
499 1229 538 1267 in
579 1228 694 1267 nobis
735 1231 1068 1279 complementum
1106 1241 1218 1268 suurn
1254 1229 1429 1268 obtineat
1463 1230 1503 1269 in
1531 1244 1577 1270 ea
1604 1231 1729 1282 gloria
1758 1243 1876 1282 quam
1904 1234 2105 1272 aeternum

167 1282 263 1333 sibi,
291 1285 326 1321 ἅν
354 1281 469 1321 nobis
496 1282 535 1320 in
564 1295 605 1321 se
633 1290 932 1321 conseruaturus
961 1289 1032 1322 est.

218 1336 330 1384 Quae
371 1337 462 1374 cum
502 1334 555 1373 ita
598 1335 694 1386 sint,
731 1334 960 1385 sapientiam
998 1335 1104 1374 illam
1141 1336 1369 1384 salutarem,
1405 1348 1524 1386 quam
1552 1338 1813 1388 Theologiam
1841 1339 2104 1391 appellamus,

166 1388 324 1428 maximi
364 1391 388 1427 a
428 1388 542 1428 nobis
583 1388 667 1427 fieri
706 1401 866 1427 necesse
903 1395 981 1440 est,
1016 1391 1051 1427 ἃ
1086 1388 1238 1439 insigne
1274 1388 1371 1428 illud
1407 1390 1589 1440 Apostoli
1617 1393 1841 1442 exemplum
1869 1391 1984 1431 nobis
2010 1399 2102 1431 ante

165 1443 303 1481 oculos
344 1440 608 1480 indesinenter
648 1441 811 1494 versari,
847 1449 889 1480 vt
917 1442 1093 1481 dicamus
1122 1454 1211 1481 cum
1245 1455 1293 1481 eo
1326 1456 1465 1482 omnes
1494 1450 1601 1482 certa
1629 1444 1784 1495 spiritus
1810 1445 2101 1484 testificatione:

164 1496 276 1544 Quae
317 1494 413 1533 mihi
456 1501 565 1534 erant
603 1495 736 1546 lucro,
774 1508 819 1533 ea
855 1494 940 1533 dixi
967 1495 1155 1534 damnum
1186 1509 1269 1535 esse
1297 1503 1458 1547 propter
1487 1497 1698 1537 Christum.
1727 1499 1822 1549 quin
1850 1498 1968 1537 etiam
1996 1502 2102 1539 certe

164 1549 268 1587 duco
302 1547 434 1587 omnia
469 1548 656 1587 damnum
683 1561 768 1587 esse
794 1555 956 1599 propter
984 1548 1233 1589 eminentiam
1262 1549 1497 1601 cognitionis
1526 1550 1670 1590 Christi
1697 1554 1786 1590 Iesu
1814 1551 1976 1590 Domini
2004 1553 2102 1605 mei3

163 1607 323 1652 propter
350 1612 467 1651 quem
496 1601 678 1640 omnibus
706 1601 787 1640 istis
819 1603 958 1653 rebus,
987 1614 1083 1652 quas
1111 1603 1280 1642 mundus
1309 1604 1423 1654 colit,
1452 1604 1645 1654 meipsum
1668 1607 1815 1658 multo,
1836 1610 1980 1656 easque
1995 1606 2100 1645 duco

159 1667 233 1704 pro
275 1654 529 1703 stercoribus,
569 1661 612 1693 vt
652 1654 796 1694 Christi
834 1657 988 1694 lucrum
1027 1656 1187 1707 faciam,
1223 1659 1259 1696 δε
1286 1657 1507 1707 comperiar
1534 1658 1573 1696 in
1603 1671 1650 1697 eo
1679 1671 1761 1697 non
1790 1660 1941 1698 habens
1970 1672 2099 1698 meam

162 1707 344 1746 iustitiam
381 1719 482 1758 quae
509 1709 552 1746 fit
578 1721 626 1747 ex
653 1708 858 1759 operibus,
888 1709 957 1748 sed
984 1721 1084 1760 quae
1112 1723 1182 1760 per
1207 1710 1327 1748 fidem
1356 1710 1520 1749 Christi:
1550 1711 1762 1762 Iustitiam,
1791 1712 1974 1762 inquam,
2001 1724 2102 1762 quae

163 1774 211 1800 ex
236 1762 324 1799 Deo
353 1767 412 1800 est
438 1761 478 1800 in
506 1762 601 1814 fide,
631 1769 674 1800 vt
702 1774 943 1812 cognoscam
972 1775 1084 1814 eum,
1109 1763 1239 1802 &vim
1254 1763 1548 1804 resurrectionis
1562 1764 1704 1815 ipsius,
1727 1765 2100 1805 &communionem

161 1813 422 1864 perpessionis
464 1814 604 1867 ipsius,
646 1815 740 1854 dum
781 1815 995 1855 conformis
1022 1817 1075 1855 fio
1104 1816 1222 1867 ipsius
1251 1816 1388 1869 morti3
1418 1817 1449 1856 si
1477 1829 1556 1868 quo
1587 1819 1710 1857 modo
1739 1825 1996 1868 peruenturus
2025 1819 2099 1857 sim

161 1867 213 1906 ad
253 1867 577 1907 resurrectionem
618 1875 882 1920 mortuorum,
922 1869 962 1908 in
1002 1882 1120 1920 quam
1162 1870 1338 1909 Christus
1367 1871 1531 1920 praeiuit
1559 1871 1674 1911 nobis
1702 1873 1753 1910 ad
1783 1871 2098 1911 iustificationem

163 1927 350 1959 nostram.
378 1922 524 1972 Philip.
551 1935 589 1972 3.
622 1933 656 1970 7.
685 1925 722 1961 8.
750 1924 786 1961 δε
814 1936 849 1962 e.
878 1925 986 1962 Deus
1014 1923 1079 1962 ille
1095 1923 1289 1975 optimus,
1313 1924 1527 1975 maximus,
1552 1925 1754 1975 quifilium
1769 1937 1882 1964 suum
1897 1932 2097 1964 aeternum

162 1975 293 2012 Iesum
321 1975 518 2014 Christum
547 1975 809 2014 redemtorem
835 1983 1013 2015 nostrum
1040 1977 1173 2028 genuit
1201 1977 1454 2027 generatione
1481 1985 1657 2025 aeterna,
1686 1979 2099 2029 &praedestinatione

163 2034 322 2065 aeterna
360 2027 476 2067 nobis
517 2027 750 2079 sanctificat,
779 2036 819 2068 vt
847 2029 895 2068 sit
921 2030 1131 2082 sapientia,
1158 2030 1321 2082 iustitia,
1351 2030 1606 2070 sanctificatio
1635 2033 1670 2070 δε
1700 2032 1916 2083 redemptio
1944 2039 2099 2084 nostra3

160 2079 265 2118 idem
305 2093 378 2120 nos
419 2093 577 2132 quoque
606 2081 741 2132 spiritu
770 2083 891 2122 donet
919 2083 1153 2135 sapientiae,
1180 2091 1222 2122 vt
1249 2084 1388 2122 virtute
1417 2084 1536 2134 ipsius
1564 2084 1816 2135 proficientes
1846 2085 1886 2123 in
1913 2085 2102 2125 thesauris

161 2133 390 2173 salutaribus
433 2134 545 2174 huius
573 2135 809 2186 cognitionis
839 2138 875 2175 &
904 2137 1115 2187 sapientiae
1143 2149 1397 2188 augescamus
1425 2137 1464 2176 in
1494 2137 1681 2176 vnitatem
1709 2138 1801 2177 fidei
1826 2140 1863 2177 81
1890 2138 2100 2189 agnitionis

161 2185 298 2238 ipsius,
339 2188 468 2227 donec
501 2188 716 2227 efficiamur
742 2190 801 2228 vir
828 2192 1021 2240 perfectus
1048 2192 1099 2229 ad
1128 2191 1267 2229 iustam
1297 2202 1518 2229 mensuram
1546 2191 1647 2230 illius
1674 2198 1864 2242 staturae,
1892 2203 1992 2242 quae
2020 2205 2100 2230 am-

159 2238 374 2289 plissimum
416 2241 513 2280 illud
553 2254 695 2292 corpus
731 2256 778 2282 ac
805 2243 1129 2294 gloriosissimum
1172 2245 1285 2284 decet
1311 2244 1350 2283 in
1379 2243 1535 2283 Christo
1563 2247 1651 2284 Iesu
1679 2245 1807 2296 capite
1835 2247 1872 2285 δε
1899 2252 2098 2285 seruatore

158 2299 294 2333 nostro
322 2295 374 2333 ad
400 2294 566 2345 gloriam
594 2295 725 2346 ipsius.
767 2298 909 2335 Amen.
939 2298 982 2346 (f.
1015 2299 1145 2346 1424.)
