2334 3020
764 97 830 125 DE
869 95 1015 124 VERA
1057 93 1408 122 THEOLOGIA.
2002 83 2050 130 87
2097 83 2102 87 ’

174 205 304 244 Huius
347 211 475 243 autem
519 203 889 242 communicationis
919 202 1061 241 modus
1090 200 1265 251 diuinus,
1295 206 1354 238 est
1381 199 1597 248 inspiratio.
1621 198 1724 235 Nam
1753 197 1825 236 etsi
1854 199 2055 249 multiplex

121 265 179 297 est
217 258 389 297 docendi
423 258 588 306 modus,
628 268 707 306 quo
738 258 844 295 Deus
872 268 962 305 erga
992 268 1053 293 res
1081 260 1229 292 creatas
1256 253 1395 302 vtitur,
1425 254 1460 289 &
1487 263 1548 289 res
1576 257 1730 289 creatae
1758 263 1896 290 omnes
1923 264 2057 290 secun-

122 311 216 350 dum
243 313 393 350 Deum:
422 317 552 348 tamen
580 310 618 348 in
649 310 823 348 caelestis
851 309 964 347 huius
992 311 1026 347 ἃ
1056 306 1260 357 spiritualis
1284 305 1429 356 gratiae
1444 303 1804 342 communicatione
1820 304 2058 355 spiritualem

122 365 286 403 modum
329 363 474 402 seruari
515 363 705 413 oportuit:
741 370 823 401 tum
862 369 1022 412 propter
1048 360 1102 399 rei
1129 366 1305 398 naturam
1334 370 1434 408 quae
1458 357 1604 407 agitur:
1635 364 1718 395 tum
1749 357 1866 396 etiam
1896 365 2056 408 propter

120 425 300 455 naturam
341 417 421 455 eius
463 416 530 466 qui
571 429 652 454 rem
695 418 797 454 hanc
833 414 1110 453 communicat.
1152 412 1358 463 spiritualis
1385 410 1527 450 etenim
1556 410 1652 448 boni
1679 409 1791 448 huius
1818 413 1841 448 a
1869 411 2057 461 spirituali

121 477 280 508 auctore
319 469 603 520 proficiscentis
631 482 711 508 non
741 469 815 508 nisi
842 468 1077 519 spiritualem
1105 466 1237 505 decuit
1265 477 1348 504 esse
1378 463 1790 503 communicationem.
1832 464 2056 512 Quinetiam

121 530 162 561 vt
204 535 287 561 rem
332 523 578 572 corporalem
621 535 716 561 nom
758 521 831 561 nisi
871 520 1066 571 corporali
1107 520 1229 558 modo
1271 516 1553 557 communicari
1582 523 1719 554 natura
1752 516 1859 554 sinit:
1890 517 1942 556 ita
1971 531 2053 556 rem

123 575 358 626 spiritualem
400 576 682 614 communicari
724 587 794 625 per
833 575 997 613 modum
1039 572 1193 623 spiritus
1234 571 1424 622 praecipit
1460 569 1592 620 gratia.
1632 570 1709 608 Sed
1736 569 1832 608 illud
1858 569 1896 608 in
1925 571 2058 621 primis

120 628 312 678 ostendit,
356 628 542 678 spirituali
571 628 947 678 communicatione,
976 639 1094 676 quam
1122 625 1416 676 inspiratIOnem
1446 623 1630 674 dicimus,
1659 622 1775 660 fuisse
1803 634 1920 673 opus,
1949 625 2058 674 quod

120 683 227 719 Deus
265 681 378 720 huius
405 681 773 720 communicationis
802 688 939 719 auctor
967 686 1044 730 est,
1074 681 1109 717 ἃ
1138 679 1245 728 quod
1273 677 1522 718 effectionem
1551 676 1650 714 illius
1678 687 1870 714 summam
1897 690 1944 715 ac
1973 690 2057 727 per-

120 736 281 785 fectam,
309 735 415 772 velut
444 747 543 784 opus
572 735 728 773 diuinae
757 747 848 773 suae
876 733 1023 783 gloriae
1051 731 1271 782 proprium,
1300 731 1374 770 sibi
1401 729 1474 769 soli
1501 729 1691 768 vindicat:
1720 742 1812 767 nam
1842 743 1922 768 rem
1951 730 2056 780 spiri-

121 789 288 838 tualem,
332 789 498 837 eamque
541 795 687 826 tantam
729 788 814 837 quis
848 787 920 825 nisi
957 788 1063 825 Deus
1091 785 1154 823 ille
1183 784 1319 823 vnicus
1347 790 1483 822 auctor
1511 783 1629 833 ipsius
1656 782 1790 821 fuisset
1821 781 2056 822 collaturus?

119 853 201 878 rem
243 840 420 878 omnium
458 853 672 892 summam,
701 843 735 879 &
764 852 864 890 quae
893 845 1048 889 superat
1075 846 1256 876 naturam
1283 837 1451 875 vniuersi
1480 836 1669 886 dignitate
1696 847 1786 886 sua,
1803 836 1889 886 quis
1903 836 2055 887 exposi-

119 900 247 944 turus,
276 893 349 932 nisi
375 893 458 944 ipse
486 901 646 932 naturae
674 901 811 932 auctor
838 896 873 932 &
900 892 1043 930 vindex
1071 904 1140 941 per
1166 890 1330 941 gratiam
1345 888 1599 928 exundasset?
1615 902 1698 927 rem
1713 891 1926 938 perfectam
1942 897 2058 939 atque

119 947 219 985 adee
248 947 497 996 perfectionis
527 947 654 986 omnis
683 946 857 985 caelestis
884 945 1055 983 indicem
1083 945 1309 994 salutarem,
1338 942 1424 992 quis
1451 942 1525 980 nisi
1553 942 1854 991 perfectissimus
1882 956 2055 993 vnquam

119 997 341 1038 docuisset?
383 1000 463 1038 Hic
490 1014 584 1051 ergo
612 1001 675 1039 ille
703 1006 760 1038 est
790 1007 927 1037 auctor
955 1004 1112 1036 nostrae
1140 996 1383 1046 Theologiae
1411 998 1447 1034 &
1475 995 1651 1033 caelestis
1679 996 1911 1046 sapientiae,
1940 1008 2059 1046 quam

119 1053 249 1091 effecit
285 1053 325 1090 in
359 1053 480 1092 seruis
508 1053 586 1092 suis
614 1055 649 1092 ἃ*
677 1051 917 1103 ingenerauit
950 1064 1023 1100 pro
1053 1051 1240 1088 demenso
1270 1048 1492 1087 donationis
1521 1060 1630 1087 suae:
1660 1047 1714 1086 ita
1739 1055 1781 1086 vt
1809 1049 1949 1100 singuli
1975 1049 2056 1099 qui-

118 1105 209 1144 dem
238 1118 325 1144 suas
352 1113 481 1156 partes
508 1109 531 1144 a
558 1109 645 1145 Deo
674 1104 919 1156 perceperint
947 1110 1107 1142 auctore
1135 1101 1399 1152 Theologiae,
1429 1102 1500 1140 sed
1527 1101 1711 1139 omnibus
1735 1108 1866 1140 tamen
1881 1114 2055 1141 commu-

119 1160 218 1198 niter
249 1161 421 1209 perfecta
448 1159 561 1198 huius
591 1158 833 1209 Theologiae
861 1159 1008 1205 forma,
1036 1158 1059 1194 a
1087 1157 1174 1194 Deo
1204 1155 1252 1193 sit
1276 1154 1491 1206 proposita.

179 1214 240 1250 Ac
287 1226 471 1250 szmmmm
512 1213 671 1262 quidem
712 1223 801 1250 eum
842 1211 1084 1260 appellamus
1129 1215 1332 1247 auctorem
1382 1208 1524 1256 effec(f.
1569 1209 1906 1257 1411.)t0re'mque
1943 1207 2056 1246 huius

121 1265 351 1316 sapientiae,
380 1277 501 1316 quum
529 1266 698 1304 eundem
725 1263 874 1303 medias
903 1275 1039 1301 causas
1069 1261 1322 1300 adhibentem
1350 1260 1662 1310 contemplamur
1689 1260 1741 1298 ad
1763 1261 1865 1298 hanc
1881 1273 2056 1299 commu-

119 1318 355 1357 nicationem
391 1318 550 1369 gratiae.
590 1320 745 1356 Vnicum
781 1320 872 1356 vere'
905 1323 1018 1366 atque
1044 1317 1268 1367 perfectum
1297 1320 1488 1353 auctorem
1523 1326 1606 1352 esse
1634 1315 1939 1363 effectoremque
1968 1319 2058 1352 'eum

119 1373 394 1410 adfirmamus:
436 1371 527 1421 quia
557 1371 588 1410 is
617 1371 722 1409 idem
750 1382 848 1408 unus
877 1377 956 1421 est,
985 1369 1052 1419 qui
1082 1369 1214 1407 omnia
1241 1368 1281 1406 in
1308 1367 1511 1417 omnibus,
1539 1374 1622 1405 tum
1650 1367 1766 1405 nobis
1795 1367 1949 1418 electis,
1976 1373 2061 1405 tum

119 1425 257 1463 mediis
285 1424 492 1474 assumptis
519 1425 570 1463 ad
598 1423 847 1463 vocationem
877 1430 1052 1461 nostram
1081 1428 1277 1472 operatur.
1307 1421 1428 1470 Quod
1444 1421 1475 1459 si
1489 1421 1749 1471 omnia,ergo
1765 1420 1870 1458 idern
1884 1421 2059 1470 perfecte

120 1485 323 1528 operatur:
364 1484 430 1516 aut
472 1479 664 1528 nusquam
694 1476 976 1527 perfectionem
1004 1488 1109 1525 esse,
1139 1474 1171 1513 si
1199 1475 1239 1513 in
1266 1476 1354 1513 Deo
1385 1475 1421 1512 &
1448 1477 1471 1512 a
1498 1475 1586 1512 Deo
1615 1486 1696 1511 non
1724 1473 1814 1524 erit,
1844 1473 2060 1512 dicendum

118 1537 193 1570 est:
238 1543 356 1581 quam
383 1544 467 1569 rem
495 1533 518 1569 a
545 1531 660 1569 nobis
688 1530 811 1580 pietas
837 1537 943 1568 vetat
970 1529 1199 1579 praedicari.
1235 1530 1282 1566 In
1308 1528 1410 1566 hanc
1438 1526 1670 1566 sententiam
1698 1528 1915 1577 Apostolus
1951 1540 2060 1577 prae-

118 1584 264 1634 cipiens
303 1583 530 1623 tenuissima
573 1584 689 1623 etiam
731 1584 951 1622 rudimenta
991 1582 1166 1621 caelestis
1207 1581 1320 1620 huius
1363 1580 1583 1631 Sapientiae
1614 1580 1654 1618 in
1682 1580 1809 1630 pretio
1838 1580 1993 1629 haberi,
2023 1582 2059 1618 &

117 1644 305 1687 tanquam
342 1637 474 1676 diuina
501 1638 551 1676 ab
581 1637 764 1676 omnibus
792 1637 916 1675 foueri
943 1636 979 1674 δε
1008 1636 1103 1687 coli,
1133 1635 1328 1674 scribebat
1357 1633 1591 1684 Corinthiis,
1619 1635 1768 1672 Notum
1797 1633 1909 1672 vobis
1935 1632 2057 1684 facio,

116 1692 266 1729 nullum
293 1704 363 1740 per
390 1690 575 1741 Spiritum
603 1690 679 1729 Dei
705 1692 933 1740 loquentem
961 1689 1092 1728 dicere
1120 1691 1250 1727 Iesum
1277 1690 1506 1727 anathema:
1535 1687 1783 1726 &neminem
1797 1700 1914 1737 posse
1930 1687 2060 1725 dicere

118 1746 250 1782 Iesum
276 1744 493 1782 Dominum
519 1743 592 1782 nisi
618 1757 687 1794 per
715 1743 899 1794 Spiritum
927 1749 1118 1781 sanctum.
1152 1757 1167 1780 1
1191 1743 1281 1780 Cor.
1316 1755 1374 1780 12.
1404 1755 1441 1791 3.
1470 1754 1508 1788 4.
1537 1741 1609 1779 &a
1643 1739 1798 1778 Deinde
1826 1742 1917 1778 vere
1946 1753 1969 1778 a
1992 1739 2060 1778 mi-

117 1797 232 1835 nimis
260 1796 334 1835 illis
362 1797 560 1848 principiis
589 1798 640 1836 ad
667 1797 817 1836 maiora
843 1808 1070 1847 assurgens,
1099 1809 1145 1834 ac
1174 1794 1303 1846 potius
1331 1795 1382 1834 ad
1411 1793 1545 1834 omnia
1571 1794 1769 1844 vniuerse,
1799 1793 1951 1832 subdit:
1984 1792 2059 1831 dis-

116 1850 324 1889 tinctiones
364 1857 496 1889 autem
538 1851 736 1889 donorum
777 1857 886 1896 sunt,
931 1850 1000 1889 sed
1034 1849 1139 1888 idem
1168 1848 1352 1900 Spiritus:
1381 1851 1417 1887 &
1444 1847 1713 1886 distinctiones
1742 1845 2060 1885 ministeriorium

119 1910 228 1953 sunt,
259 1905 329 1942 sed
356 1903 460 1942 idem
491 1903 706 1943 Dominus:
736 1906 771 1942 ἃ
801 1903 1070 1942 distinctiones
1099 1901 1372 1952 operationum
1404 1908 1513 1949 sunt,
1543 1901 1613 1939 sed
1641 1899 1747 1938 idem
1776 1907 1833 1938 est
1859 1901 1989 1950 Deus,
2017 1912 2063 1937 ea

120 1957 253 1996 omnia
296 1957 468 1996 efficiens
508 1957 547 1996 in
590 1957 786 1996 omnibus.
836 1958 888 1995 Et
929 1958 1048 2007 paulo
1086 1958 1193 2006 post,
1232 1955 1365 1994 omnia
1400 1956 1498 1993 haec
1530 1954 1648 1992 efficit
1675 1966 1774 1992 vnus
1801 1954 1865 1991 ille
1893 1953 2061 1991 &idem

119 2010 300 2061 Spiritus,
329 2010 565 2050 distribuens
594 2010 778 2061 priuatim
803 2023 848 2049 ea
863 2009 1045 2060 singulis,
1061 2010 1160 2048 sicut
1174 2010 1267 2048 vult.
1283 2007 1633 2057 Quemadmodum
1648 2009 1737 2045 ante
1752 2006 1867 2045 etiam
1884 2005 2063 2044 Christus

119 2065 294 2102 exultans
339 2063 485 2114 Spiritu
513 2064 684 2115 dixerat,
713 2063 846 2102 onmia
875 2063 970 2101 mihi
999 2063 1143 2101 tradita
1172 2069 1262 2101 sunt
1291 2064 1315 2100 a
1342 2064 1456 2100 Patre
1485 2073 1595 2099 meo:
1624 2062 1660 2099 &
1687 2072 1807 2098 nemo
1835 2058 1946 2098 nouit
1975 2058 2062 2108 quis

119 2117 167 2155 sit
209 2117 331 2168 filius,
373 2117 446 2156 nisi
487 2119 620 2156 Pater:
650 2119 685 2156 &
714 2117 799 2167 quis
825 2116 872 2155 sit
900 2119 1034 2167 Pater,
1062 2116 1135 2154 nisi
1160 2115 1302 2165 Filius,
1333 2116 1369 2153 &
1394 2114 1614 2164 cuicunque
1642 2113 1742 2152 filius
1770 2112 1938 2152 voluerit
1966 2118 2063 2151 rete-

118 2183 230 2220 gere:
260 2176 383 2221 eoque
412 2171 574 2209 nomine
601 2170 766 2221 gloriam
792 2172 880 2209 Deo
909 2171 945 2208 &
972 2169 1076 2208 Patri
1102 2169 1304 2208 tribuerat.
1332 2171 1454 2207 stsalt.
1482 2179 1523 2205 11.
1556 2179 1616 2216 27.
1645 2168 1743 2205 Luc.
1775 2180 1821 2204 10
1853 2180 1914 2204 21.

170 2225 287 2262 Nunc
335 2225 384 2262 de
431 2225 552 2262 altera
592 2235 729 2275 causa,
777 2235 895 2274 quam
934 2223 1269 2261 instrumentalem
1298 2223 1516 2272 appellant,
1544 2220 1760 2259 videamus.
1820 2221 1932 2258 lees.
1961 2230 2061 2256 xxx,

118 2277 432 2316 Instrumentalzk
464 2291 584 2315 cama
625 2283 681 2316 est
716 2278 832 2315 liuius
873 2278 1083 2328 sapientiae
1119 2278 1228 2328 λόγος
1263 2275 1516 2326 προφορικὸς,
1554 2275 1617 2313 vel
1644 2286 1770 2312 sermo
1800 2274 2063 2311 emmciativns

119 2331 219 2368 Dei:
257 2337 334 2368 tum
369 2332 605 2382 spiritualis,
625 2336 834 2382 perceptus
861 2331 1137 2381 spiritualiter,
1165 2336 1242 2367 tum
1272 2330 1509 2378 corporalis,
1541 2329 1809 2378 corporaliter.
1851 2327 1943 2364 Non
1978 2337 2063 2362 sum

119 2382 278 2432 quidem
314 2383 466 2422 nescius
501 2385 844 2422 Instrumentalem
873 2396 1051 2421 caussam
1080 2395 1167 2421 eam
1194 2380 1352 2432 proprie
1380 2381 1430 2418 ab
1459 2380 1671 2419 artificibus
1697 2379 1906 2430 appellari,
1945 2390 2063 2428 quam

119 2435 342 2486 principalis
369 2450 488 2487 agens
517 2439 574 2487 (vt
605 2438 763 2485 vocant)
791 2443 977 2485 tanquam
1004 2437 1303 2475 instrumentum
1332 2433 1493 2472 adhibet
1519 2433 1759 2472 extrinsecus
1774 2434 1825 2471 ad
1840 2432 2061 2483 producen-

119 2489 214 2527 dum
242 2490 424 2528 effectum
452 2490 519 2540 qui
546 2504 594 2529 ex
619 2489 792 2528 instituta
818 2490 974 2528 actione
1003 2500 1254 2540 processurus
1283 2494 1363 2525 est:
1394 2500 1448 2525 ac
1466 2487 1633 2537 proinde
1661 2499 1882 2525 sermonem
1906 2484 2063 2524 enunci-

118 2542 287 2593 atiuum,
316 2542 348 2580 si
375 2544 534 2593 quando
561 2543 786 2582 immediate
814 2545 920 2581 Deus
946 2543 1073 2593 ipsum
1097 2540 1366 2591 occupauerit,
1382 2552 1542 2579 causam
1555 2540 1888 2579 instrumentalem
1903 2537 2062 2589 proprie

116 2608 198 2634 non
227 2609 342 2646 posse
369 2596 567 2646 appellari.
595 2597 663 2635 sed
691 2596 783 2646 quia
810 2596 1030 2635 communis
1053 2595 1246 2645 quaedam
1262 2601 1319 2632 est
1332 2605 1461 2632 rerum
1477 2593 1731 2644 spiritualium
1755 2604 1846 2630 curn
1861 2590 2062 2642 corporeis

118 2649 318 2699 analogia,
360 2650 577 2688 secundum
618 2662 737 2699 quam
765 2649 881 2688 etiam
909 2663 968 2688 res
998 2649 1214 2700 spirituales
1242 2646 1445 2698 analogice
1472 2648 1718 2697 appellantur
1743 2646 1908 2684 vocibus
1935 2645 1987 2683 ad
2001 2657 2062 2683 res

118 2714 329 2752 corporeas
355 2701 512 2752 proprie
538 2702 843 2752 pertinentibus:
873 2709 1080 2752 vtrumque
1108 2701 1320 2740 commode
1348 2701 1399 2738 ad
1426 2712 1549 2751 genus
1575 2699 1877 2738 instrumentalis
1904 2709 2063 2737 caussae

118 2754 340 2806 referimus,
368 2755 614 2805 Spiritualem
641 2762 752 2807 puta,
782 2757 1108 2806 corporalemque
1137 2767 1371 2794 sermonem.
1401 2755 1515 2792 Haec
1542 2753 1646 2792 enim
1673 2752 1855 2804 analogia
1868 2751 2064 2802 quaedam

1895 2805 1996 2843 inter
2023 2816 2065 2843 se
