2334 3020
264 139 338 185 318
886 144 1101 171 THESES
1146 143 1573 172 THEOLOGICAE.

314 254 375 290 61.
432 251 585 289 Mediae
612 263 705 300 ergo
734 249 960 288 traditiones
987 256 1095 299 sunt,
1125 249 1155 288 si
1184 249 1388 288 essentiam
1417 261 1551 288 earum
1579 256 1755 300 specteS,
1784 263 1883 299 quae
1898 253 1993 290 fiunt
2009 253 2057 292 de
2073 254 2187 293 rebus

260 305 395 344 mediis
424 304 505 342 siue
532 303 839 342 indifferentibus
869 315 937 341 vsu
968 305 1003 341 ἅτ
1031 302 1289 342 conscientia:
1319 303 1388 341 sed
1418 311 1523 354 ortu,
1554 304 1653 353 fine,
1677 310 1742 341 aut
1771 311 1913 342 euentu
1943 305 2093 345 mediae
2108 320 2191 346 esse

261 360 297 396 ἃ
324 356 401 395 dici
428 356 623 395 desinunt.

314 412 376 448 62.
432 410 550 460 Ortu,
589 412 625 448 &
661 410 754 447 fine:
791 409 822 447 si
858 411 881 446 a
916 410 1019 448 malo
1057 411 1092 448 &
1120 407 1322 458 illegitimo
1350 414 1528 459 auctore,
1557 410 1660 447 malo
1691 408 1822 448 animo
1851 410 2094 461 consilioque
2125 413 2193 451 ob-

260 464 477 502 truduntur.

314 518 376 564 63.
429 517 601 565 Euentu,
643 515 673 553 si
714 521 922 577 postquam
961 515 1063 553 bene
1091 521 1255 573 coeptae
1283 517 1319 553 &
1346 514 1539 553 institutae
1567 521 1676 563 sunt,
1717 518 1806 564 post
1833 515 1872 553 in
1900 517 2085 568 abusum,
2127 525 2193 557 aut

258 568 525 607 necessitatem
551 546 722 618 aliquam
751 569 800 605 τῶ
827 568 930 617 μέσῳ
962 567 1218 616 contrariam,
1254 574 1319 605 aut
1346 567 1509 617 imperio
1538 568 1687 617 alieno,
1726 575 1791 606 aut
1820 569 2036 608 voluntaria
2063 582 2191 621 super-

259 621 416 661 stitione
443 629 654 660 vertuntur.

310 673 375 722 '64.
430 674 599 724 Imperio
635 673 762 712 alieno
798 673 1002 723 impositae
1030 672 1274 723 traditiones,
1310 672 1341 712 si
1377 673 1648 724 superstitione
1685 681 1798 711 vacat
1835 675 2083 726 obseruatio,
2113 690 2190 715 ser—

259 735 398 767 uantur
426 730 645 770 πολιτικῶς.

312 782 374 831 65.
430 781 497 819 Sin
538 780 850 830 superstitionem
891 778 1130 829 implicatam
1172 780 1337 829 habent,
1379 791 1505 829 neque
1534 778 1720 828 ciuiliter,
1762 792 1888 829 neque
1916 781 2189 821 Ecclesiastice

258 833 403 873 seruari
442 835 548 871 bona
581 834 658 872 fide
685 839 869 883 possunt:
901 832 991 882 quia
1018 845 1092 870 nec
1121 832 1352 881 seruaturis,
1394 845 1467 871 nec
1495 832 1758 882 spectantibus
1786 840 1851 871 aut
1878 833 2046 873 consciis
2075 848 2188 885 expe-

259 887 392 937 diunt,
422 889 457 925 &
486 886 559 924 Dei
587 885 734 936 gloriae
762 886 1028 924 aduersantur.

311 942 374 978 66.
430 940 695 989 Quapropter,
717 942 821 977 recte
856 938 1087 977 Scholastici
1115 939 1241 988 legem
1270 939 1481 976 humanam
1509 937 1688 987 quamuis
1717 938 1752 975 &
1780 938 2050 989 traditionem,
2092 940 2195 979 dixe-

259 1000 347 1031 runt
375 992 558 1030 virtutem
588 992 790 1042 obligandi
817 1004 898 1030 non
929 992 1091 1041 habere,
1119 1003 1238 1040 quum
1267 994 1290 1029 a
1319 992 1520 1030 communi
1550 993 1656 1030 bono
1681 990 1833 1043 deficit,
1862 994 1897 1030 δι
1925 992 2030 1031 illam
2056 994 2191 1032 Mode-

259 1046 347 1084 stini
385 1045 614 1084 sententiam
643 1047 843 1083 adferunt:
888 1047 1042 1082 Nullam
1070 1044 1161 1082 iuris
1189 1044 1380 1083 rationem
1411 1052 1477 1082 aut
1505 1043 1709 1094 aequitatis
1739 1044 1839 1094 pati,
1881 1052 1923 1083 vt
1950 1045 2065 1084 etiam
2095 1058 2194 1096 quae

260 1099 465 1137 salubriter
493 1111 566 1148 pro
597 1098 756 1137 Vtilitate
784 1098 989 1136 hominum
1018 1097 1344 1148 introducuntur,
1374 1110 1419 1135 ea
1447 1110 1520 1136 nos
1549 1097 1705 1136 duriore
1725 1096 2043 1147 interpretatione
2059 1106 2195 1137 contra

257 1152 432 1202 ipsorum
456 1152 713 1190 commodum
744 1151 1009 1202 producamus
1039 1151 1090 1189 ad
1118 1151 1380 1189 seueritatem.

745 1386 830 1422 DE
874 1385 1039 1423 DEO:
1092 1386 1241 1435 SEU,
1287 1387 1482 1423 DEVM
1539 1388 1716 1425 ESSE.

1095 1505 1310 1542 THESIS
1350 1506 1381 1542 Ι.

317 1623 523 1673 Proprium
552 1622 770 1662 subiectum
799 1623 1039 1672 materiaque
1067 1621 1287 1672 Scripturae
1316 1635 1470 1671 sacrae,
1497 1629 1553 1661 est
1582 1624 1700 1661 Deus.

320 1690 352 1713 2.
408 1677 529 1725 Deus,
559 1676 720 1714 Graecis
748 1679 783 1715 &
811 1675 958 1714 Latinis
985 1678 1008 1713 a
1034 1688 1132 1714 voce
1160 1675 1343 1713 Hebraea
1371 1677 1476 1725 Dai,
1503 1687 1604 1725 quae
1632 1676 1890 1714 sufficientem
1910 1678 1945 1714 &
1973 1677 2140 1727 αὐταρκῆ
2158 1677 2195 1714 111

265 1742 304 1768 se
333 1743 380 1767 ac
409 1742 477 1779 per
505 1744 545 1767 se
573 1737 709 1779 sonat,
735 1730 963 1779 appellatur.

314 1796 350 1831 3.
406 1784 535 1820 Deum
563 1790 693 1821 autem
722 1795 827 1832 esse,
856 1790 996 1820 natura
1024 1781 1130 1831 ipsa,
1159 1783 1195 1820 &
1224 1782 1414 1832 scriptura
1441 1788 1642 1820 testantur.

316 1850 352 1883 4.
407 1837 562 1885 Itaque,
604 1835 695 1885 qui,
737 1837 800 1873 vel
837 1835 1002 1873 naturali
1027 1834 1106 1872 luci
1134 1834 1251 1873 fidem
1279 1836 1440 1883 habent,
1470 1837 1532 1873 vel
1559 1834 1841 1884 supernaturali
1868 1834 1907 1872 in
1935 1834 2054 1873 sacris
2082 1834 2198 1885 scrip-

262 1889 355 1928 turis
385 1888 602 1938 expositae,
630 1888 670 1926 hi
695 1889 826 1926 Deum
857 1901 959 1938 esse,
988 1899 1235 1937 nequaquam
1265 1887 1457 1926 dubitant.

316 1954 351 1992 5.
407 1943 509 1991 Sed,
547 1941 793 1991 quicunque,
831 1941 927 1988 Dei,
956 1943 992 1979 δι
1020 1948 1180 1978 naturae
1208 1941 1432 1985 veritatem
1463 1940 1502 1977 in
1529 1941 1736 1979 mendacio
1765 1941 1954 1991 detinent,
1984 1940 2007 1990 ij
2038 1947 2197 1978 caecata

264 1994 542 2053 intelligentia,
571 1996 607 2032 δε
635 1996 797 2044 abrepta
824 1971 960 2033 studiis
988 1993 1285 2044 particularibus
1314 1971 1513 2032 voluritate
1541 2006 1630 2040 sua,
1657 2007 1799 2044 negare
1828 1995 1965 2032 solent.
1997 1995 2105 2032 Psal.
2140 2006 2197 2040 14.

264 2048 443 2099 quamuis
472 2047 588 2085 euicti
616 2047 896 2097 supernaturali
923 2049 1035 2094 luce,
1064 2047 1099 2084 &
1127 2046 1293 2085 naturali
1319 2045 1590 2085 conscientiae.

316 2103 352 2139 6.
406 2102 491 2138 Lux
507 2100 824 2151 supernaturalis,
849 2106 907 2138 est
922 2078 1186 2138 testimonium
1203 2100 1363 2150 Spiritus
1382 2099 1479 2149 Dei,
1501 2099 1541 2136 in
1556 2099 1751 2138 mentibus
1767 2100 1920 2138 nostris.
1937 2114 1968 2138 1.
1984 2100 2072 2137 Cor.
2089 2114 2122 2137 2.
2139 2113 2197 2137 10.

320 2167 354 2202 7.
410 2155 559 2193 Oculus
588 2153 890 2203 supernaturalis
919 2152 1059 2191 mentis
1087 2159 1263 2198 nostrae,
1293 2159 1350 2191 est
1377 2153 1487 2190 fides.
1514 2153 1642 2191 Hebr.
1680 2166 1738 2191 11.
1771 2167 1803 2191 1.

317 2210 354 2245 S.
409 2209 521 2245 Haec
548 2208 612 2243 lux
642 2207 706 2244 illa
736 2206 922 2257 afficitur,
951 2207 987 2243 δε
1016 2207 1066 2243 ab
1094 2207 1169 2244 hac
1197 2206 1262 2244 illa
1288 2205 1560 2255 prehenditur,
1587 2212 1629 2244 vt
1658 2207 1786 2244 Deum
1814 2206 2022 2243 credamus
2049 2218 2144 2243 esse.

317 2274 353 2309 9.
409 2261 556 2298 Neutra
596 2262 690 2297 vero
731 2259 820 2309 capi
860 2261 910 2297 ab
948 2259 1107 2297 homine
1135 2259 1298 2297 naturali
1326 2265 1481 2309 potest,
1523 2270 1599 2307 qua
1628 2259 1926 2309 supernaturalis
1955 2260 1990 2297 &
2019 2257 2198 2307 spiritalis

267 2320 335 2351 est.
371 2326 401 2352 1.
435 2313 525 2351 Car.
557 2326 591 2351 2.
626 2326 686 2359 14.

322 2379 380 2403 10.
436 2367 538 2403 Nam
569 2366 659 2403 cum
689 2371 811 2414 vtraq.
841 2364 1143 2414 supernaturalis
1172 2367 1207 2403 &
1236 2364 1439 2414 spiritualis
1468 2364 1515 2402 sit
1542 2371 1679 2402 neutra
1707 2365 1819 2402 aliter
1846 2365 1896 2402 ab
1925 2362 2086 2401 homine
2099 2363 2198 2412 capi,

266 2421 382 2468 quam
412 2418 694 2468 supernaturali
722 2419 862 2468 modo,
891 2421 925 2456 ἃ
955 2417 1160 2467 spirituali,
1189 2424 1342 2468 potest,
1372 2426 1488 2467 atque
1515 2416 1579 2454 hic
1601 2417 1639 2455 in
1668 2417 1828 2455 homine
1855 2416 2019 2454 naturali
2035 2428 2115 2454 non
2130 2422 2197 2453 est.

322 2485 381 2509 11.
436 2471 611 2509 Medium
647 2471 697 2509 ad
726 2478 931 2521 Vtramque
967 2473 1096 2508 lucem
1125 2470 1425 2508 instrumentum
1442 2502 1450 2517 ‚
1487 2477 1545 2508 est
1573 2472 1736 2509 verbum
1766 2469 1840 2508 Dei
1869 2469 2136 2520 praedicatum
2164 2469 2199 2506 δε

268 2525 470 2574 scriptum.

323 2590 380 2614 12.
438 2579 498 2614 Ac
536 2589 586 2614 ne
623 2577 701 2614 hoc
731 2576 890 2625 quidem
921 2577 1007 2626 capi
1036 2575 1176 2614 Vtiliter
1204 2583 1353 2626 potest,
1381 2576 1453 2614 nisi
1478 2577 1758 2625 supernaturali
1787 2576 1822 2612 δι
1851 2574 2037 2624 spirituali
2065 2575 2200 2612 modo.

323 2643 380 2678 13.
436 2632 530 2668 Hoc
555 2636 684 2667 autem
712 2630 835 2667 verbo
865 2629 1054 2667 docemur
1083 2636 1287 2678 oportere,
1316 2636 1378 2678 vt,
1407 2629 1473 2678 qui
1501 2628 1652 2666 accedit
1680 2629 1729 2667 ad
1760 2630 1889 2666 Deum
1906 2657 1916 2677 ,
1955 2627 2088 2665 credat
2116 2640 2200 2665 esse

263 2684 558 2731 μισθαποδότην
585 2682 656 2732 iis,
685 2682 748 2731 qui
780 2681 985 2731 exquirunt
1013 2682 1139 2730 ipsum
1157 2712 1167 2731 ,
1197 2683 1325 2720 Hebr.
1359 2695 1417 2720 11.
1448 2684 1482 2719 6.

327 2748 382 2780 14.
438 2735 517 2782 Qui
557 2737 641 2773 sola
682 2742 842 2772 naturae
878 2736 964 2773 luce
991 2735 1250 2784 illustrantur,
1292 2734 1315 2783 ij
1345 2746 1573 2773 communes
1601 2734 1790 2783 quasdam
1818 2733 1999 2771 notiones
2027 2733 2199 2781 habent,

264 2789 378 2824 Rom.
412 2801 441 2824 1.
473 2791 590 2837 (quae
617 2787 807 2837 principia
835 2790 953 2838 vulgo
983 2787 1181 2836 dicuntur)
1206 2788 1484 2826 conuenientes
1513 2799 1602 2825 cum
1632 2786 1913 2837 supernaturali
1940 2787 2039 2823 luce.

1931 2849 1989 2888 15.
2045 2837 2198 2875 Etenim
