<?xml version="1.0" encoding="UTF-8"?>
<!DOCTYPE html PUBLIC "-//W3C//DTD XHTML 1.0 Transitional//EN"
    "http://www.w3.org/TR/xhtml1/DTD/xhtml1-transitional.dtd">
<html xmlns="http://www.w3.org/1999/xhtml" xml:lang="en" lang="en">
 <head>
  <title>
</title>
<meta http-equiv="Content-Type" content="text/html;charset=utf-8" />
  <meta name='ocr-system' content='tesseract 3.04.00' />
  <meta name='ocr-capabilities' content='ocr_page ocr_carea ocr_par ocr_line ocrx_word'/>
</head>
<body>
  <div class='ocr_page' id='page_1' title='image "./opusculatheologi00juni/opusculatheologi00juni_0510.png"; bbox 0 0 2334 3020; ppageno 0'>
   <div class='ocr_carea' id='block_1_1' title="bbox 226 83 1464 129">
    <p class='ocr_par' dir='ltr' id='par_1_1' title="bbox 226 83 1464 129">
     <span class='ocr_line' id='line_1_1' title="bbox 226 83 1464 129; baseline -0.001 -12"><span class='ocrx_word' id='word_1_1' title='bbox 226 83 300 129; x_wconf 75' lang='lat'><strong>476</strong></span> <span class='ocrx_word' id='word_1_2' title='bbox 917 89 1183 115; x_wconf 79' lang='lat' dir='ltr'>EIREN1C1</span> <span class='ocrx_word' id='word_1_3' title='bbox 1233 89 1370 115; x_wconf 57' lang='lat' dir='ltr'><strong>mins</strong></span> <span class='ocrx_word' id='word_1_4' title='bbox 1413 89 1464 116; x_wconf 85' lang='grc'><strong>11.</strong></span> 
     </span>
    </p>
   </div>
   <div class='ocr_carea' id='block_1_2' title="bbox 227 194 2172 2829">
    <p class='ocr_par' dir='ltr' id='par_1_2' title="bbox 227 194 2172 1040">
     <span class='ocr_line' id='line_1_2' title="bbox 227 194 2171 246; baseline -0.001 -10"><span class='ocrx_word' id='word_1_5' title='bbox 227 197 303 237; x_wconf 90' lang='lat' dir='ltr'><strong>Dei</strong></span> <span class='ocrx_word' id='word_1_6' title='bbox 328 196 448 234; x_wconf 85' lang='lat' dir='ltr'><strong>Patris</strong></span> <span class='ocrx_word' id='word_1_7' title='bbox 476 195 515 234; x_wconf 90' lang='lat' dir='ltr'><strong>in</strong></span> <span class='ocrx_word' id='word_1_8' title='bbox 543 195 702 235; x_wconf 89' lang='lat' dir='ltr'><strong>Christo</strong></span> <span class='ocrx_word' id='word_1_9' title='bbox 721 194 899 246; x_wconf 89' lang='lat' dir='ltr'><strong>adoptati</strong></span> <span class='ocrx_word' id='word_1_10' title='bbox 914 206 983 245; x_wconf 90' lang='lat' dir='ltr'><strong>per</strong></span> <span class='ocrx_word' id='word_1_11' title='bbox 998 194 1174 245; x_wconf 84' lang='lat' dir='ltr'><strong>gratiam.</strong></span> <span class='ocrx_word' id='word_1_12' title='bbox 1197 196 1477 234; x_wconf 87' lang='lat' dir='ltr'><strong>Verumtamen</strong></span> <span class='ocrx_word' id='word_1_13' title='bbox 1491 195 1589 234; x_wconf 88' lang='lat' dir='ltr'><strong>inter</strong></span> <span class='ocrx_word' id='word_1_14' title='bbox 1603 194 1707 234; x_wconf 88' lang='lat' dir='ltr'><strong>illam</strong></span> <span class='ocrx_word' id='word_1_15' title='bbox 1722 196 1998 234; x_wconf 84' lang='lat' dir='ltr'><strong>fraternitatem</strong></span> <span class='ocrx_word' id='word_1_16' title='bbox 2011 204 2171 235; x_wconf 90' lang='lat' dir='ltr'><strong>naturae</strong></span> 
     </span>
     <span class='ocr_line' id='line_1_3' title="bbox 229 246 2170 298; baseline -0.001 -10"><span class='ocrx_word' id='word_1_17' title='bbox 229 253 264 289; x_wconf 72' lang='grc' dir='ltr'><strong>δι</strong></span> <span class='ocrx_word' id='word_1_18' title='bbox 292 250 394 287; x_wconf 91' lang='lat' dir='ltr'><strong>hanc</strong></span> <span class='ocrx_word' id='word_1_19' title='bbox 422 249 705 287; x_wconf 84' lang='lat' dir='ltr'><strong>fraternitatem</strong></span> <span class='ocrx_word' id='word_1_20' title='bbox 737 248 903 298; x_wconf 90' lang='lat' dir='ltr'><strong>gratiae,</strong></span> <span class='ocrx_word' id='word_1_21' title='bbox 943 246 1073 286; x_wconf 88' lang='lat' dir='ltr'><strong>media</strong></span> <span class='ocrx_word' id='word_1_22' title='bbox 1100 248 1294 298; x_wconf 86' lang='lat' dir='ltr'><strong>quaedam</strong></span> <span class='ocrx_word' id='word_1_23' title='bbox 1324 254 1381 287; x_wconf 90' lang='lat' dir='ltr'><strong>est</strong></span> <span class='ocrx_word' id='word_1_24' title='bbox 1408 247 1645 298; x_wconf 65' lang='lat' dir='ltr'><strong>fraternitas,</strong></span> <span class='ocrx_word' id='word_1_25' title='bbox 1672 247 1832 298; x_wconf 90' lang='lat' dir='ltr'><strong>quidam</strong></span> <span class='ocrx_word' id='word_1_26' title='bbox 1856 248 1966 298; x_wconf 87' lang='lat' dir='ltr'><strong>quasi</strong></span> <span class='ocrx_word' id='word_1_27' title='bbox 1991 249 2170 288; x_wconf 84' lang='lat' dir='ltr'><strong>transitus</strong></span> 
     </span>
     <span class='ocr_line' id='line_1_4' title="bbox 229 300 2170 352; baseline -0.001 -11"><span class='ocrx_word' id='word_1_28' title='bbox 229 307 251 342; x_wconf 76' lang='lat' dir='ltr'><strong>a</strong></span> <span class='ocrx_word' id='word_1_29' title='bbox 293 308 431 340; x_wconf 90' lang='lat' dir='ltr'><strong>natura</strong></span> <span class='ocrx_word' id='word_1_30' title='bbox 473 301 523 340; x_wconf 91' lang='lat' dir='ltr'><strong>ad</strong></span> <span class='ocrx_word' id='word_1_31' title='bbox 565 300 732 352; x_wconf 86' lang='lat' dir='ltr'><strong>gratiam</strong></span> <span class='ocrx_word' id='word_1_32' title='bbox 773 301 1095 339; x_wconf 87' lang='lat' dir='ltr'><strong>transmeantium</strong></span> <span class='ocrx_word' id='word_1_33' title='bbox 1123 301 1263 339; x_wconf 88' lang='lat' dir='ltr'><strong>virtute</strong></span> <span class='ocrx_word' id='word_1_34' title='bbox 1292 301 1468 340; x_wconf 88' lang='lat' dir='ltr'><strong>vocantis</strong></span> <span class='ocrx_word' id='word_1_35' title='bbox 1495 300 1583 340; x_wconf 93' lang='lat' dir='ltr'><strong>Dei.</strong></span> <span class='ocrx_word' id='word_1_36' title='bbox 1637 303 1790 340; x_wconf 87' lang='lat' dir='ltr'><strong>Fratres</strong></span> <span class='ocrx_word' id='word_1_37' title='bbox 1817 301 1930 352; x_wconf 88' lang='lat' dir='ltr'><strong>igitur</strong></span> <span class='ocrx_word' id='word_1_38' title='bbox 1958 302 2170 341; x_wconf 68' lang='lat' dir='ltr'><strong>secundnm</strong></span> 
     </span>
     <span class='ocr_line' id='line_1_5' title="bbox 229 353 2168 405; baseline -0.001 -11"><span class='ocrx_word' id='word_1_39' title='bbox 229 368 388 394; x_wconf 88' lang='lat' dir='ltr'><strong>carnem</strong></span> <span class='ocrx_word' id='word_1_40' title='bbox 416 355 452 393; x_wconf 87' lang='lat'>&amp;</span> <span class='ocrx_word' id='word_1_41' title='bbox 480 354 654 405; x_wconf 86' lang='lat' dir='ltr'><strong>speciem</strong></span> <span class='ocrx_word' id='word_1_42' title='bbox 688 360 828 393; x_wconf 88' lang='lat' dir='ltr'><strong>natura</strong></span> <span class='ocrx_word' id='word_1_43' title='bbox 856 353 973 392; x_wconf 90' lang='lat' dir='ltr'><strong>facit:</strong></span> <span class='ocrx_word' id='word_1_44' title='bbox 1011 355 1164 392; x_wconf 88' lang='lat' dir='ltr'><strong>Fratres</strong></span> <span class='ocrx_word' id='word_1_45' title='bbox 1190 354 1407 393; x_wconf 80' lang='lat' dir='ltr'><strong>secundum</strong></span> <span class='ocrx_word' id='word_1_46' title='bbox 1436 354 1611 404; x_wconf 88' lang='lat' dir='ltr'><strong>spiritum</strong></span> <span class='ocrx_word' id='word_1_47' title='bbox 1637 354 1731 393; x_wconf 85' lang='lat' dir='ltr'><strong>facit</strong></span> <span class='ocrx_word' id='word_1_48' title='bbox 1756 355 1877 405; x_wconf 88' lang='lat' dir='ltr'><strong>gratia</strong></span> <span class='ocrx_word' id='word_1_49' title='bbox 1902 354 2075 394; x_wconf 88' lang='lat' dir='ltr'><strong>internae</strong></span> <span class='ocrx_word' id='word_1_50' title='bbox 2103 367 2168 393; x_wconf 95' lang='lat' dir='ltr'><strong>vo-</strong></span> 
     </span>
     <span class='ocr_line' id='line_1_6' title="bbox 229 406 2170 458; baseline -0.001 -11"><span class='ocrx_word' id='word_1_51' title='bbox 229 407 413 458; x_wconf 84' lang='lat' dir='ltr'><strong>cationis,</strong></span> <span class='ocrx_word' id='word_1_52' title='bbox 444 419 546 457; x_wconf 87' lang='lat' dir='ltr'><strong>quae</strong></span> <span class='ocrx_word' id='word_1_53' title='bbox 575 406 778 457; x_wconf 87' lang='lat' dir='ltr'><strong>singularis</strong></span> <span class='ocrx_word' id='word_1_54' title='bbox 808 413 866 445; x_wconf 89' lang='lat' dir='ltr'><strong>est</strong></span> <span class='ocrx_word' id='word_1_55' title='bbox 893 406 933 444; x_wconf 92' lang='lat' dir='ltr'><strong>in</strong></span> <span class='ocrx_word' id='word_1_56' title='bbox 961 406 1138 445; x_wconf 89' lang='lat' dir='ltr'><strong>Christo:</strong></span> <span class='ocrx_word' id='word_1_57' title='bbox 1167 408 1320 445; x_wconf 85' lang='lat' dir='ltr'><strong>Fratres</strong></span> <span class='ocrx_word' id='word_1_58' title='bbox 1349 409 1441 446; x_wconf 83' lang='lat' dir='ltr'><strong>vero</strong></span> <span class='ocrx_word' id='word_1_59' title='bbox 1470 419 1699 446; x_wconf 87' lang='lat' dir='ltr'><strong>communes</strong></span> <span class='ocrx_word' id='word_1_60' title='bbox 1727 408 1942 446; x_wconf 78' lang='lat' dir='ltr'><strong>secundum</strong></span> <span class='ocrx_word' id='word_1_61' title='bbox 1969 407 2170 458; x_wconf 86' lang='lat' dir='ltr'><strong>participa-</strong></span> 
     </span>
     <span class='ocr_line' id='line_1_7' title="bbox 231 459 2168 510; baseline -0.001 -10"><span class='ocrx_word' id='word_1_62' title='bbox 231 461 380 500; x_wconf 87' lang='lat' dir='ltr'><strong>tionem</strong></span> <span class='ocrx_word' id='word_1_63' title='bbox 408 461 578 509; x_wconf 88' lang='lat' dir='ltr'><strong>aliquam</strong></span> <span class='ocrx_word' id='word_1_64' title='bbox 607 459 755 510; x_wconf 90' lang='lat' dir='ltr'><strong>gratiae</strong></span> <span class='ocrx_word' id='word_1_65' title='bbox 784 459 876 498; x_wconf 88' lang='lat' dir='ltr'><strong>facit</strong></span> <span class='ocrx_word' id='word_1_66' title='bbox 903 465 1062 497; x_wconf 88' lang='lat' dir='ltr'><strong>externa</strong></span> <span class='ocrx_word' id='word_1_67' title='bbox 1089 460 1267 507; x_wconf 83' lang='lat' dir='ltr'><strong>vocatio,</strong></span> <span class='ocrx_word' id='word_1_68' title='bbox 1295 472 1397 510; x_wconf 91' lang='lat' dir='ltr'><strong>quae</strong></span> <span class='ocrx_word' id='word_1_69' title='bbox 1424 460 1644 499; x_wconf 90' lang='lat' dir='ltr'><strong>communis</strong></span> <span class='ocrx_word' id='word_1_70' title='bbox 1671 466 1729 499; x_wconf 89' lang='lat' dir='ltr'><strong>est</strong></span> <span class='ocrx_word' id='word_1_71' title='bbox 1742 461 2168 509; x_wconf 87' lang='lat' dir='ltr'><strong>mundo&amp;Ecclesiae,</strong></span> 
     </span>
     <span class='ocr_line' id='line_1_8' title="bbox 231 511 2168 563; baseline -0.001 -10"><span class='ocrx_word' id='word_1_72' title='bbox 231 521 273 553; x_wconf 90' lang='lat' dir='ltr'><strong>vt</strong></span> <span class='ocrx_word' id='word_1_73' title='bbox 300 526 439 552; x_wconf 90' lang='lat' dir='ltr'><strong>omnes</strong></span> <span class='ocrx_word' id='word_1_74' title='bbox 467 515 491 551; x_wconf 79' lang='lat' dir='ltr'><strong>a</strong></span> <span class='ocrx_word' id='word_1_75' title='bbox 518 513 669 552; x_wconf 87' lang='lat' dir='ltr'><strong>mundo</strong></span> <span class='ocrx_word' id='word_1_76' title='bbox 699 513 749 551; x_wconf 89' lang='lat' dir='ltr'><strong>ad</strong></span> <span class='ocrx_word' id='word_1_77' title='bbox 780 511 999 551; x_wconf 87' lang='lat' dir='ltr'><strong>Ecclesiam</strong></span> <span class='ocrx_word' id='word_1_78' title='bbox 1027 518 1268 551; x_wconf 90' lang='lat' dir='ltr'><strong>transeuntes</strong></span> <span class='ocrx_word' id='word_1_79' title='bbox 1297 524 1387 551; x_wconf 89' lang='lat' dir='ltr'><strong>cum</strong></span> <span class='ocrx_word' id='word_1_80' title='bbox 1416 512 1572 552; x_wconf 90' lang='lat' dir='ltr'><strong>Christo</strong></span> <span class='ocrx_word' id='word_1_81' title='bbox 1601 513 1640 551; x_wconf 92' lang='lat' dir='ltr'><strong>in</strong></span> <span class='ocrx_word' id='word_1_82' title='bbox 1661 525 1707 551; x_wconf 90' lang='lat' dir='ltr'><strong>ea</strong></span> <span class='ocrx_word' id='word_1_83' title='bbox 1723 514 1956 552; x_wconf 87' lang='lat' dir='ltr'><strong>coalescant.</strong></span> <span class='ocrx_word' id='word_1_84' title='bbox 1986 514 2064 552; x_wconf 92' lang='lat' dir='ltr'><strong>Sed</strong></span> <span class='ocrx_word' id='word_1_85' title='bbox 2078 513 2168 563; x_wconf 90' lang='lat' dir='ltr'><strong>quia</strong></span> 
     </span>
     <span class='ocr_line' id='line_1_9' title="bbox 232 565 2170 617; baseline -0.001 -11"><span class='ocrx_word' id='word_1_86' title='bbox 232 568 281 606; x_wconf 92' lang='lat' dir='ltr'><strong>de</strong></span> <span class='ocrx_word' id='word_1_87' title='bbox 316 567 392 605; x_wconf 86' lang='lat' dir='ltr'><strong>hac</strong></span> <span class='ocrx_word' id='word_1_88' title='bbox 420 565 573 605; x_wconf 89' lang='lat' dir='ltr'><strong>ratione</strong></span> <span class='ocrx_word' id='word_1_89' title='bbox 601 565 850 605; x_wconf 88' lang='lat' dir='ltr'><strong>fraternitatis</strong></span> <span class='ocrx_word' id='word_1_90' title='bbox 877 572 1054 616; x_wconf 86' lang='lat' dir='ltr'><strong>nostrae,</strong></span> <span class='ocrx_word' id='word_1_91' title='bbox 1086 570 1308 615; x_wconf 75' lang='lat' dir='ltr'><strong>sanctisque</strong></span> <span class='ocrx_word' id='word_1_92' title='bbox 1336 566 1417 604; x_wconf 90' lang='lat' dir='ltr'><strong>eius</strong></span> <span class='ocrx_word' id='word_1_93' title='bbox 1445 566 1604 614; x_wconf 87' lang='lat' dir='ltr'><strong>officiis,</strong></span> <span class='ocrx_word' id='word_1_94' title='bbox 1632 565 1671 604; x_wconf 91' lang='lat' dir='ltr'><strong>in</strong></span> <span class='ocrx_word' id='word_1_95' title='bbox 1700 566 1906 605; x_wconf 91' lang='lat' dir='ltr'><strong>Canticum</strong></span> <span class='ocrx_word' id='word_1_96' title='bbox 1932 567 2170 617; x_wconf 88' lang='lat' dir='ltr'><strong>praecedens</strong></span> 
     </span>
     <span class='ocr_line' id='line_1_10' title="bbox 232 617 2170 670; baseline 0 -12"><span class='ocrx_word' id='word_1_97' title='bbox 232 620 418 669; x_wconf 83' lang='lat' dir='ltr'><strong>diximus,</strong></span> <span class='ocrx_word' id='word_1_98' title='bbox 463 620 646 658; x_wconf 91' lang='lat' dir='ltr'><strong>nolumus</strong></span> <span class='ocrx_word' id='word_1_99' title='bbox 696 618 760 657; x_wconf 92' lang='lat' dir='ltr'><strong>hic</strong></span> <span class='ocrx_word' id='word_1_100' title='bbox 785 617 983 670; x_wconf 87' lang='lat' dir='ltr'><strong>longiores</strong></span> <span class='ocrx_word' id='word_1_101' title='bbox 1007 631 1112 657; x_wconf 90' lang='lat' dir='ltr'><strong>esse:</strong></span> <span class='ocrx_word' id='word_1_102' title='bbox 1143 620 1266 657; x_wconf 83' lang='lat' dir='ltr'><strong>modo</strong></span> <span class='ocrx_word' id='word_1_103' title='bbox 1293 619 1371 658; x_wconf 92' lang='lat' dir='ltr'><strong>hoc</strong></span> <span class='ocrx_word' id='word_1_104' title='bbox 1400 618 1539 670; x_wconf 87' lang='lat' dir='ltr'><strong>singuli</strong></span> <span class='ocrx_word' id='word_1_105' title='bbox 1566 620 1776 658; x_wconf 86' lang='lat' dir='ltr'><strong>obseruent</strong></span> <span class='ocrx_word' id='word_1_106' title='bbox 1802 620 2021 670; x_wconf 87' lang='lat' dir='ltr'><strong>Prophetae</strong></span> <span class='ocrx_word' id='word_1_107' title='bbox 2044 618 2170 658; x_wconf 86' lang='lat' dir='ltr'><strong>verbis</strong></span> 
     </span>
     <span class='ocr_line' id='line_1_11' title="bbox 232 670 2170 723; baseline 0 -12"><span class='ocrx_word' id='word_1_108' title='bbox 232 672 389 723; x_wconf 78' lang='lat' dir='ltr'><strong>proprie</strong></span> <span class='ocrx_word' id='word_1_109' title='bbox 416 671 481 711; x_wconf 76' lang='lat' dir='ltr'><strong>hic</strong></span> <span class='ocrx_word' id='word_1_110' title='bbox 512 673 562 711; x_wconf 90' lang='lat' dir='ltr'><strong>de</strong></span> <span class='ocrx_word' id='word_1_111' title='bbox 589 672 654 710; x_wconf 84' lang='lat' dir='ltr'><strong>illa</strong></span> <span class='ocrx_word' id='word_1_112' title='bbox 682 671 919 711; x_wconf 89' lang='lat' dir='ltr'><strong>fraternitate</strong></span> <span class='ocrx_word' id='word_1_113' title='bbox 947 671 1083 710; x_wconf 88' lang='lat' dir='ltr'><strong>intima</strong></span> <span class='ocrx_word' id='word_1_114' title='bbox 1111 670 1149 710; x_wconf 93' lang='lat' dir='ltr'><strong>in</strong></span> <span class='ocrx_word' id='word_1_115' title='bbox 1179 671 1335 711; x_wconf 90' lang='lat' dir='ltr'><strong>Christo</strong></span> <span class='ocrx_word' id='word_1_116' title='bbox 1363 672 1442 722; x_wconf 87' lang='lat' dir='ltr'><strong>agi,</strong></span> <span class='ocrx_word' id='word_1_117' title='bbox 1479 684 1579 722; x_wconf 91' lang='lat' dir='ltr'><strong>quae</strong></span> <span class='ocrx_word' id='word_1_118' title='bbox 1614 680 1656 711; x_wconf 92' lang='lat' dir='ltr'><strong>vt</strong></span> <span class='ocrx_word' id='word_1_119' title='bbox 1682 683 1834 711; x_wconf 88' lang='lat' dir='ltr'><strong>summa</strong></span> <span class='ocrx_word' id='word_1_120' title='bbox 1861 679 1938 723; x_wconf 86' lang='lat' dir='ltr'><strong>est,</strong></span> <span class='ocrx_word' id='word_1_121' title='bbox 1975 672 2028 711; x_wconf 92' lang='lat' dir='ltr'><strong>ita</strong></span> <span class='ocrx_word' id='word_1_122' title='bbox 2054 672 2170 711; x_wconf 89' lang='lat' dir='ltr'><strong>etiam</strong></span> 
     </span>
     <span class='ocr_line' id='line_1_12' title="bbox 230 724 2172 775; baseline -0.001 -11"><span class='ocrx_word' id='word_1_123' title='bbox 230 726 305 766; x_wconf 89' lang='lat' dir='ltr'><strong>alia</strong></span> <span class='ocrx_word' id='word_1_124' title='bbox 338 724 403 763; x_wconf 89' lang='lat' dir='ltr'><strong>illa</strong></span> <span class='ocrx_word' id='word_1_125' title='bbox 436 725 559 764; x_wconf 89' lang='lat' dir='ltr'><strong>iustae</strong></span> <span class='ocrx_word' id='word_1_126' title='bbox 595 724 844 763; x_wconf 85' lang='lat' dir='ltr'><strong>fraternitatis</strong></span> <span class='ocrx_word' id='word_1_127' title='bbox 880 737 1025 774; x_wconf 90' lang='lat' dir='ltr'><strong>genera</strong></span> <span class='ocrx_word' id='word_1_128' title='bbox 1059 724 1331 775; x_wconf 87' lang='lat' dir='ltr'><strong>conplectitur.</strong></span> <span class='ocrx_word' id='word_1_129' title='bbox 1385 726 1488 764; x_wconf 89' lang='lat' dir='ltr'><strong>Nam</strong></span> <span class='ocrx_word' id='word_1_130' title='bbox 1517 724 1584 775; x_wconf 90' lang='lat' dir='ltr'><strong>qui</strong></span> <span class='ocrx_word' id='word_1_131' title='bbox 1610 726 1726 764; x_wconf 90' lang='lat' dir='ltr'><strong>frater</strong></span> <span class='ocrx_word' id='word_1_132' title='bbox 1754 732 1811 764; x_wconf 89' lang='lat' dir='ltr'><strong>est</strong></span> <span class='ocrx_word' id='word_1_133' title='bbox 1837 726 1911 764; x_wconf 89' lang='lat' dir='ltr'><strong>hac</strong></span> <span class='ocrx_word' id='word_1_134' title='bbox 1938 724 2172 764; x_wconf 87' lang='lat' dir='ltr'><strong>fraternitate</strong></span> 
     </span>
     <span class='ocr_line' id='line_1_13' title="bbox 230 777 2170 838; baseline -0.001 -20"><span class='ocrx_word' id='word_1_135' title='bbox 230 778 440 818; x_wconf 89' lang='lat' dir='ltr'><strong>nobiscum</strong></span> <span class='ocrx_word' id='word_1_136' title='bbox 468 778 508 816; x_wconf 91' lang='lat' dir='ltr'><strong>in</strong></span> <span class='ocrx_word' id='word_1_137' title='bbox 537 777 714 826; x_wconf 88' lang='lat' dir='ltr'><strong>Christo,</strong></span> <span class='ocrx_word' id='word_1_138' title='bbox 742 777 847 817; x_wconf 89' lang='lat' dir='ltr'><strong>idem</strong></span> <span class='ocrx_word' id='word_1_139' title='bbox 875 779 911 816; x_wconf 86' lang='lat'>&amp;</span> <span class='ocrx_word' id='word_1_140' title='bbox 942 784 1101 829; x_wconf 86' lang='lat' dir='ltr'><strong>natura,</strong></span> <span class='ocrx_word' id='word_1_141' title='bbox 1130 785 1170 816; x_wconf 90' lang='lat' dir='ltr'><strong>at</strong></span> <span class='ocrx_word' id='word_1_142' title='bbox 1198 785 1357 816; x_wconf 86' lang='lat' dir='ltr'><strong>externa</strong></span> <span class='ocrx_word' id='word_1_143' title='bbox 1385 778 1593 817; x_wconf 90' lang='lat' dir='ltr'><strong>vocatione</strong></span> <span class='ocrx_word' id='word_1_144' title='bbox 1621 779 1740 817; x_wconf 86' lang='lat' dir='ltr'><strong>frater</strong></span> <span class='ocrx_word' id='word_1_145' title='bbox 1754 785 1824 829; x_wconf 88' lang='lat' dir='ltr'><strong>est,</strong></span> <span class='ocrx_word' id='word_1_146' title='bbox 1848 777 2170 838; x_wconf 81' lang='lat' dir='ltr'><strong>quandoquidem</strong></span> 
     </span>
     <span class='ocr_line' id='line_1_14' title="bbox 230 808 2170 891; baseline -0.001 -21"><span class='ocrx_word' id='word_1_147' title='bbox 230 847 254 871; x_wconf 85' lang='lat' dir='ltr'><strong>a</strong></span> <span class='ocrx_word' id='word_1_148' title='bbox 295 838 433 870; x_wconf 90' lang='lat' dir='ltr'><strong>natura</strong></span> <span class='ocrx_word' id='word_1_149' title='bbox 473 843 544 882; x_wconf 92' lang='lat' dir='ltr'><strong>per</strong></span> <span class='ocrx_word' id='word_1_150' title='bbox 588 808 839 871; x_wconf 80' lang='lat' dir='ltr'><strong>vocationem</strong></span> <span class='ocrx_word' id='word_1_151' title='bbox 876 837 1074 870; x_wconf 87' lang='lat' dir='ltr'><strong>externam</strong></span> <span class='ocrx_word' id='word_1_152' title='bbox 1118 832 1168 870; x_wconf 90' lang='lat' dir='ltr'><strong>ad</strong></span> <span class='ocrx_word' id='word_1_153' title='bbox 1196 831 1373 870; x_wconf 89' lang='lat' dir='ltr'><strong>intimam</strong></span> <span class='ocrx_word' id='word_1_154' title='bbox 1400 831 1505 870; x_wconf 90' lang='lat' dir='ltr'><strong>illam</strong></span> <span class='ocrx_word' id='word_1_155' title='bbox 1533 833 1568 870; x_wconf 87' lang='lat'>&amp;</span> <span class='ocrx_word' id='word_1_156' title='bbox 1597 832 1807 870; x_wconf 87' lang='lat' dir='ltr'><strong>fraternam</strong></span> <span class='ocrx_word' id='word_1_157' title='bbox 1835 831 2170 891; x_wconf 80' lang='lat' dir='ltr'><strong>coniunctionem,</strong></span> 
     </span>
     <span class='ocr_line' id='line_1_15' title="bbox 235 883 2172 944; baseline 0 -21"><span class='ocrx_word' id='word_1_158' title='bbox 235 891 444 932; x_wconf 88' lang='lat' dir='ltr'><strong>euocatur,</strong></span> <span class='ocrx_word' id='word_1_159' title='bbox 474 884 793 935; x_wconf 84' lang='lat' dir='ltr'><strong>perduciturque.</strong></span> <span class='ocrx_word' id='word_1_160' title='bbox 823 884 952 923; x_wconf 91' lang='lat' dir='ltr'><strong>Huius</strong></span> <span class='ocrx_word' id='word_1_161' title='bbox 983 884 1155 923; x_wconf 87' lang='lat' dir='ltr'><strong>accessio</strong></span> <span class='ocrx_word' id='word_1_162' title='bbox 1182 897 1265 924; x_wconf 91' lang='lat' dir='ltr'><strong>non</strong></span> <span class='ocrx_word' id='word_1_163' title='bbox 1292 891 1350 923; x_wconf 92' lang='lat' dir='ltr'><strong>est</strong></span> <span class='ocrx_word' id='word_1_164' title='bbox 1376 884 1528 923; x_wconf 91' lang='lat' dir='ltr'><strong>illarum</strong></span> <span class='ocrx_word' id='word_1_165' title='bbox 1559 885 1599 934; x_wconf 89' lang='lat' dir='ltr'><strong>(f.</strong></span> <span class='ocrx_word' id='word_1_166' title='bbox 1632 886 1723 934; x_wconf 88' lang='lat'><strong>746)</strong></span> <span class='ocrx_word' id='word_1_167' title='bbox 1749 884 1936 935; x_wconf 90' lang='lat' dir='ltr'><strong>interitus,</strong></span> <span class='ocrx_word' id='word_1_168' title='bbox 1965 884 2035 924; x_wconf 92' lang='lat' dir='ltr'><strong>sed</strong></span> <span class='ocrx_word' id='word_1_169' title='bbox 2050 883 2172 944; x_wconf 80' lang='lat' dir='ltr'><strong>magis</strong></span> 
     </span>
     <span class='ocr_line' id='line_1_16' title="bbox 234 937 2170 997; baseline -0.001 -20"><span class='ocrx_word' id='word_1_170' title='bbox 234 937 443 989; x_wconf 87' lang='lat' dir='ltr'><strong>perfectio.</strong></span> <span class='ocrx_word' id='word_1_171' title='bbox 474 938 813 997; x_wconf 83' lang='lat' dir='ltr'><strong>quemadmodum</strong></span> <span class='ocrx_word' id='word_1_172' title='bbox 841 937 977 997; x_wconf 83' lang='lat' dir='ltr'><strong>vnitati</strong></span> <span class='ocrx_word' id='word_1_173' title='bbox 1014 937 1045 975; x_wconf 92' lang='lat' dir='ltr'><strong>si</strong></span> <span class='ocrx_word' id='word_1_174' title='bbox 1073 937 1152 976; x_wconf 92' lang='lat' dir='ltr'><strong>duo</strong></span> <span class='ocrx_word' id='word_1_175' title='bbox 1181 937 1387 988; x_wconf 88' lang='lat' dir='ltr'><strong>adieceris,</strong></span> <span class='ocrx_word' id='word_1_176' title='bbox 1424 950 1505 976; x_wconf 89' lang='lat' dir='ltr'><strong>non</strong></span> <span class='ocrx_word' id='word_1_177' title='bbox 1533 937 1700 989; x_wconf 91' lang='lat' dir='ltr'><strong>tollitur,</strong></span> <span class='ocrx_word' id='word_1_178' title='bbox 1737 939 1806 977; x_wconf 88' lang='lat' dir='ltr'><strong>sed</strong></span> <span class='ocrx_word' id='word_1_179' title='bbox 1833 944 1996 988; x_wconf 89' lang='lat' dir='ltr'><strong>augetur</strong></span> <span class='ocrx_word' id='word_1_180' title='bbox 2024 937 2170 988; x_wconf 81' lang='lat' dir='ltr'><strong>vnitas3</strong></span> 
     </span>
     <span class='ocr_line' id='line_1_17' title="bbox 236 989 1373 1040; baseline 0 -11"><span class='ocrx_word' id='word_1_181' title='bbox 236 1004 312 1030; x_wconf 91' lang='lat' dir='ltr'><strong>nec</strong></span> <span class='ocrx_word' id='word_1_182' title='bbox 342 991 545 1029; x_wconf 88' lang='lat' dir='ltr'><strong>flammula</strong></span> <span class='ocrx_word' id='word_1_183' title='bbox 573 990 827 1040; x_wconf 88' lang='lat' dir='ltr'><strong>exstinguitur</strong></span> <span class='ocrx_word' id='word_1_184' title='bbox 854 989 885 1029; x_wconf 91' lang='lat' dir='ltr'><strong>si</strong></span> <span class='ocrx_word' id='word_1_185' title='bbox 912 991 1110 1029; x_wconf 86' lang='lat' dir='ltr'><strong>flammam</strong></span> <span class='ocrx_word' id='word_1_186' title='bbox 1138 990 1373 1029; x_wconf 84' lang='lat' dir='ltr'><strong>admoueris.</strong></span> 
     </span>
    </p>

    <p class='ocr_par' dir='ltr' id='par_1_3' title="bbox 230 1043 2172 2828">
     <span class='ocr_line' id='line_1_18' title="bbox 287 1043 2170 1094; baseline 0 -13"><span class='ocrx_word' id='word_1_187' title='bbox 287 1044 408 1093; x_wconf 83' lang='lat' dir='ltr'><strong>Quod</strong></span> <span class='ocrx_word' id='word_1_188' title='bbox 435 1044 466 1082; x_wconf 88' lang='lat' dir='ltr'><strong>si</strong></span> <span class='ocrx_word' id='word_1_189' title='bbox 493 1046 661 1083; x_wconf 79' lang='lat' dir='ltr'><strong>fraterna</strong></span> <span class='ocrx_word' id='word_1_190' title='bbox 688 1043 914 1083; x_wconf 88' lang='lat' dir='ltr'><strong>coniunctio</strong></span> <span class='ocrx_word' id='word_1_191' title='bbox 943 1056 992 1082; x_wconf 89' lang='lat' dir='ltr'><strong>ex</strong></span> <span class='ocrx_word' id='word_1_192' title='bbox 1018 1050 1156 1082; x_wconf 88' lang='lat' dir='ltr'><strong>natura</strong></span> <span class='ocrx_word' id='word_1_193' title='bbox 1179 1044 1296 1082; x_wconf 90' lang='lat' dir='ltr'><strong>tantis</strong></span> <span class='ocrx_word' id='word_1_194' title='bbox 1322 1043 1468 1082; x_wconf 79' lang='lat' dir='ltr'><strong>viribus</strong></span> <span class='ocrx_word' id='word_1_195' title='bbox 1496 1051 1565 1094; x_wconf 91' lang='lat' dir='ltr'><strong>est,</strong></span> <span class='ocrx_word' id='word_1_196' title='bbox 1580 1050 1621 1082; x_wconf 87' lang='lat' dir='ltr'><strong>vt</strong></span> <span class='ocrx_word' id='word_1_197' title='bbox 1634 1045 1739 1082; x_wconf 91' lang='lat' dir='ltr'><strong>nulla</strong></span> <span class='ocrx_word' id='word_1_198' title='bbox 1753 1045 1953 1082; x_wconf 90' lang='lat' dir='ltr'><strong>voluntate</strong></span> <span class='ocrx_word' id='word_1_199' title='bbox 1967 1043 2170 1082; x_wconf 89' lang='lat' dir='ltr'><strong>hominum</strong></span> 
     </span>
     <span class='ocr_line' id='line_1_19' title="bbox 231 1096 2169 1148; baseline 0 -13"><span class='ocrx_word' id='word_1_200' title='bbox 231 1096 393 1136; x_wconf 88' lang='lat' dir='ltr'><strong>dissolui</strong></span> <span class='ocrx_word' id='word_1_201' title='bbox 432 1096 575 1148; x_wconf 89' lang='lat' dir='ltr'><strong>possit,</strong></span> <span class='ocrx_word' id='word_1_202' title='bbox 619 1096 712 1147; x_wconf 89' lang='lat' dir='ltr'><strong>quin</strong></span> <span class='ocrx_word' id='word_1_203' title='bbox 741 1110 893 1147; x_wconf 86' lang='lat' dir='ltr'><strong>semper</strong></span> <span class='ocrx_word' id='word_1_204' title='bbox 921 1098 1056 1134; x_wconf 89' lang='lat' dir='ltr'><strong>fratres</strong></span> <span class='ocrx_word' id='word_1_205' title='bbox 1085 1096 1167 1136; x_wconf 89' lang='lat' dir='ltr'><strong>iure</strong></span> <span class='ocrx_word' id='word_1_206' title='bbox 1194 1096 1488 1136; x_wconf 90' lang='lat' dir='ltr'><strong>necessitudinis</strong></span> <span class='ocrx_word' id='word_1_207' title='bbox 1517 1098 1645 1146; x_wconf 87' lang='lat' dir='ltr'><strong>(quod</strong></span> <span class='ocrx_word' id='word_1_208' title='bbox 1673 1109 1722 1135; x_wconf 91' lang='lat' dir='ltr'><strong>ne</strong></span> <span class='ocrx_word' id='word_1_209' title='bbox 1750 1096 1904 1146; x_wconf 89' lang='lat' dir='ltr'><strong>tyranni</strong></span> <span class='ocrx_word' id='word_1_210' title='bbox 1932 1096 2090 1146; x_wconf 91' lang='lat' dir='ltr'><strong>quidem</strong></span> <span class='ocrx_word' id='word_1_211' title='bbox 2112 1096 2169 1135; x_wconf 90' lang='lat' dir='ltr'><strong>ius</strong></span> 
     </span>
     <span class='ocr_line' id='line_1_20' title="bbox 233 1148 2168 1201; baseline 0 -13"><span class='ocrx_word' id='word_1_212' title='bbox 233 1149 496 1200; x_wconf 88' lang='lat' dir='ltr'><strong>perfringendi</strong></span> <span class='ocrx_word' id='word_1_213' title='bbox 537 1150 703 1201; x_wconf 89' lang='lat' dir='ltr'><strong>habent,</strong></span> <span class='ocrx_word' id='word_1_214' title='bbox 747 1156 787 1189; x_wconf 88' lang='lat' dir='ltr'><strong>vt</strong></span> <span class='ocrx_word' id='word_1_215' title='bbox 815 1163 895 1189; x_wconf 89' lang='lat' dir='ltr'><strong>sese</strong></span> <span class='ocrx_word' id='word_1_216' title='bbox 923 1148 1135 1199; x_wconf 85' lang='lat' dir='ltr'><strong>Dionysius</strong></span> <span class='ocrx_word' id='word_1_217' title='bbox 1163 1149 1314 1189; x_wconf 88' lang='lat' dir='ltr'><strong>Siculus</strong></span> <span class='ocrx_word' id='word_1_218' title='bbox 1343 1151 1601 1201; x_wconf 88' lang='lat' dir='ltr'><strong>agnoscebat,</strong></span> <span class='ocrx_word' id='word_1_219' title='bbox 1641 1151 1746 1200; x_wconf 91' lang='lat' dir='ltr'><strong>leges</strong></span> <span class='ocrx_word' id='word_1_220' title='bbox 1774 1151 1797 1188; x_wconf 77' lang='lat' dir='ltr'><strong>a</strong></span> <span class='ocrx_word' id='word_1_221' title='bbox 1824 1163 1865 1189; x_wconf 91' lang='lat' dir='ltr'><strong>se</strong></span> <span class='ocrx_word' id='word_1_222' title='bbox 1891 1151 2008 1200; x_wconf 88' lang='lat' dir='ltr'><strong>latas,</strong></span> <span class='ocrx_word' id='word_1_223' title='bbox 2035 1162 2168 1200; x_wconf 62' lang='lat' dir='ltr'><strong>posse,</strong></span> 
     </span>
     <span class='ocr_line' id='line_1_21' title="bbox 231 1202 2168 1255; baseline 0 -14"><span class='ocrx_word' id='word_1_224' title='bbox 231 1206 254 1241; x_wconf 80' lang='lat' dir='ltr'><strong>a</strong></span> <span class='ocrx_word' id='word_1_225' title='bbox 282 1210 441 1255; x_wconf 86' lang='lat' dir='ltr'><strong>natura,</strong></span> <span class='ocrx_word' id='word_1_226' title='bbox 468 1215 550 1242; x_wconf 89' lang='lat' dir='ltr'><strong>non</strong></span> <span class='ocrx_word' id='word_1_227' title='bbox 578 1216 695 1253; x_wconf 89' lang='lat' dir='ltr'><strong>posse</strong></span> <span class='ocrx_word' id='word_1_228' title='bbox 724 1203 940 1254; x_wconf 84' lang='lat' dir='ltr'><strong>effringere)</strong></span> <span class='ocrx_word' id='word_1_229' title='bbox 966 1203 1164 1241; x_wconf 89' lang='lat' dir='ltr'><strong>coniuncti</strong></span> <span class='ocrx_word' id='word_1_230' title='bbox 1192 1202 1292 1242; x_wconf 87' lang='lat' dir='ltr'><strong>inter</strong></span> <span class='ocrx_word' id='word_1_231' title='bbox 1318 1216 1358 1242; x_wconf 90' lang='lat' dir='ltr'><strong>se</strong></span> <span class='ocrx_word' id='word_1_232' title='bbox 1378 1209 1599 1254; x_wconf 67' lang='lat' dir='ltr'><strong>teneantur,</strong></span> <span class='ocrx_word' id='word_1_233' title='bbox 1620 1202 1651 1241; x_wconf 89' lang='lat' dir='ltr'><strong>si</strong></span> <span class='ocrx_word' id='word_1_234' title='bbox 1671 1203 1886 1242; x_wconf 86' lang='lat' dir='ltr'><strong>fraternitas</strong></span> <span class='ocrx_word' id='word_1_235' title='bbox 1905 1215 1952 1241; x_wconf 85' lang='lat' dir='ltr'><strong>ex</strong></span> <span class='ocrx_word' id='word_1_236' title='bbox 1968 1202 2168 1241; x_wconf 88' lang='lat' dir='ltr'><strong>consocia-</strong></span> 
     </span>
     <span class='ocr_line' id='line_1_22' title="bbox 232 1255 2169 1306; baseline 0 -12"><span class='ocrx_word' id='word_1_237' title='bbox 232 1255 339 1295; x_wconf 91' lang='lat' dir='ltr'><strong>tione</strong></span> <span class='ocrx_word' id='word_1_238' title='bbox 366 1256 627 1295; x_wconf 88' lang='lat' dir='ltr'><strong>humanarum</strong></span> <span class='ocrx_word' id='word_1_239' title='bbox 656 1256 910 1295; x_wconf 89' lang='lat' dir='ltr'><strong>vocationum</strong></span> <span class='ocrx_word' id='word_1_240' title='bbox 937 1255 1054 1295; x_wconf 89' lang='lat' dir='ltr'><strong>etiam</strong></span> <span class='ocrx_word' id='word_1_241' title='bbox 1082 1255 1262 1295; x_wconf 90' lang='lat' dir='ltr'><strong>homines</strong></span> <span class='ocrx_word' id='word_1_242' title='bbox 1289 1256 1389 1295; x_wconf 89' lang='lat' dir='ltr'><strong>inter</strong></span> <span class='ocrx_word' id='word_1_243' title='bbox 1418 1268 1458 1294; x_wconf 92' lang='lat' dir='ltr'><strong>se</strong></span> <span class='ocrx_word' id='word_1_244' title='bbox 1479 1256 1688 1295; x_wconf 90' lang='lat' dir='ltr'><strong>obstrictos</strong></span> <span class='ocrx_word' id='word_1_245' title='bbox 1703 1262 1820 1305; x_wconf 67' lang='lat' dir='ltr'><strong>tenet,</strong></span> <span class='ocrx_word' id='word_1_246' title='bbox 1835 1256 2169 1306; x_wconf 87' lang='lat' dir='ltr'><strong>quemadmodum</strong></span> 
     </span>
     <span class='ocr_line' id='line_1_23' title="bbox 234 1308 2172 1360; baseline -0.001 -13"><span class='ocrx_word' id='word_1_247' title='bbox 234 1308 353 1359; x_wconf 89' lang='lat' dir='ltr'><strong>prisci</strong></span> <span class='ocrx_word' id='word_1_248' title='bbox 395 1309 450 1347; x_wconf 90' lang='lat' dir='ltr'><strong>illi</strong></span> <span class='ocrx_word' id='word_1_249' title='bbox 486 1312 522 1348; x_wconf 87' lang='lat'>&amp;</span> <span class='ocrx_word' id='word_1_250' title='bbox 552 1310 762 1360; x_wconf 87' lang='lat' dir='ltr'><strong>prudentes</strong></span> <span class='ocrx_word' id='word_1_251' title='bbox 791 1309 963 1348; x_wconf 88' lang='lat' dir='ltr'><strong>Romani</strong></span> <span class='ocrx_word' id='word_1_252' title='bbox 984 1308 1084 1347; x_wconf 90' lang='lat' dir='ltr'><strong>inter</strong></span> <span class='ocrx_word' id='word_1_253' title='bbox 1112 1316 1287 1349; x_wconf 88' lang='lat' dir='ltr'><strong>caeteros</strong></span> <span class='ocrx_word' id='word_1_254' title='bbox 1316 1308 1609 1359; x_wconf 82' lang='lat' dir='ltr'><strong>diligentissime</strong></span> <span class='ocrx_word' id='word_1_255' title='bbox 1638 1310 1922 1360; x_wconf 85' lang='lat' dir='ltr'><strong>obseruabant,</strong></span> <span class='ocrx_word' id='word_1_256' title='bbox 1961 1315 2004 1347; x_wconf 93' lang='lat' dir='ltr'><strong>vt</strong></span> <span class='ocrx_word' id='word_1_257' title='bbox 2030 1308 2172 1358; x_wconf 89' lang='lat' dir='ltr'><strong>scripta</strong></span> 
     </span>
     <span class='ocr_line' id='line_1_24' title="bbox 232 1361 2169 1413; baseline 0 -13"><span class='ocrx_word' id='word_1_258' title='bbox 232 1363 389 1401; x_wconf 87' lang='lat' dir='ltr'><strong>illorum</strong></span> <span class='ocrx_word' id='word_1_259' title='bbox 418 1364 454 1401; x_wconf 86' lang='lat'>&amp;</span> <span class='ocrx_word' id='word_1_260' title='bbox 482 1361 665 1402; x_wconf 88' lang='lat' dir='ltr'><strong>historiae</strong></span> <span class='ocrx_word' id='word_1_261' title='bbox 693 1362 864 1401; x_wconf 91' lang='lat' dir='ltr'><strong>docent:</strong></span> <span class='ocrx_word' id='word_1_262' title='bbox 893 1364 998 1400; x_wconf 83' lang='lat' dir='ltr'><strong>certe</strong></span> <span class='ocrx_word' id='word_1_263' title='bbox 1027 1362 1132 1400; x_wconf 90' lang='lat' dir='ltr'><strong>illam</strong></span> <span class='ocrx_word' id='word_1_264' title='bbox 1160 1362 1458 1411; x_wconf 88' lang='lat' dir='ltr'><strong>fraternitatem,</strong></span> <span class='ocrx_word' id='word_1_265' title='bbox 1492 1374 1592 1411; x_wconf 90' lang='lat' dir='ltr'><strong>quae</strong></span> <span class='ocrx_word' id='word_1_266' title='bbox 1619 1374 1701 1401; x_wconf 91' lang='lat' dir='ltr'><strong>non</strong></span> <span class='ocrx_word' id='word_1_267' title='bbox 1729 1375 1776 1401; x_wconf 87' lang='lat' dir='ltr'><strong>ex</strong></span> <span class='ocrx_word' id='word_1_268' title='bbox 1804 1368 1981 1413; x_wconf 89' lang='lat' dir='ltr'><strong>naturae,</strong></span> <span class='ocrx_word' id='word_1_269' title='bbox 2009 1368 2075 1400; x_wconf 91' lang='lat' dir='ltr'><strong>aut</strong></span> <span class='ocrx_word' id='word_1_270' title='bbox 2102 1362 2169 1400; x_wconf 90' lang='lat' dir='ltr'><strong>hu-</strong></span> 
     </span>
     <span class='ocr_line' id='line_1_25' title="bbox 236 1414 2170 1467; baseline 0 -14"><span class='ocrx_word' id='word_1_271' title='bbox 236 1427 355 1453; x_wconf 90' lang='lat' dir='ltr'><strong>mano</strong></span> <span class='ocrx_word' id='word_1_272' title='bbox 396 1414 478 1453; x_wconf 88' lang='lat' dir='ltr'><strong>iure</strong></span> <span class='ocrx_word' id='word_1_273' title='bbox 521 1422 596 1466; x_wconf 90' lang='lat' dir='ltr'><strong>est,</strong></span> <span class='ocrx_word' id='word_1_274' title='bbox 643 1415 711 1454; x_wconf 89' lang='lat' dir='ltr'><strong>sed</strong></span> <span class='ocrx_word' id='word_1_275' title='bbox 748 1428 794 1454; x_wconf 88' lang='lat' dir='ltr'><strong>ex</strong></span> <span class='ocrx_word' id='word_1_276' title='bbox 834 1414 969 1454; x_wconf 91' lang='lat' dir='ltr'><strong>diuino</strong></span> <span class='ocrx_word' id='word_1_277' title='bbox 1011 1414 1206 1466; x_wconf 91' lang='lat' dir='ltr'><strong>instituto,</strong></span> <span class='ocrx_word' id='word_1_278' title='bbox 1247 1418 1283 1454; x_wconf 85' lang='lat'>&amp;</span> <span class='ocrx_word' id='word_1_279' title='bbox 1310 1415 1485 1454; x_wconf 90' lang='lat' dir='ltr'><strong>instituto</strong></span> <span class='ocrx_word' id='word_1_280' title='bbox 1515 1414 1683 1466; x_wconf 77' lang='lat' dir='ltr'><strong>gratiae3</strong></span> <span class='ocrx_word' id='word_1_281' title='bbox 1721 1428 1807 1454; x_wconf 90' lang='lat' dir='ltr'><strong>earn</strong></span> <span class='ocrx_word' id='word_1_282' title='bbox 1834 1414 2026 1467; x_wconf 89' lang='lat' dir='ltr'><strong>(inquam)</strong></span> <span class='ocrx_word' id='word_1_283' title='bbox 2053 1416 2170 1465; x_wconf 84' lang='lat' dir='ltr'><strong>longe</strong></span> 
     </span>
     <span class='ocr_line' id='line_1_26' title="bbox 233 1467 2170 1519; baseline 0 -13"><span class='ocrx_word' id='word_1_284' title='bbox 233 1467 425 1518; x_wconf 88' lang='lat' dir='ltr'><strong>grauioris</strong></span> <span class='ocrx_word' id='word_1_285' title='bbox 454 1468 644 1508; x_wconf 92' lang='lat' dir='ltr'><strong>momenti</strong></span> <span class='ocrx_word' id='word_1_286' title='bbox 671 1469 722 1507; x_wconf 93' lang='lat' dir='ltr'><strong>ad</strong></span> <span class='ocrx_word' id='word_1_287' title='bbox 751 1468 1055 1519; x_wconf 90' lang='lat' dir='ltr'><strong>obstringendos</strong></span> <span class='ocrx_word' id='word_1_288' title='bbox 1085 1468 1185 1507; x_wconf 88' lang='lat' dir='ltr'><strong>inter</strong></span> <span class='ocrx_word' id='word_1_289' title='bbox 1214 1482 1254 1508; x_wconf 90' lang='lat' dir='ltr'><strong>se</strong></span> <span class='ocrx_word' id='word_1_290' title='bbox 1274 1468 1453 1507; x_wconf 88' lang='lat' dir='ltr'><strong>homines</strong></span> <span class='ocrx_word' id='word_1_291' title='bbox 1473 1467 1647 1507; x_wconf 85' lang='lat' dir='ltr'><strong>dieamus</strong></span> <span class='ocrx_word' id='word_1_292' title='bbox 1661 1480 1822 1507; x_wconf 89' lang='lat' dir='ltr'><strong>necesse</strong></span> <span class='ocrx_word' id='word_1_293' title='bbox 1836 1474 1904 1507; x_wconf 90' lang='lat' dir='ltr'><strong>est.</strong></span> <span class='ocrx_word' id='word_1_294' title='bbox 1921 1469 2170 1518; x_wconf 86' lang='lat' dir='ltr'><strong>Quapropter</strong></span> 
     </span>
     <span class='ocr_line' id='line_1_27' title="bbox 233 1519 2168 1572; baseline 0 -13"><span class='ocrx_word' id='word_1_295' title='bbox 233 1519 323 1560; x_wconf 89' lang='lat' dir='ltr'><strong>satis</strong></span> <span class='ocrx_word' id='word_1_296' title='bbox 351 1520 482 1559; x_wconf 90' lang='lat' dir='ltr'><strong>mirari</strong></span> <span class='ocrx_word' id='word_1_297' title='bbox 509 1534 590 1560; x_wconf 90' lang='lat' dir='ltr'><strong>non</strong></span> <span class='ocrx_word' id='word_1_298' title='bbox 613 1532 772 1572; x_wconf 88' lang='lat' dir='ltr'><strong>possum</strong></span> <span class='ocrx_word' id='word_1_299' title='bbox 801 1532 936 1560; x_wconf 89' lang='lat' dir='ltr'><strong>eorum</strong></span> <span class='ocrx_word' id='word_1_300' title='bbox 959 1520 1163 1560; x_wconf 90' lang='lat' dir='ltr'><strong>hominum</strong></span> <span class='ocrx_word' id='word_1_301' title='bbox 1191 1521 1272 1560; x_wconf 91' lang='lat' dir='ltr'><strong>siue</strong></span> <span class='ocrx_word' id='word_1_302' title='bbox 1299 1520 1524 1572; x_wconf 89' lang='lat' dir='ltr'><strong>audaciam,</strong></span> <span class='ocrx_word' id='word_1_303' title='bbox 1553 1521 1634 1560; x_wconf 90' lang='lat' dir='ltr'><strong>siue</strong></span> <span class='ocrx_word' id='word_1_304' title='bbox 1661 1520 1912 1572; x_wconf 89' lang='lat' dir='ltr'><strong>dementiam,</strong></span> <span class='ocrx_word' id='word_1_305' title='bbox 1940 1520 2007 1571; x_wconf 91' lang='lat' dir='ltr'><strong>qui</strong></span> <span class='ocrx_word' id='word_1_306' title='bbox 2018 1527 2168 1559; x_wconf 90' lang='lat' dir='ltr'><strong>tantum</strong></span> 
     </span>
     <span class='ocr_line' id='line_1_28' title="bbox 232 1573 2168 1625; baseline 0 -13"><span class='ocrx_word' id='word_1_307' title='bbox 232 1575 310 1612; x_wconf 93' lang='lat' dir='ltr'><strong>hoc</strong></span> <span class='ocrx_word' id='word_1_308' title='bbox 338 1573 397 1612; x_wconf 92' lang='lat' dir='ltr'><strong>ius</strong></span> <span class='ocrx_word' id='word_1_309' title='bbox 426 1573 731 1625; x_wconf 78' lang='lat' dir='ltr'><strong>necessitudinis,</strong></span> <span class='ocrx_word' id='word_1_310' title='bbox 759 1576 848 1613; x_wconf 92' lang='lat' dir='ltr'><strong>Deo</strong></span> <span class='ocrx_word' id='word_1_311' title='bbox 875 1580 1049 1624; x_wconf 90' lang='lat' dir='ltr'><strong>auctore,</strong></span> <span class='ocrx_word' id='word_1_312' title='bbox 1077 1574 1207 1613; x_wconf 91' lang='lat' dir='ltr'><strong>diuina</strong></span> <span class='ocrx_word' id='word_1_313' title='bbox 1234 1575 1387 1625; x_wconf 84' lang='lat' dir='ltr'><strong>virtute,</strong></span> <span class='ocrx_word' id='word_1_314' title='bbox 1411 1576 1445 1613; x_wconf 81' lang='lat'>&amp;</span> <span class='ocrx_word' id='word_1_315' title='bbox 1466 1574 1604 1613; x_wconf 89' lang='lat' dir='ltr'><strong>mediis</strong></span> <span class='ocrx_word' id='word_1_316' title='bbox 1618 1575 1732 1625; x_wconf 82' lang='lat' dir='ltr'><strong>plane</strong></span> <span class='ocrx_word' id='word_1_317' title='bbox 1747 1573 1887 1614; x_wconf 88' lang='lat' dir='ltr'><strong>diuinis</strong></span> <span class='ocrx_word' id='word_1_318' title='bbox 1902 1573 2168 1624; x_wconf 89' lang='lat' dir='ltr'><strong>constitutum,</strong></span> 
     </span>
     <span class='ocr_line' id='line_1_29' title="bbox 231 1626 2166 1678; baseline 0 -13"><span class='ocrx_word' id='word_1_319' title='bbox 231 1633 313 1665; x_wconf 91' lang='lat' dir='ltr'><strong>tam</strong></span> <span class='ocrx_word' id='word_1_320' title='bbox 340 1626 450 1677; x_wconf 88' lang='lat' dir='ltr'><strong>parui</strong></span> <span class='ocrx_word' id='word_1_321' title='bbox 477 1627 644 1678; x_wconf 90' lang='lat' dir='ltr'><strong>faciunt,</strong></span> <span class='ocrx_word' id='word_1_322' title='bbox 672 1634 713 1666; x_wconf 93' lang='lat' dir='ltr'><strong>vt</strong></span> <span class='ocrx_word' id='word_1_323' title='bbox 740 1628 836 1666; x_wconf 89' lang='lat' dir='ltr'><strong>alios</strong></span> <span class='ocrx_word' id='word_1_324' title='bbox 865 1627 938 1666; x_wconf 88' lang='lat' dir='ltr'><strong>sibi</strong></span> <span class='ocrx_word' id='word_1_325' title='bbox 961 1629 1096 1666; x_wconf 80' lang='lat' dir='ltr'><strong>fratres</strong></span> <span class='ocrx_word' id='word_1_326' title='bbox 1124 1640 1206 1666; x_wconf 91' lang='lat' dir='ltr'><strong>non</strong></span> <span class='ocrx_word' id='word_1_327' title='bbox 1234 1640 1318 1667; x_wconf 90' lang='lat' dir='ltr'><strong>esse</strong></span> <span class='ocrx_word' id='word_1_328' title='bbox 1346 1627 1538 1677; x_wconf 72' lang='lat' dir='ltr'><strong>iudicent,</strong></span> <span class='ocrx_word' id='word_1_329' title='bbox 1565 1634 1631 1666; x_wconf 89' lang='lat' dir='ltr'><strong>aut</strong></span> <span class='ocrx_word' id='word_1_330' title='bbox 1659 1627 1786 1678; x_wconf 85' lang='lat' dir='ltr'><strong>etiam,</strong></span> <span class='ocrx_word' id='word_1_331' title='bbox 1815 1626 1846 1666; x_wconf 92' lang='lat' dir='ltr'><strong>si</strong></span> <span class='ocrx_word' id='word_1_332' title='bbox 1873 1628 1973 1666; x_wconf 82' lang='lat' dir='ltr'><strong>forte</strong></span> <span class='ocrx_word' id='word_1_333' title='bbox 2000 1626 2039 1665; x_wconf 91' lang='lat' dir='ltr'><strong>in</strong></span> <span class='ocrx_word' id='word_1_334' title='bbox 2061 1639 2166 1665; x_wconf 90' lang='lat' dir='ltr'><strong>com-</strong></span> 
     </span>
     <span class='ocr_line' id='line_1_30' title="bbox 234 1679 2168 1731; baseline -0.001 -13"><span class='ocrx_word' id='word_1_335' title='bbox 234 1679 342 1718; x_wconf 89' lang='lat' dir='ltr'><strong>muni</strong></span> <span class='ocrx_word' id='word_1_336' title='bbox 367 1679 549 1719; x_wconf 88' lang='lat' dir='ltr'><strong>nouerint</strong></span> <span class='ocrx_word' id='word_1_337' title='bbox 576 1693 649 1719; x_wconf 88' lang='lat' dir='ltr'><strong>nos</strong></span> <span class='ocrx_word' id='word_1_338' title='bbox 678 1680 774 1719; x_wconf 91' lang='lat' dir='ltr'><strong>alios</strong></span> <span class='ocrx_word' id='word_1_339' title='bbox 801 1680 884 1719; x_wconf 88' lang='lat' dir='ltr'><strong>aliis</strong></span> <span class='ocrx_word' id='word_1_340' title='bbox 912 1682 1047 1719; x_wconf 90' lang='lat' dir='ltr'><strong>fratres</strong></span> <span class='ocrx_word' id='word_1_341' title='bbox 1076 1693 1180 1731; x_wconf 89' lang='lat' dir='ltr'><strong>esse,</strong></span> <span class='ocrx_word' id='word_1_342' title='bbox 1221 1688 1352 1719; x_wconf 89' lang='lat' dir='ltr'><strong>tamen</strong></span> <span class='ocrx_word' id='word_1_343' title='bbox 1379 1682 1469 1719; x_wconf 75' lang='lat' dir='ltr'><strong>cum</strong></span> <span class='ocrx_word' id='word_1_344' title='bbox 1497 1681 1547 1718; x_wconf 90' lang='lat' dir='ltr'><strong>ad</strong></span> <span class='ocrx_word' id='word_1_345' title='bbox 1575 1680 1783 1731; x_wconf 87' lang='lat' dir='ltr'><strong>singularia</strong></span> <span class='ocrx_word' id='word_1_346' title='bbox 1809 1680 1980 1730; x_wconf 88' lang='lat' dir='ltr'><strong>venitur,</strong></span> <span class='ocrx_word' id='word_1_347' title='bbox 2022 1679 2102 1719; x_wconf 91' lang='lat' dir='ltr'><strong>siue</strong></span> <span class='ocrx_word' id='word_1_348' title='bbox 2128 1679 2168 1717; x_wconf 90' lang='lat' dir='ltr'><strong>in</strong></span> 
     </span>
     <span class='ocr_line' id='line_1_31' title="bbox 232 1732 2167 1785; baseline 0 -14"><span class='ocrx_word' id='word_1_349' title='bbox 232 1732 455 1782; x_wconf 89' lang='lat' dir='ltr'><strong>particulari</strong></span> <span class='ocrx_word' id='word_1_350' title='bbox 483 1736 539 1782; x_wconf 91' lang='lat' dir='ltr'><strong>(vt</strong></span> <span class='ocrx_word' id='word_1_351' title='bbox 566 1734 796 1783; x_wconf 87' lang='lat' dir='ltr'><strong>loquuntur)</strong></span> <span class='ocrx_word' id='word_1_352' title='bbox 823 1734 950 1783; x_wconf 89' lang='lat' dir='ltr'><strong>hunc,</strong></span> <span class='ocrx_word' id='word_1_353' title='bbox 991 1733 1101 1772; x_wconf 88' lang='lat' dir='ltr'><strong>illum</strong></span> <span class='ocrx_word' id='word_1_354' title='bbox 1129 1733 1357 1785; x_wconf 68' lang='lat' dir='ltr'><strong>hominem,</strong></span> <span class='ocrx_word' id='word_1_355' title='bbox 1384 1734 1502 1780; x_wconf 91' lang='lat' dir='ltr'><strong>haec,</strong></span> <span class='ocrx_word' id='word_1_356' title='bbox 1530 1732 1636 1772; x_wconf 90' lang='lat' dir='ltr'><strong>illam</strong></span> <span class='ocrx_word' id='word_1_357' title='bbox 1665 1733 1884 1772; x_wconf 88' lang='lat' dir='ltr'><strong>Ecclesiam</strong></span> <span class='ocrx_word' id='word_1_358' title='bbox 1911 1732 2006 1771; x_wconf 92' lang='lat' dir='ltr'><strong>nihil</strong></span> <span class='ocrx_word' id='word_1_359' title='bbox 2033 1743 2167 1771; x_wconf 89' lang='lat' dir='ltr'><strong>secum</strong></span> 
     </span>
     <span class='ocr_line' id='line_1_32' title="bbox 237 1785 2171 1835; baseline 0.001 -12"><span class='ocrx_word' id='word_1_360' title='bbox 237 1786 384 1825; x_wconf 88' lang='lat' dir='ltr'><strong>habere</strong></span> <span class='ocrx_word' id='word_1_361' title='bbox 414 1785 703 1825; x_wconf 90' lang='lat' dir='ltr'><strong>coniunctionis</strong></span> <span class='ocrx_word' id='word_1_362' title='bbox 731 1788 766 1825; x_wconf 84' lang='lat'>&amp;</span> <span class='ocrx_word' id='word_1_363' title='bbox 795 1786 1042 1825; x_wconf 85' lang='lat' dir='ltr'><strong>fraternitatis</strong></span> <span class='ocrx_word' id='word_1_364' title='bbox 1071 1786 1303 1825; x_wconf 86' lang='lat' dir='ltr'><strong>existimant.</strong></span> <span class='ocrx_word' id='word_1_365' title='bbox 1349 1786 1389 1825; x_wconf 88' lang='lat' dir='ltr'><strong>Si</strong></span> <span class='ocrx_word' id='word_1_366' title='bbox 1416 1788 1439 1824; x_wconf 79' lang='lat' dir='ltr'><strong>a</strong></span> <span class='ocrx_word' id='word_1_367' title='bbox 1465 1792 1601 1824; x_wconf 90' lang='lat' dir='ltr'><strong>natura</strong></span> <span class='ocrx_word' id='word_1_368' title='bbox 1628 1793 1727 1825; x_wconf 90' lang='lat' dir='ltr'><strong>esset</strong></span> <span class='ocrx_word' id='word_1_369' title='bbox 1754 1785 1998 1835; x_wconf 87' lang='lat' dir='ltr'><strong>coniunctio,</strong></span> <span class='ocrx_word' id='word_1_370' title='bbox 2033 1792 2171 1824; x_wconf 89' lang='lat' dir='ltr'><strong>natura</strong></span> 
     </span>
     <span class='ocr_line' id='line_1_33' title="bbox 233 1837 2170 1890; baseline -0.001 -13"><span class='ocrx_word' id='word_1_371' title='bbox 233 1837 430 1878; x_wconf 88' lang='lat' dir='ltr'><strong>euinceret</strong></span> <span class='ocrx_word' id='word_1_372' title='bbox 458 1851 540 1878; x_wconf 90' lang='lat' dir='ltr'><strong>non</strong></span> <span class='ocrx_word' id='word_1_373' title='bbox 569 1852 651 1878; x_wconf 88' lang='lat' dir='ltr'><strong>esse</strong></span> <span class='ocrx_word' id='word_1_374' title='bbox 678 1852 798 1889; x_wconf 90' lang='lat' dir='ltr'><strong>penes</strong></span> <span class='ocrx_word' id='word_1_375' title='bbox 829 1839 954 1890; x_wconf 88' lang='lat' dir='ltr'><strong>ipsos,</strong></span> <span class='ocrx_word' id='word_1_376' title='bbox 978 1846 1019 1878; x_wconf 92' lang='lat' dir='ltr'><strong>vt</strong></span> <span class='ocrx_word' id='word_1_377' title='bbox 1045 1838 1103 1878; x_wconf 91' lang='lat' dir='ltr'><strong>ius</strong></span> <span class='ocrx_word' id='word_1_378' title='bbox 1131 1846 1290 1879; x_wconf 88' lang='lat' dir='ltr'><strong>naturae</strong></span> <span class='ocrx_word' id='word_1_379' title='bbox 1312 1839 1506 1889; x_wconf 89' lang='lat' dir='ltr'><strong>perimant</strong></span> <span class='ocrx_word' id='word_1_380' title='bbox 1533 1839 1719 1878; x_wconf 90' lang='lat' dir='ltr'><strong>arbitratu</strong></span> <span class='ocrx_word' id='word_1_381' title='bbox 1746 1850 1836 1878; x_wconf 85' lang='lat' dir='ltr'><strong>suo:</strong></span> <span class='ocrx_word' id='word_1_382' title='bbox 1866 1840 1906 1878; x_wconf 90' lang='lat' dir='ltr'><strong>Si</strong></span> <span class='ocrx_word' id='word_1_383' title='bbox 1927 1852 1975 1878; x_wconf 86' lang='lat' dir='ltr'><strong>ex</strong></span> <span class='ocrx_word' id='word_1_384' title='bbox 1997 1839 2170 1878; x_wconf 89' lang='lat' dir='ltr'><strong>humano</strong></span> 
     </span>
     <span class='ocr_line' id='line_1_34' title="bbox 233 1890 2170 1943; baseline 0.001 -14"><span class='ocrx_word' id='word_1_385' title='bbox 233 1890 408 1930; x_wconf 89' lang='lat' dir='ltr'><strong>instituto</strong></span> <span class='ocrx_word' id='word_1_386' title='bbox 439 1899 559 1938; x_wconf 90' lang='lat' dir='ltr'><strong>esset,</strong></span> <span class='ocrx_word' id='word_1_387' title='bbox 590 1897 794 1931; x_wconf 88' lang='lat' dir='ltr'><strong>testaretur</strong></span> <span class='ocrx_word' id='word_1_388' title='bbox 820 1891 994 1942; x_wconf 91' lang='lat' dir='ltr'><strong>ipsorum</strong></span> <span class='ocrx_word' id='word_1_389' title='bbox 1023 1892 1261 1931; x_wconf 89' lang='lat' dir='ltr'><strong>conscientia</strong></span> <span class='ocrx_word' id='word_1_390' title='bbox 1288 1892 1346 1931; x_wconf 92' lang='lat' dir='ltr'><strong>ius</strong></span> <span class='ocrx_word' id='word_1_391' title='bbox 1374 1892 1469 1930; x_wconf 90' lang='lat' dir='ltr'><strong>illud</strong></span> <span class='ocrx_word' id='word_1_392' title='bbox 1497 1892 1785 1931; x_wconf 90' lang='lat' dir='ltr'><strong>communionis</strong></span> <span class='ocrx_word' id='word_1_393' title='bbox 1812 1905 1894 1931; x_wconf 89' lang='lat' dir='ltr'><strong>non</strong></span> <span class='ocrx_word' id='word_1_394' title='bbox 1909 1905 2025 1943; x_wconf 92' lang='lat' dir='ltr'><strong>posse</strong></span> <span class='ocrx_word' id='word_1_395' title='bbox 2039 1891 2170 1942; x_wconf 89' lang='lat' dir='ltr'><strong>dissui,</strong></span> 
     </span>
     <span class='ocr_line' id='line_1_35' title="bbox 233 1943 2168 1996; baseline 0.001 -14"><span class='ocrx_word' id='word_1_396' title='bbox 233 1943 307 1982; x_wconf 89' lang='lat' dir='ltr'><strong>nisi</strong></span> <span class='ocrx_word' id='word_1_397' title='bbox 349 1957 419 1994; x_wconf 91' lang='lat' dir='ltr'><strong>per</strong></span> <span class='ocrx_word' id='word_1_398' title='bbox 456 1957 524 1983; x_wconf 92' lang='lat' dir='ltr'><strong>eos</strong></span> <span class='ocrx_word' id='word_1_399' title='bbox 568 1957 736 1994; x_wconf 87' lang='lat' dir='ltr'><strong>quorum</strong></span> <span class='ocrx_word' id='word_1_400' title='bbox 778 1944 1007 1984; x_wconf 88' lang='lat' dir='ltr'><strong>auctoritate</strong></span> <span class='ocrx_word' id='word_1_401' title='bbox 1050 1944 1301 1984; x_wconf 88' lang='lat' dir='ltr'><strong>conciliatum</strong></span> <span class='ocrx_word' id='word_1_402' title='bbox 1328 1951 1399 1984; x_wconf 88' lang='lat' dir='ltr'><strong>est.</strong></span> <span class='ocrx_word' id='word_1_403' title='bbox 1440 1947 1542 1983; x_wconf 92' lang='lat' dir='ltr'><strong>Nam</strong></span> <span class='ocrx_word' id='word_1_404' title='bbox 1568 1946 1765 1996; x_wconf 88' lang='lat' dir='ltr'><strong>vulgatam</strong></span> <span class='ocrx_word' id='word_1_405' title='bbox 1794 1952 1851 1984; x_wconf 94' lang='lat' dir='ltr'><strong>est</strong></span> <span class='ocrx_word' id='word_1_406' title='bbox 1878 1945 1973 1984; x_wconf 89' lang='lat' dir='ltr'><strong>illud</strong></span> <span class='ocrx_word' id='word_1_407' title='bbox 2000 1944 2168 1991; x_wconf 78' lang='lat' dir='ltr'><strong>dictum,</strong></span> 
     </span>
     <span class='ocr_line' id='line_1_36' title="bbox 233 1995 2169 2050; baseline 0.001 -15"><span class='ocrx_word' id='word_1_408' title='bbox 233 1995 388 2046; x_wconf 85' lang='lat' dir='ltr'><strong>Quibus</strong></span> <span class='ocrx_word' id='word_1_409' title='bbox 417 1997 545 2036; x_wconf 91' lang='lat' dir='ltr'><strong>modis</strong></span> <span class='ocrx_word' id='word_1_410' title='bbox 573 1998 781 2036; x_wconf 89' lang='lat' dir='ltr'><strong>conficitur</strong></span> <span class='ocrx_word' id='word_1_411' title='bbox 809 1997 1019 2050; x_wconf 73' lang='lat' dir='ltr'><strong>obligatio,</strong></span> <span class='ocrx_word' id='word_1_412' title='bbox 1049 1997 1187 2038; x_wconf 89' lang='lat' dir='ltr'><strong>iisdem</strong></span> <span class='ocrx_word' id='word_1_413' title='bbox 1208 1998 1306 2038; x_wconf 88' lang='lat' dir='ltr'><strong>tolli.</strong></span> <span class='ocrx_word' id='word_1_414' title='bbox 1361 2000 1443 2036; x_wconf 92' lang='lat' dir='ltr'><strong>Iam</strong></span> <span class='ocrx_word' id='word_1_415' title='bbox 1470 2000 1585 2049; x_wconf 85' lang='lat' dir='ltr'><strong>vero,</strong></span> <span class='ocrx_word' id='word_1_416' title='bbox 1613 1999 1721 2037; x_wconf 89' lang='lat' dir='ltr'><strong>Deus</strong></span> <span class='ocrx_word' id='word_1_417' title='bbox 1748 1999 1874 2049; x_wconf 88' lang='lat' dir='ltr'><strong>bone,</strong></span> <span class='ocrx_word' id='word_1_418' title='bbox 1902 1998 1996 2049; x_wconf 86' lang='lat' dir='ltr'><strong>quid</strong></span> <span class='ocrx_word' id='word_1_419' title='bbox 2022 1996 2169 2037; x_wconf 85' lang='lat' dir='ltr'><strong>audio?</strong></span> 
     </span>
     <span class='ocr_line' id='line_1_37' title="bbox 232 2050 2170 2102; baseline 0 -13"><span class='ocrx_word' id='word_1_420' title='bbox 232 2056 395 2089; x_wconf 87' lang='lat' dir='ltr'><strong>naturae</strong></span> <span class='ocrx_word' id='word_1_421' title='bbox 438 2050 722 2101; x_wconf 89' lang='lat' dir='ltr'><strong>obligationem</strong></span> <span class='ocrx_word' id='word_1_422' title='bbox 759 2051 882 2090; x_wconf 92' lang='lat' dir='ltr'><strong>homo</strong></span> <span class='ocrx_word' id='word_1_423' title='bbox 911 2063 992 2090; x_wconf 90' lang='lat' dir='ltr'><strong>non</strong></span> <span class='ocrx_word' id='word_1_424' title='bbox 1020 2051 1198 2102; x_wconf 86' lang='lat' dir='ltr'><strong>perimit:</strong></span> <span class='ocrx_word' id='word_1_425' title='bbox 1241 2052 1450 2090; x_wconf 89' lang='lat' dir='ltr'><strong>humanam</strong></span> <span class='ocrx_word' id='word_1_426' title='bbox 1479 2062 1636 2101; x_wconf 90' lang='lat' dir='ltr'><strong>quoque</strong></span> <span class='ocrx_word' id='word_1_427' title='bbox 1662 2051 1986 2091; x_wconf 84' lang='lat' dir='ltr'><strong>necessitudinem</strong></span> <span class='ocrx_word' id='word_1_428' title='bbox 2011 2052 2170 2090; x_wconf 91' lang='lat' dir='ltr'><strong>abolere</strong></span> 
     </span>
     <span class='ocr_line' id='line_1_38' title="bbox 233 2102 2168 2163; baseline 0.001 -22"><span class='ocrx_word' id='word_1_429' title='bbox 233 2102 386 2163; x_wconf 89' lang='lat' dir='ltr'><strong>priuato</strong></span> <span class='ocrx_word' id='word_1_430' title='bbox 414 2110 481 2142; x_wconf 89' lang='lat' dir='ltr'><strong>aut</strong></span> <span class='ocrx_word' id='word_1_431' title='bbox 511 2103 695 2155; x_wconf 87' lang='lat' dir='ltr'><strong>singulari</strong></span> <span class='ocrx_word' id='word_1_432' title='bbox 722 2105 826 2143; x_wconf 88' lang='lat' dir='ltr'><strong>facto</strong></span> <span class='ocrx_word' id='word_1_433' title='bbox 856 2115 927 2144; x_wconf 90' lang='lat' dir='ltr'><strong>suo</strong></span> <span class='ocrx_word' id='word_1_434' title='bbox 952 2116 1049 2143; x_wconf 89' lang='lat' dir='ltr'><strong>vnus</strong></span> <span class='ocrx_word' id='word_1_435' title='bbox 1078 2105 1198 2143; x_wconf 91' lang='lat' dir='ltr'><strong>homo</strong></span> <span class='ocrx_word' id='word_1_436' title='bbox 1225 2117 1306 2143; x_wconf 91' lang='lat' dir='ltr'><strong>non</strong></span> <span class='ocrx_word' id='word_1_437' title='bbox 1333 2111 1482 2155; x_wconf 90' lang='lat' dir='ltr'><strong>potest:</strong></span> <span class='ocrx_word' id='word_1_438' title='bbox 1518 2104 1832 2155; x_wconf 84' lang='lat' dir='ltr'><strong>&amp;necessitudo,</strong></span> <span class='ocrx_word' id='word_1_439' title='bbox 1861 2115 1979 2154; x_wconf 90' lang='lat' dir='ltr'><strong>quam</strong></span> <span class='ocrx_word' id='word_1_440' title='bbox 1994 2103 2168 2143; x_wconf 89' lang='lat' dir='ltr'><strong>diuinum</strong></span> 
     </span>
     <span class='ocr_line' id='line_1_39' title="bbox 232 2155 2163 2208; baseline 0.001 -15"><span class='ocrx_word' id='word_1_441' title='bbox 232 2155 451 2195; x_wconf 88' lang='lat' dir='ltr'><strong>institutum</strong></span> <span class='ocrx_word' id='word_1_442' title='bbox 480 2156 626 2207; x_wconf 89' lang='lat' dir='ltr'><strong>gratiae</strong></span> <span class='ocrx_word' id='word_1_443' title='bbox 654 2157 900 2208; x_wconf 87' lang='lat' dir='ltr'><strong>conciliauit,</strong></span> <span class='ocrx_word' id='word_1_444' title='bbox 934 2159 1133 2196; x_wconf 90' lang='lat' dir='ltr'><strong>voluntate</strong></span> <span class='ocrx_word' id='word_1_445' title='bbox 1156 2157 1326 2196; x_wconf 86' lang='lat' dir='ltr'><strong>hominis</strong></span> <span class='ocrx_word' id='word_1_446' title='bbox 1347 2155 1606 2196; x_wconf 80' lang='lat' dir='ltr'><strong>dissoluatur?</strong></span> <span class='ocrx_word' id='word_1_447' title='bbox 1630 2157 1692 2196; x_wconf 89' lang='lat' dir='ltr'>O</span> <span class='ocrx_word' id='word_1_448' title='bbox 1682 2158 1871 2197; x_wconf 79' lang='lat' dir='ltr'><strong>insaniam</strong></span> <span class='ocrx_word' id='word_1_449' title='bbox 1886 2157 2163 2196; x_wconf 89' lang='lat' dir='ltr'><strong>miserabilem!</strong></span> 
     </span>
     <span class='ocr_line' id='line_1_40' title="bbox 233 2208 2166 2261; baseline 0.001 -15"><span class='ocrx_word' id='word_1_450' title='bbox 233 2219 310 2258; x_wconf 89' lang='lat' dir='ltr'><strong>qua</strong></span> <span class='ocrx_word' id='word_1_451' title='bbox 338 2221 380 2247; x_wconf 90' lang='lat' dir='ltr'><strong>se</strong></span> <span class='ocrx_word' id='word_1_452' title='bbox 405 2209 532 2260; x_wconf 89' lang='lat' dir='ltr'><strong>abripi</strong></span> <span class='ocrx_word' id='word_1_453' title='bbox 560 2208 784 2260; x_wconf 87' lang='lat' dir='ltr'><strong>quicunque</strong></span> <span class='ocrx_word' id='word_1_454' title='bbox 821 2210 921 2260; x_wconf 88' lang='lat' dir='ltr'><strong>sinit,</strong></span> <span class='ocrx_word' id='word_1_455' title='bbox 952 2209 1028 2249; x_wconf 89' lang='lat' dir='ltr'><strong>iam</strong></span> <span class='ocrx_word' id='word_1_456' title='bbox 1057 2210 1163 2261; x_wconf 91' lang='lat' dir='ltr'><strong>prius</strong></span> <span class='ocrx_word' id='word_1_457' title='bbox 1190 2223 1231 2249; x_wconf 88' lang='lat' dir='ltr'><strong>se</strong></span> <span class='ocrx_word' id='word_1_458' title='bbox 1259 2211 1348 2249; x_wconf 94' lang='lat' dir='ltr'><strong>Deo</strong></span> <span class='ocrx_word' id='word_1_459' title='bbox 1376 2211 1412 2248; x_wconf 84' lang='lat'>&amp;</span> <span class='ocrx_word' id='word_1_460' title='bbox 1436 2209 1590 2249; x_wconf 91' lang='lat' dir='ltr'><strong>Christo</strong></span> <span class='ocrx_word' id='word_1_461' title='bbox 1619 2209 1821 2261; x_wconf 89' lang='lat' dir='ltr'><strong>eripuerit,</strong></span> <span class='ocrx_word' id='word_1_462' title='bbox 1848 2212 1966 2260; x_wconf 79' lang='lat' dir='ltr'><strong>quarn</strong></span> <span class='ocrx_word' id='word_1_463' title='bbox 2003 2211 2166 2248; x_wconf 90' lang='lat' dir='ltr'><strong>alterum</strong></span> 
     </span>
     <span class='ocr_line' id='line_1_41' title="bbox 235 2260 2169 2323; baseline 0.001 -23"><span class='ocrx_word' id='word_1_464' title='bbox 235 2260 372 2311; x_wconf 87' lang='lat' dir='ltr'><strong>eripiat</strong></span> <span class='ocrx_word' id='word_1_465' title='bbox 400 2261 639 2313; x_wconf 87' lang='lat' dir='ltr'><strong>cogitatione</strong></span> <span class='ocrx_word' id='word_1_466' title='bbox 668 2276 828 2302; x_wconf 88' lang='lat' dir='ltr'><strong>necesse</strong></span> <span class='ocrx_word' id='word_1_467' title='bbox 859 2270 929 2302; x_wconf 87' lang='lat' dir='ltr'><strong>est.</strong></span> <span class='ocrx_word' id='word_1_468' title='bbox 956 2264 1060 2302; x_wconf 88' lang='lat' dir='ltr'><strong>Nam</strong></span> <span class='ocrx_word' id='word_1_469' title='bbox 1085 2263 1170 2313; x_wconf 90' lang='lat' dir='ltr'><strong>quis</strong></span> <span class='ocrx_word' id='word_1_470' title='bbox 1199 2263 1282 2302; x_wconf 88' lang='lat' dir='ltr'><strong>odit</strong></span> <span class='ocrx_word' id='word_1_471' title='bbox 1316 2275 1425 2302; x_wconf 89' lang='lat' dir='ltr'><strong>suam</strong></span> <span class='ocrx_word' id='word_1_472' title='bbox 1453 2262 1572 2313; x_wconf 87' lang='lat' dir='ltr'><strong>ipsius</strong></span> <span class='ocrx_word' id='word_1_473' title='bbox 1600 2275 1778 2302; x_wconf 90' lang='lat' dir='ltr'><strong>carnem:</strong></span> <span class='ocrx_word' id='word_1_474' title='bbox 1814 2264 1923 2323; x_wconf 80' lang='lat' dir='ltr'><strong>quod</strong></span> <span class='ocrx_word' id='word_1_475' title='bbox 1949 2263 2169 2302; x_wconf 90' lang='lat' dir='ltr'><strong>membrum</strong></span> 
     </span>
     <span class='ocr_line' id='line_1_42' title="bbox 234 2314 2169 2367; baseline 0.002 -15"><span class='ocrx_word' id='word_1_476' title='bbox 234 2314 300 2353; x_wconf 90' lang='lat' dir='ltr'><strong>dat</strong></span> <span class='ocrx_word' id='word_1_477' title='bbox 329 2327 490 2365; x_wconf 89' lang='lat' dir='ltr'><strong>operam</strong></span> <span class='ocrx_word' id='word_1_478' title='bbox 519 2316 738 2355; x_wconf 91' lang='lat' dir='ltr'><strong>truncando</strong></span> <span class='ocrx_word' id='word_1_479' title='bbox 762 2316 919 2367; x_wconf 87' lang='lat' dir='ltr'><strong>corpori</strong></span> <span class='ocrx_word' id='word_1_480' title='bbox 948 2314 1050 2355; x_wconf 79' lang='lat' dir='ltr'><strong>suo?</strong></span> <span class='ocrx_word' id='word_1_481' title='bbox 1078 2318 1163 2355; x_wconf 90' lang='lat' dir='ltr'><strong>Iam</strong></span> <span class='ocrx_word' id='word_1_482' title='bbox 1190 2329 1271 2355; x_wconf 91' lang='lat' dir='ltr'><strong>non</strong></span> <span class='ocrx_word' id='word_1_483' title='bbox 1302 2324 1359 2355; x_wconf 88' lang='lat' dir='ltr'><strong>est</strong></span> <span class='ocrx_word' id='word_1_484' title='bbox 1386 2317 1435 2355; x_wconf 92' lang='lat' dir='ltr'><strong>de</strong></span> <span class='ocrx_word' id='word_1_485' title='bbox 1463 2328 1629 2366; x_wconf 88' lang='lat' dir='ltr'><strong>corpore</strong></span> <span class='ocrx_word' id='word_1_486' title='bbox 1657 2316 1821 2367; x_wconf 76' lang='lat' dir='ltr'><strong>Christi,</strong></span> <span class='ocrx_word' id='word_1_487' title='bbox 1849 2315 1916 2366; x_wconf 90' lang='lat' dir='ltr'><strong>qui</strong></span> <span class='ocrx_word' id='word_1_488' title='bbox 1943 2328 2169 2366; x_wconf 89' lang='lat' dir='ltr'><strong>praesecare</strong></span> 
     </span>
     <span class='ocr_line' id='line_1_43' title="bbox 235 2367 2168 2420; baseline 0.001 -14"><span class='ocrx_word' id='word_1_489' title='bbox 235 2367 382 2417; x_wconf 89' lang='lat' dir='ltr'><strong>cogitat</strong></span> <span class='ocrx_word' id='word_1_490' title='bbox 410 2369 632 2407; x_wconf 91' lang='lat' dir='ltr'><strong>membrum</strong></span> <span class='ocrx_word' id='word_1_491' title='bbox 661 2368 818 2408; x_wconf 89' lang='lat' dir='ltr'><strong>Christi</strong></span> <span class='ocrx_word' id='word_1_492' title='bbox 847 2370 898 2408; x_wconf 93' lang='lat' dir='ltr'><strong>Et</strong></span> <span class='ocrx_word' id='word_1_493' title='bbox 925 2376 1056 2408; x_wconf 90' lang='lat' dir='ltr'><strong>tamen</strong></span> <span class='ocrx_word' id='word_1_494' title='bbox 1083 2369 1147 2408; x_wconf 92' lang='lat' dir='ltr'><strong>hic</strong></span> <span class='ocrx_word' id='word_1_495' title='bbox 1174 2371 1334 2409; x_wconf 91' lang='lat' dir='ltr'><strong>morbus</strong></span> <span class='ocrx_word' id='word_1_496' title='bbox 1361 2375 1418 2408; x_wconf 92' lang='lat' dir='ltr'><strong>est</strong></span> <span class='ocrx_word' id='word_1_497' title='bbox 1440 2370 1497 2418; x_wconf 87' lang='lat' dir='ltr'><strong>(vt</strong></span> <span class='ocrx_word' id='word_1_498' title='bbox 1525 2368 1578 2407; x_wconf 90' lang='lat' dir='ltr'><strong>ita</strong></span> <span class='ocrx_word' id='word_1_499' title='bbox 1605 2369 1750 2417; x_wconf 90' lang='lat' dir='ltr'><strong>dicam)</strong></span> <span class='ocrx_word' id='word_1_500' title='bbox 1782 2368 2020 2420; x_wconf 90' lang='lat' dir='ltr'><strong>epidemicus</strong></span> <span class='ocrx_word' id='word_1_501' title='bbox 2033 2368 2168 2407; x_wconf 89' lang='lat' dir='ltr'><strong>aetatis</strong></span> 
     </span>
     <span class='ocr_line' id='line_1_44' title="bbox 236 2421 2167 2473; baseline 0.001 -15"><span class='ocrx_word' id='word_1_502' title='bbox 236 2427 416 2459; x_wconf 87' lang='lat' dir='ltr'><strong>nostrae:</strong></span> <span class='ocrx_word' id='word_1_503' title='bbox 445 2421 484 2459; x_wconf 92' lang='lat' dir='ltr'><strong>in</strong></span> <span class='ocrx_word' id='word_1_504' title='bbox 512 2433 589 2471; x_wconf 92' lang='lat' dir='ltr'><strong>qua</strong></span> <span class='ocrx_word' id='word_1_505' title='bbox 619 2421 928 2473; x_wconf 79' lang='lat' dir='ltr'><strong>cognoscendis,</strong></span> <span class='ocrx_word' id='word_1_506' title='bbox 956 2422 1166 2472; x_wconf 86' lang='lat' dir='ltr'><strong>librandis,</strong></span> <span class='ocrx_word' id='word_1_507' title='bbox 1195 2421 1435 2465; x_wconf 88' lang='lat' dir='ltr'><strong>iudicandis</strong></span> <span class='ocrx_word' id='word_1_508' title='bbox 1459 2421 1712 2473; x_wconf 88' lang='lat' dir='ltr'><strong>damnandis,</strong></span> <span class='ocrx_word' id='word_1_509' title='bbox 1749 2424 1784 2461; x_wconf 87' lang='lat'>&amp;</span> <span class='ocrx_word' id='word_1_510' title='bbox 1808 2421 2063 2472; x_wconf 84' lang='lat' dir='ltr'><strong>explodendis</strong></span> <span class='ocrx_word' id='word_1_511' title='bbox 2095 2422 2167 2459; x_wconf 81' lang='lat' dir='ltr'><strong>fra-</strong></span> 
     </span>
     <span class='ocr_line' id='line_1_45' title="bbox 236 2453 2167 2525; baseline 0.001 -14"><span class='ocrx_word' id='word_1_512' title='bbox 236 2480 339 2511; x_wconf 87' lang='lat' dir='ltr'><strong>trum</strong></span> <span class='ocrx_word' id='word_1_513' title='bbox 367 2481 591 2513; x_wconf 88' lang='lat' dir='ltr'><strong>nostrorum</strong></span> <span class='ocrx_word' id='word_1_514' title='bbox 620 2474 748 2525; x_wconf 89' lang='lat' dir='ltr'><strong>factis,</strong></span> <span class='ocrx_word' id='word_1_515' title='bbox 776 2477 812 2514; x_wconf 85' lang='lat'>&amp;</span> <span class='ocrx_word' id='word_1_516' title='bbox 839 2475 931 2525; x_wconf 91' lang='lat' dir='ltr'><strong>ipsis</strong></span> <span class='ocrx_word' id='word_1_517' title='bbox 960 2477 1140 2525; x_wconf 90' lang='lat' dir='ltr'><strong>proterue</strong></span> <span class='ocrx_word' id='word_1_518' title='bbox 1156 2453 1465 2522; x_wconf 82' lang='lat' dir='ltr'><strong>exauctorandis‚</strong></span> <span class='ocrx_word' id='word_1_519' title='bbox 1495 2486 1627 2513; x_wconf 89' lang='lat' dir='ltr'><strong>sumus</strong></span> <span class='ocrx_word' id='word_1_520' title='bbox 1642 2474 1815 2524; x_wconf 87' lang='lat' dir='ltr'><strong>plerique</strong></span> <span class='ocrx_word' id='word_1_521' title='bbox 1836 2487 1974 2514; x_wconf 90' lang='lat' dir='ltr'><strong>omnes</strong></span> <span class='ocrx_word' id='word_1_522' title='bbox 1989 2474 2167 2514; x_wconf 84' lang='lat' dir='ltr'><strong>audacis-</strong></span> 
     </span>
     <span class='ocr_line' id='line_1_46' title="bbox 238 2525 2168 2578; baseline 0.001 -14"><span class='ocrx_word' id='word_1_523' title='bbox 238 2525 342 2564; x_wconf 89' lang='lat' dir='ltr'><strong>simi:</strong></span> <span class='ocrx_word' id='word_1_524' title='bbox 377 2527 518 2577; x_wconf 89' lang='lat' dir='ltr'><strong>Neque</strong></span> <span class='ocrx_word' id='word_1_525' title='bbox 547 2527 772 2567; x_wconf 87' lang='lat' dir='ltr'><strong>dubitamus</strong></span> <span class='ocrx_word' id='word_1_526' title='bbox 788 2528 988 2577; x_wconf 86' lang='lat' dir='ltr'><strong>homines,</strong></span> <span class='ocrx_word' id='word_1_527' title='bbox 1004 2528 1211 2574; x_wconf 89' lang='lat' dir='ltr'><strong>Ecclesias,</strong></span> <span class='ocrx_word' id='word_1_528' title='bbox 1240 2528 1419 2578; x_wconf 88' lang='lat' dir='ltr'><strong>regiones</strong></span> <span class='ocrx_word' id='word_1_529' title='bbox 1435 2529 1950 2577; x_wconf 88' lang='lat' dir='ltr'><strong>totas&amp;potestatesaDeo</strong></span> <span class='ocrx_word' id='word_1_530' title='bbox 1966 2527 2168 2578; x_wconf 89' lang='lat' dir='ltr'><strong>1nst1tutas,</strong></span> 
     </span>
     <span class='ocr_line' id='line_1_47' title="bbox 235 2557 2167 2640; baseline 0.001 -23"><span class='ocrx_word' id='word_1_531' title='bbox 235 2578 347 2628; x_wconf 87' lang='lat' dir='ltr'><strong>quasi</strong></span> <span class='ocrx_word' id='word_1_532' title='bbox 374 2593 447 2630; x_wconf 89' lang='lat' dir='ltr'><strong>pro</strong></span> <span class='ocrx_word' id='word_1_533' title='bbox 477 2580 640 2630; x_wconf 89' lang='lat' dir='ltr'><strong>imperio</strong></span> <span class='ocrx_word' id='word_1_534' title='bbox 667 2580 881 2620; x_wconf 89' lang='lat' dir='ltr'><strong>maledictis</strong></span> <span class='ocrx_word' id='word_1_535' title='bbox 909 2583 944 2619; x_wconf 80' lang='lat'>&amp;</span> <span class='ocrx_word' id='word_1_536' title='bbox 973 2557 1230 2619; x_wconf 89' lang='lat' dir='ltr'><strong>anathematis</strong></span> <span class='ocrx_word' id='word_1_537' title='bbox 1258 2581 1462 2640; x_wconf 81' lang='lat' dir='ltr'><strong>incessere,</strong></span> <span class='ocrx_word' id='word_1_538' title='bbox 1486 2581 1664 2630; x_wconf 86' lang='lat' dir='ltr'><strong>quamuis</strong></span> <span class='ocrx_word' id='word_1_539' title='bbox 1683 2580 1880 2619; x_wconf 90' lang='lat' dir='ltr'><strong>Christum</strong></span> <span class='ocrx_word' id='word_1_540' title='bbox 1886 2580 2057 2640; x_wconf 80' lang='lat' dir='ltr'><strong>sapiant,</strong></span> <span class='ocrx_word' id='word_1_541' title='bbox 2077 2579 2167 2630; x_wconf 89' lang='lat' dir='ltr'><strong>quia</strong></span> 
     </span>
     <span class='ocr_line' id='line_1_48' title="bbox 230 2631 2164 2693; baseline 0.001 -24"><span class='ocrx_word' id='word_1_542' title='bbox 230 2631 438 2672; x_wconf 82' lang='lat' dir='ltr'><strong>nobiscum</strong></span> <span class='ocrx_word' id='word_1_543' title='bbox 468 2645 549 2672; x_wconf 91' lang='lat' dir='ltr'><strong>non</strong></span> <span class='ocrx_word' id='word_1_544' title='bbox 580 2633 735 2693; x_wconf 81' lang='lat' dir='ltr'><strong>sapiunt</strong></span> <span class='ocrx_word' id='word_1_545' title='bbox 764 2647 832 2683; x_wconf 94' lang='lat' dir='ltr'><strong>per</strong></span> <span class='ocrx_word' id='word_1_546' title='bbox 859 2633 1004 2672; x_wconf 87' lang='lat' dir='ltr'><strong>omnia.</strong></span> <span class='ocrx_word' id='word_1_547' title='bbox 1048 2635 1204 2685; x_wconf 90' lang='lat' dir='ltr'><strong>Manet,</strong></span> <span class='ocrx_word' id='word_1_548' title='bbox 1240 2634 1294 2672; x_wconf 90' lang='lat' dir='ltr'><strong>mi</strong></span> <span class='ocrx_word' id='word_1_549' title='bbox 1321 2636 1457 2684; x_wconf 84' lang='lat' dir='ltr'><strong>frater,</strong></span> <span class='ocrx_word' id='word_1_550' title='bbox 1491 2640 1621 2672; x_wconf 88' lang='lat' dir='ltr'><strong>manet</strong></span> <span class='ocrx_word' id='word_1_551' title='bbox 1646 2641 1779 2673; x_wconf 89' lang='lat' dir='ltr'><strong>nostra</strong></span> <span class='ocrx_word' id='word_1_552' title='bbox 1806 2633 2050 2673; x_wconf 90' lang='lat' dir='ltr'><strong>coniunctio:</strong></span> <span class='ocrx_word' id='word_1_553' title='bbox 2096 2633 2164 2671; x_wconf 91' lang='lat' dir='ltr'><strong>sed</strong></span> 
     </span>
     <span class='ocr_line' id='line_1_49' title="bbox 231 2685 2164 2746; baseline 0.001 -24"><span class='ocrx_word' id='word_1_554' title='bbox 231 2690 297 2722; x_wconf 93' lang='lat' dir='ltr'><strong>tua</strong></span> <span class='ocrx_word' id='word_1_555' title='bbox 325 2692 382 2724; x_wconf 91' lang='lat' dir='ltr'><strong>est</strong></span> <span class='ocrx_word' id='word_1_556' title='bbox 412 2686 537 2735; x_wconf 89' lang='lat' dir='ltr'><strong>(cuius</strong></span> <span class='ocrx_word' id='word_1_557' title='bbox 561 2700 623 2726; x_wconf 92' lang='lat' dir='ltr'><strong>me</strong></span> <span class='ocrx_word' id='word_1_558' title='bbox 653 2686 823 2737; x_wconf 86' lang='lat' dir='ltr'><strong>miseret)</strong></span> <span class='ocrx_word' id='word_1_559' title='bbox 852 2686 1046 2726; x_wconf 89' lang='lat' dir='ltr'><strong>alienatio.</strong></span> <span class='ocrx_word' id='word_1_560' title='bbox 1074 2686 1113 2725; x_wconf 91' lang='lat' dir='ltr'><strong>Si</strong></span> <span class='ocrx_word' id='word_1_561' title='bbox 1141 2694 1178 2726; x_wconf 92' lang='lat' dir='ltr'><strong>te</strong></span> <span class='ocrx_word' id='word_1_562' title='bbox 1205 2686 1371 2726; x_wconf 90' lang='lat' dir='ltr'><strong>alienare</strong></span> <span class='ocrx_word' id='word_1_563' title='bbox 1399 2689 1422 2724; x_wconf 78' lang='lat' dir='ltr'><strong>a</strong></span> <span class='ocrx_word' id='word_1_564' title='bbox 1451 2700 1514 2726; x_wconf 92' lang='lat' dir='ltr'><strong>me</strong></span> <span class='ocrx_word' id='word_1_565' title='bbox 1542 2687 1661 2738; x_wconf 88' lang='lat' dir='ltr'><strong>voles,</strong></span> <span class='ocrx_word' id='word_1_566' title='bbox 1690 2699 1772 2725; x_wconf 91' lang='lat' dir='ltr'><strong>non</strong></span> <span class='ocrx_word' id='word_1_567' title='bbox 1800 2693 1911 2746; x_wconf 82' lang='lat' dir='ltr'><strong>potes</strong></span> <span class='ocrx_word' id='word_1_568' title='bbox 1939 2686 2033 2736; x_wconf 91' lang='lat' dir='ltr'><strong>quin</strong></span> <span class='ocrx_word' id='word_1_569' title='bbox 2060 2685 2164 2735; x_wconf 90' lang='lat' dir='ltr'><strong>prius</strong></span> 
     </span>
     <span class='ocr_line' id='line_1_50' title="bbox 233 2736 2161 2828; baseline 0 -52"><span class='ocrx_word' id='word_1_570' title='bbox 233 2736 376 2777; x_wconf 87' lang='lat' dir='ltr'><strong>alienes</strong></span> <span class='ocrx_word' id='word_1_571' title='bbox 404 2741 427 2778; x_wconf 81' lang='lat' dir='ltr'><strong>a</strong></span> <span class='ocrx_word' id='word_1_572' title='bbox 455 2739 634 2791; x_wconf 89' lang='lat' dir='ltr'><strong>Christo,</strong></span> <span class='ocrx_word' id='word_1_573' title='bbox 664 2739 702 2778; x_wconf 90' lang='lat' dir='ltr'><strong>in</strong></span> <span class='ocrx_word' id='word_1_574' title='bbox 732 2751 810 2789; x_wconf 84' lang='lat' dir='ltr'><strong>quo</strong></span> <span class='ocrx_word' id='word_1_575' title='bbox 840 2741 974 2778; x_wconf 88' lang='lat' dir='ltr'><strong>fratres</strong></span> <span class='ocrx_word' id='word_1_576' title='bbox 1004 2751 1157 2790; x_wconf 88' lang='lat' dir='ltr'><strong>sumus,</strong></span> <span class='ocrx_word' id='word_1_577' title='bbox 1186 2753 1259 2790; x_wconf 91' lang='lat' dir='ltr'><strong>ego</strong></span> <span class='ocrx_word' id='word_1_578' title='bbox 1288 2753 1361 2779; x_wconf 92' lang='lat' dir='ltr'><strong>nec</strong></span> <span class='ocrx_word' id='word_1_579' title='bbox 1390 2741 1503 2790; x_wconf 90' lang='lat' dir='ltr'><strong>volo,</strong></span> <span class='ocrx_word' id='word_1_580' title='bbox 1531 2752 1604 2778; x_wconf 91' lang='lat' dir='ltr'><strong>nec</strong></span> <span class='ocrx_word' id='word_1_581' title='bbox 1619 2752 1796 2789; x_wconf 89' lang='lat' dir='ltr'><strong>possum</strong></span> <span class='ocrx_word' id='word_1_582' title='bbox 1824 2738 1914 2789; x_wconf 89' lang='lat' dir='ltr'><strong>quia</strong></span> <span class='ocrx_word' id='word_1_583' title='bbox 1928 2740 2083 2777; x_wconf 90' lang='lat' dir='ltr'><strong>fratrem</strong></span> <span class='ocrx_word' id='word_1_584' title='bbox 2100 2752 2161 2828; x_wconf 51' lang='grc' dir='ltr'><strong>1111)ιῆἶ</strong></span> 
     </span>
    </p>

    <p class='ocr_par' dir='ltr' id='par_1_4' title="bbox 2088 2804 2161 2829">
     <span class='ocr_line' id='line_1_51' title="bbox 2088 2804 2161 2829; baseline -0.014 0"><span class='ocrx_word' id='word_1_585' title='bbox 2088 2804 2120 2829; x_wconf 92' lang='grc'><strong>51</strong></span> <span class='ocrx_word' id='word_1_586' title='bbox 2150 2804 2161 2828; x_wconf 93' lang='grc'><strong>1</strong></span> 
     </span>
    </p>
   </div>
  </div>
 </body>
</html>
