2334 3020
869 107 1138 135 EIRENICI
1182 108 1323 134 PARS
1367 107 1392 134 1.
2024 105 2102 142 435

158 219 307 266 facere,
336 217 404 256 sed
432 219 467 255 δε
495 214 711 266 Euangelij.
740 215 840 253 Nam
869 220 999 253 nonne
1026 217 1049 253 a
1077 213 1400 264 promissionibus
1427 212 1694 262 Euangelicis,
1724 213 1760 249 δι
1790 212 2105 250 arecordatione

159 271 330 319 illarum,
359 271 394 308 δι
422 272 445 308 a
474 275 628 307 recente
657 275 772 318 typo,
801 281 942 318 nempe
970 267 1210 307 liberationis
1239 280 1286 306 ex
1314 268 1513 316 AEgypto,
1530 267 1637 303 Deus
1653 265 1803 304 initium
1820 265 1929 312 facit,
1949 264 2107 312 dicens,

160 322 265 361 Audi
307 323 445 372 Israel,
483 323 569 372 Ego
608 333 693 360 sum
722 322 869 360 Iehoua
899 323 1005 360 Deus
1035 329 1122 360 tuus
1151 320 1216 370 qui
1248 320 1365 358 eduxi
1393 327 1430 358 te
1459 321 1480 358 e
1509 326 1610 357 terra
1639 315 1826 369 AEgypti?
1872 319 2014 356 Nonne
2044 330 2107 355 eas

161 376 295 415 docuit
325 376 540 425 Apostolus
568 387 648 413 non
677 374 795 413 fuisse
826 375 992 413 abolitas
1021 372 1317 424 superueniente
1345 371 1474 423 Lege?
1503 371 1675 411 Omnino
1704 372 1819 422 igitur
1847 370 1930 421 pias
1959 377 2108 409 mentes

161 436 326 468 statuere
354 429 449 467 illud
476 440 636 468 necesse
663 435 742 476 est,
769 429 933 466 verbum
963 427 1038 466 Dei
1066 426 1318 466 enunciatum
1341 427 1376 464 &
1392 425 1579 475 scriptum
1595 426 1763 463 formam
1779 431 1979 463 externam
1999 436 2104 470 esse,

161 494 279 532 quam
309 483 415 520 Deus
443 481 481 519 in
511 480 687 519 Ecclesia
713 481 882 531 positam
911 481 1049 520 voluit:
1081 487 1122 519 vt
1150 481 1239 518 cum
1267 493 1306 518 se.
1336 480 1371 517 &
1400 491 1490 518 suos
1506 478 1589 529 ipsa
1604 478 2002 528 internosceret,tum
2018 490 2104 515 eam

160 535 242 584 alij,
272 542 387 585 prout
415 536 543 573 Deum
572 534 796 584 confitetur,
826 535 900 572 hac
928 536 1054 572 forma
1082 540 1241 572 externa
1269 534 1481 572 obseruare
1510 538 1683 582 possent.

214 591 346 638 Atque
387 589 465 626 hoc
499 587 659 637 quidem
689 586 957 626 testimonium
985 599 1065 637 quo
1095 586 1143 625 sit
1170 593 1422 637 argumento,
1448 587 1631 623 nolumus
1659 585 1738 623 hoc
1765 585 1857 622 loco
1886 595 2104 633 exponere,

160 641 251 691 quia
278 641 317 680 id
347 648 403 680 est
429 641 507 679 loci
535 639 703 679 alterius.
732 642 776 678 In
806 640 1024 691 praesentia
1051 640 1092 678 id
1120 639 1210 678 satis
1238 641 1411 677 futurum
1441 651 1523 677 esse
1538 638 1774 686 iudicamus,
1791 636 1821 675 si
1838 635 2103 675 testimonium

161 696 238 733 hoc
275 693 570 744 intelligendum
606 706 690 732 esse
727 693 802 732 Dei
840 705 1089 744 moneamus,
1117 705 1197 743 quo
1229 699 1311 731 tum
1341 693 1448 731 Deus
1480 692 1528 730 de
1557 704 1598 729 se
1626 690 1712 741 ipso
1741 691 1935 739 rebusque
1965 689 2106 727 diuinis

160 755 310 786 tantum
345 747 460 786 nobis
496 753 657 785 testatur
685 754 874 796 quantum
903 746 1058 797 expedit
1085 746 1233 797 gloriae
1260 745 1379 795 ipsius
1408 747 1443 784 &
1471 744 1584 783 saluti
1612 750 1791 793 nostrae,
1818 750 1900 781 tum
1930 741 2107 781 nostrum

161 800 301 851 singuli
326 800 502 838 illustrati
531 799 802 850 potentissimo
832 801 898 838 illo
926 800 1001 838 Dei
1029 799 1253 838 testimonio
1283 798 1536 848 adducimur,
1566 804 1605 835 vt
1633 798 1682 836 de
1698 796 1813 835 nobis
1829 795 1922 846 ipsis
1936 795 2106 834 vicissim

162 853 429 892 testimonium
457 853 711 892 exhibeamus
739 855 850 903 Deo,
879 854 917 891 in
945 852 1060 892 nobis
1086 853 1323 903 habeamus,
1353 854 1388 890 δε
1417 852 1454 890 in
1484 850 1606 890 oculis
1636 849 1772 888 mundi
1800 856 1934 888 sancta
1958 850 2106 899 profes-

160 907 270 946 sione
313 907 385 945 Dei
422 907 457 945 &
492 906 623 945 salutis
651 914 807 945 nostrae
835 907 1105 957 praebeamus.
1147 906 1259 954 Quae
1288 917 1405 943 causa
1433 912 1511 954 est,
1544 915 1612 942 cur
1640 904 1862 953 Prophetae
1892 902 2017 940 visum
2047 908 2105 940 est

160 960 423 999 testimonium
453 972 532 998 non
562 959 787 1010 simpliciter
814 971 1062 1010 nuncupare,
1092 959 1161 998 sed
1189 958 1420 997 nominatim
1449 958 1619 1007 addere,
1648 956 1764 994 fuisse
1790 957 1941 993 Israeli
1953 957 2108 1005 datum,

161 1016 196 1053 &
226 1013 424 1052 Ecclesiae
452 1013 715 1052 indesinenter
744 1025 826 1052 esse
854 1013 1087 1063 expositum.
1116 1012 1192 1051 Sed
1221 1011 1311 1061 quia
1334 1012 1411 1049 hoc
1428 1010 1629 1060 quodiam
1644 1009 1890 1059 attingimus,
1909 1009 1959 1047 ad
1974 1010 2106 1046 locum

161 1067 376 1106 secundum
417 1066 603 1117 pertinet,
639 1079 756 1116 quem
787 1067 836 1105 de
865 1068 908 1115 (f.
939 1067 1031 1117 711)
1060 1064 1237 1116 personis
1266 1077 1347 1103 esse
1376 1064 1567 1113 diximus,
1598 1070 1752 1113 tempus
1780 1069 1839 1101 est
1867 1070 1908 1100 vt
1936 1063 1987 1100 ad
2016 1074 2106 1099 eum

163 1122 296 1159 locum
323 1120 523 1158 veniamus
552 1120 837 1170 explicandum.

214 1175 471 1212 Personarum
500 1173 615 1223 igitur
642 1185 737 1223 quas
765 1174 873 1211 Deus
902 1172 1003 1211 intus
1032 1171 1216 1210 informat
1245 1170 1470 1209 testimonio
1500 1181 1591 1220 suo,
1620 1171 1656 1208 δι
1684 1170 1813 1219 palam
1842 1175 1999 1206 testatas
2015 1167 2107 1206 facit

162 1227 200 1265 in
229 1226 352 1265 oculis
380 1226 578 1277 omnium,
607 1234 724 1277 prout
753 1227 917 1264 verbum
947 1225 1022 1264 Dei
1050 1225 1244 1263 internum
1273 1223 1493 1274 percipiunt
1506 1230 1623 1273 atque
1637 1230 1838 1261 externum
1854 1223 2107 1272 profitentur,

160 1279 257 1318 ratio
285 1281 308 1317 a
336 1281 532 1330 Propheta
559 1281 713 1318 duobus
741 1279 869 1317 modis
898 1279 1137 1328 ostenditur,
1167 1277 1346 1316 Vniuerse
1369 1275 1692 1326 &particulatim.
1720 1274 1912 1313 Vniuerse
1928 1274 2108 1313 Ecclesia

161 1332 379 1372 ostenditur
407 1335 570 1371 Israelis
597 1333 678 1371 siue
707 1332 969 1371 Israelitarum
998 1331 1178 1370 nomine:
1212 1329 1471 1381 particulatim
1501 1333 1617 1380 vero,
1647 1336 1764 1379 prout
1792 1328 2006 1378 singulares
2032 1329 2106 1366 Ec-

160 1387 298 1425 clesiae
324 1389 348 1424 a
375 1387 462 1425 Deo
478 1386 703 1425 distributae
719 1393 827 1437 sunt,
846 1386 1135 1424 demonstratur
1151 1386 1318 1423 tribuum
1334 1385 1369 1422 δι
1384 1382 1544 1432 quidem
1565 1384 1732 1421 tm'bmmc
1749 1383 1825 1420 lala
1841 1381 1922 1420 siue
1937 1382 2108 1419 Iehouae

160 1439 434 1490 appellatione.
477 1440 826 1489 Quemadmodum
867 1445 996 1477 autem
1033 1438 1072 1476 in
1101 1436 1360 1488 explicatione
1387 1448 1516 1475 rerum
1547 1435 1773 1485 docuimus,
1802 1447 1863 1473 res
1892 1434 2042 1484 typicas
2071 1436 2106 1473 δι

162 1493 411 1544 particulares
452 1496 476 1531 a
513 1492 730 1532 substantia
767 1495 802 1531 &
836 1492 998 1531 veritate
1026 1503 1159 1530 earum
1187 1490 1225 1529 in
1254 1490 1478 1528 nominibus
1506 1489 1587 1528 istis
1614 1488 1785 1527 discerni
1813 1495 2015 1538 oportere,
2043 1487 2108 1526 hic

160 1547 301 1585 eodem
331 1546 452 1584 modo
480 1546 562 1584 fieri
590 1559 750 1584 necesse
781 1553 850 1584 est.
879 1546 980 1584 Nam
1010 1545 1162 1595 typicae
1190 1551 1278 1582 sunt
1301 1540 2107 1594 appellationes,&angustiores3quarum

159 1599 299 1638 veritas
328 1599 467 1638 diffusa
495 1607 552 1638 est
579 1599 778 1638 latissime.
806 1598 957 1649 Typica
983 1599 1047 1637 illa
1074 1599 1154 1637 duo
1183 1605 1293 1645 sunt,
1323 1597 1431 1647 quod
1459 1598 1596 1635 lsrael
1619 1597 1680 1635 vel
1708 1594 1925 1645 Israelitae,
1947 1595 1982 1632 &
1999 1595 2108 1644 quod

159 1654 284 1692 tribus
311 1654 568 1703 appellantur.
611 1654 713 1691 Nam
741 1653 831 1691 cum
862 1654 1029 1703 populus
1058 1652 1292 1690 Iudaeorum
1321 1663 1411 1700 pars
1441 1650 1554 1688 fuerit
1582 1649 1784 1688 Ecclesiae
1811 1647 1887 1687 Dei
1915 1661 1984 1698 per
2011 1647 2108 1686 illud

160 1715 313 1756 tempus
351 1705 681 1756 praestantissima
717 1708 752 1744 &
780 1705 997 1744 Ecclesiam
1027 1704 1272 1744 Catholicam
1303 1703 1447 1742 Christi
1474 1710 1581 1742 certo
1619 1703 1794 1753 quodam
1821 1702 1943 1740 modo
1971 1701 2106 1739 adum-

158 1759 348 1806 brauerit,
379 1759 546 1809 primum
576 1760 626 1798 de
655 1759 805 1798 ratione
833 1758 933 1797 illius
963 1758 1163 1797 Ecclesiae
1189 1757 1366 1808 proprie,
1397 1764 1479 1795 tum
1509 1756 1557 1795 de
1584 1756 1736 1795 ratione
1749 1754 1950 1794 Ecclesiae
1965 1754 2108 1792 Catho-

161 1813 280 1862 licae,
322 1813 430 1862 quod
470 1813 521 1851 ad
558 1825 745 1863 personas
783 1812 937 1863 attinet,
967 1825 1037 1862 per
1062 1811 1282 1862 analogiam
1312 1810 1526 1849 videndum
1555 1818 1627 1848 est.
1671 1809 1771 1848 Cum
1800 1821 1894 1859 ergo
1923 1808 2106 1846 Israelem

159 1867 354 1916 Propheta
380 1865 577 1915 nominat,
606 1874 733 1904 totum
762 1878 905 1916 corpus
934 1865 1134 1904 Ecclesiae
1163 1876 1280 1915 quam
1309 1865 1417 1902 Deus
1447 1871 1529 1902 tum
1554 1864 1723 1902 vocabat
1746 1860 2108 1912 verbo,intelligit:

157 1920 247 1957 cum
275 1926 406 1957 autem
433 1919 556 1958 tribus
583 1919 816 1958 nominatim
845 1919 945 1957 inter
973 1932 1012 1958 se
1041 1918 1242 1957 distinctas
1271 1920 1376 1966 (nam
1405 1917 1446 1955 id
1475 1916 1548 1955 sibi
1577 1917 1659 1955 vult
1681 1929 1728 1954 ex
1743 1916 2021 1953 Hebraeorum
2037 1925 2109 1952 vsu

159 1972 336 2022 repetitio
367 1971 431 2011 illa
465 1972 634 2012 nominis
663 1974 806 2020 tribus,
837 1974 961 2011 tribus
990 1974 1086 2020 lala)
1114 1979 1243 2022 partes
1271 1970 1371 2010 illius
1400 1969 1625 2021 Ecclesiae,
1655 1981 1774 2019 quarn
1804 1975 1928 2007 totam
1957 1967 2108 2006 dixerat

156 2025 308 2064 Israelis
336 2025 515 2075 nomine,
545 2025 780 2076 designauit:
811 2026 846 2064 δι
875 2026 927 2064 ita
955 2025 1116 2075 quidem
1140 2024 1380 2075 designauit,
1411 2031 1449 2062 vt
1478 2024 1578 2062 ordo
1595 2023 1864 2061 membrorum
1879 2021 1918 2059 in
1935 2033 2106 2071 corpore

159 2091 257 2117 voce
293 2078 463 2117 tribuum
503 2080 913 2129 comprehenderetur.
955 2079 1048 2117 Tria
1088 2086 1176 2117 sunt
1211 2077 1327 2128 igitur
1354 2090 1403 2116 ex
1431 2077 1650 2127 Prophetae
1679 2074 1808 2114 verbis
1835 2075 1886 2113 ad
1914 2073 2108 2113 rationem

157 2145 434 2183 personarum,
477 2144 573 2182 quas
614 2134 721 2171 Deus
762 2132 949 2171 informat
984 2132 1024 2170 in
1053 2131 1233 2183 Christo,
1271 2129 1524 2181 pertinentia:
1556 2129 1782 2168 vniuersitas
1809 2129 1916 2167 velut
1944 2139 2107 2178 corpus,

158 2193 286 2236 partes
313 2192 355 2224 vt
384 2187 561 2224 membra
589 2185 766 2236 corporis
795 2186 896 2225 iusto
930 2185 1067 2224 ordine
1096 2185 1194 2223 inter
1222 2198 1262 2223 se
1290 2183 1521 2234 constituta,
1551 2184 1586 2221 ἃ
1614 2181 1826 2233 applicatio
1841 2183 1990 2219 formae
2005 2180 2105 2219 illius

158 2251 277 2288 quam
318 2241 408 2277 ante
449 2239 712 2289 exposuimus,
754 2239 954 2278 Ecclesiae
988 2239 1216 2277 vniuersitas
1253 2237 1291 2275 in
1321 2237 1389 2276 illo
1417 2237 1504 2287 ipso
1534 2244 1628 2286 typo
1659 2248 1778 2286 quem
1804 2235 2001 2285 Propheta
2028 2234 2107 2273 hoc

157 2293 247 2331 loco
288 2291 484 2342 nominat,
526 2293 648 2331 tribus
692 2293 820 2331 modis
860 2291 1026 2343 spectari
1063 2299 1209 2342 potest:
1239 2290 1408 2341 primum
1438 2290 1655 2329 secundum
1683 2289 1877 2327 rationem
1905 2294 2107 2326 externam

156 2345 257 2395 eius,
286 2345 429 2384 deinde
462 2346 676 2384 secundum
704 2346 916 2394 internam,
945 2348 1146 2396 postremo
1175 2351 1306 2383 autcm
1336 2344 1553 2382 secundum
1583 2349 1788 2392 Vtramque
1804 2341 1931 2380 simul.
1964 2341 2109 2379 Secun-

156 2398 250 2437 dum
290 2398 482 2436 rationem
524 2406 724 2438 externam
761 2401 887 2438 solum
930 2400 1052 2437 Israel
1090 2398 1314 2446 dicebatur,
1349 2397 1415 2447 qui
1444 2403 1525 2435 erat
1552 2396 1591 2434 in
1618 2397 1827 2446 propatulo
1856 2394 2044 2445 Iudaeus,
2073 2396 2108 2433 &

155 2451 218 2490 cui
259 2459 340 2490 erat
382 2451 421 2489 in
463 2465 579 2491 carne
622 2452 890 2501 circumcisio,
920 2460 960 2490 vt
989 2451 1097 2490 Pauli
1127 2458 1280 2490 vtamur
1309 2450 1461 2489 verbis:
1505 2449 1732 2488 Secundum
1760 2449 1951 2487 internam
1979 2449 2107 2486 solum

154 2504 306 2543 Israelis
341 2504 499 2543 nornine
537 2505 789 2553 dicebantur,
830 2506 897 2556 qui
932 2505 970 2543 in
1003 2507 1161 2544 occulto
1189 2503 1325 2543 Iudaei
1354 2512 1485 2553 erant,
1516 2505 1552 2542 ἃ
1581 2502 1879 2541 circumcisione
1909 2500 2042 2539 cordis
2069 2500 2110 2539 in

156 2557 292 2608 spiritu
329 2571 375 2596 ac
404 2571 484 2596 non
512 2558 622 2597 litera
649 2559 833 2610 praediti,
862 2571 1030 2609 quorum
1059 2559 1141 2596 laus
1170 2571 1251 2596 non
1278 2571 1326 2596 ex
1353 2556 1578 2595 hominibus
1606 2563 1683 2607 est,
1711 2556 1781 2594 sed
1810 2568 1858 2593 ex
1891 2556 1980 2593 Deo
2008 2553 2109 2605 ipso.

156 2613 275 2649 Rom.
308 2624 342 2649 2.
375 2622 435 2661 25.
468 2625 526 2661 29.
571 2613 797 2651 Secundum
826 2619 1030 2662 Vtramque
1058 2611 1308 2661 dicebantur,
1336 2609 1373 2648 in
1405 2609 1547 2660 quibus
1576 2609 1675 2648 ratio
1706 2609 1855 2647 interna
1884 2609 1920 2647 &
1950 2614 2110 2646 externa

157 2666 307 2702 formae
347 2665 532 2703 diuinitus
574 2665 785 2715 impressae
827 2665 1099 2716 respondebat.
1145 2665 1210 2703 Ad
1254 2676 1355 2714 quae
1393 2663 1525 2701 omnia
1553 2662 1722 2713 respexit
1749 2663 1989 2712 Apostolus,
2017 2661 2109 2699 esim

157 2717 321 2755 diceret:
366 2718 455 2755 Non
498 2731 634 2757 omnes
676 2719 743 2768 qui
778 2726 866 2757 sunt
895 2732 940 2756 ex
969 2719 1133 2765 Israele,
1165 2724 1253 2755 sunt
1281 2718 1421 2762 Israel,
1453 2728 1579 2766 neque
1608 2715 1676 2765 qui
1705 2722 1793 2754 sunt
1822 2727 1954 2754 semen
1983 2715 2109 2752 Abra-

159 2770 287 2822 hami,
316 2783 453 2809 omncs
482 2781 570 2810 sunt
593 2772 682 2824 filij,
714 2774 831 2811 Rom.
863 2786 900 2822 9.
929 2774 965 2810 6.
998 2784 1030 2821 7.
1061 2771 1283 2810 Secundum
1306 2777 1507 2809 externam
1529 2772 1696 2808 formam
1721 2771 1877 2808 fuerunt
1891 2767 2109 2813 Israelitae‚

2009 2833 2109 2871 quos
