2334 3020
776 90 989 119 THESES
1032 90 1460 119 THEOLOGICAE.
2022 90 2093 130 205

154 198 313 249 quidem
358 199 416 237 vel
461 197 540 236 iota
583 211 699 236 vnum
741 211 788 236 ex
826 211 867 236 ea
907 198 954 236 sit
983 199 1298 247 praeteriturum,
1325 197 1418 247 quin
1447 199 1739 247 complemento
1769 209 1839 236 suo
1868 201 1903 236 ἃ
1936 198 2096 236 veritate

154 264 282 290 rerum
324 259 517 301 gestarum
561 257 625 289 aut
660 252 937 302 gerendarum,
977 261 1235 301 aeternaeque
1265 251 1403 289 rationi
1433 251 1519 288 iusti
1547 257 1664 300 atque
1694 250 1821 289 iniusti
1851 252 2095 301 respondeat.

156 306 299 343 Matth.
333 316 368 354 5.
402 307 460 342 18.

212 370 269 406 17.
325 359 427 395 Nam
455 369 555 406 quae
582 357 744 407 figurate
774 356 878 394 dicta
906 364 971 395 aut
1001 359 1102 396 facta
1131 358 1312 408 leguntur
1341 356 1380 395 in
1408 356 1636 407 Scripturis.
1668 369 1713 394 ea
1740 369 1818 394 non
1844 356 2100 394 aduersantur

155 411 304 449 veritati
345 410 584 460 Scripturae:
629 410 716 459 quia
757 422 816 448 res
845 423 958 448 verae
988 423 1069 448 non
1098 411 1223 449 solum
1252 409 1433 460 proprio,
1462 410 1530 448 sed
1559 410 1593 447 &
1624 411 1788 460 figurato
1818 410 2004 459 loquendi
2033 416 2098 447 aut

153 463 294 514 agendi
325 465 445 502 modo
477 463 695 513 verissime,
725 463 835 512 quod
863 465 914 501 ad
943 464 1196 502 substantiam
1226 464 1417 514 ipsarum7
1448 463 1719 501 ostenduntur.

212 519 271 555 18.
326 519 411 555 Imo
443 519 534 555 vere
565 516 627 554 hic
656 517 738 566 ipse
767 517 950 566 figuratus
975 517 1117 555 modus
1145 518 1195 555 ad
1211 517 1532 556 commoditatem
1550 515 1742 566 docendi,
1760 515 2098 565 gratiamffldcm,

153 571 478 619 autoritatemque
508 569 702 608 interdum
734 570 918 608 conducit
948 570 1069 620 magis
1093 570 1307 621 docendis,
1331 569 1590 620 delectandis,
1607 569 1963 619 permouendisque
1977 568 2100 607 homi-

152 623 266 661 nibus
283 653 292 671 a
323 626 440 672 quam
470 622 500 660 si
528 622 709 672 proprius
736 630 801 660 aut
829 622 992 673 simplex
1020 623 1282 662 adhiberetur.

210 690 268 725 19.
323 678 423 714 Nam
455 678 490 714 δε
518 676 557 713 in
586 675 792 725 Scripturis
821 678 1025 714 traduntur
1055 678 1194 724 multa.
1217 689 1383 726 quorum
1399 676 1473 715 alia
1494 687 1694 726 nunquam
1709 674 1780 713 nisi
1796 676 1960 725 figurato
1978 675 2099 712 modo

152 729 295 779 exponi
326 736 510 779 possunt:
540 729 613 767 alia
644 732 735 768 vere
764 730 833 767 etsi
864 737 1072 778 potuerunt
1101 729 1195 777 dici.
1225 737 1354 768 tamen
1385 743 1456 780 pro
1486 729 1636 768 ratione
1666 736 1887 778 temporum
1902 730 1991 766 ante
2008 729 2101 777 figu-

152 785 250 831 rate,
289 787 505 832 posteaque
541 782 701 832 proprie
731 782 808 820 dici
838 783 1027 833 oportuit:
1058 783 1132 821 alia
1162 783 1330 833 denique
1359 784 1583 833 traduntur,
1613 795 1712 833 quae
1740 784 1902 832 figurate
1931 780 2102 831 proponi

153 836 310 885 expedit
339 837 388 873 ad
419 835 626 873 Vtilitatem
657 843 844 873 nostram.

207 902 266 926 20.
322 891 455 926 lustus-
485 896 541 927 est
570 889 792 938 Scripturae
822 901 970 937 sermo,
998 888 1064 938 qui
1093 901 1204 927 suum
1235 889 1374 939 cuique
1403 889 1537 927 tribuit
1563 888 1950 927 conuenientissime:
1970 900 2098 926 rerum

154 942 376 989 veritatem.
405 943 441 980 &
470 941 558 980 iusti
587 949 703 992 atque
735 942 862 981 iniusti
890 942 1080 980 rationem
1110 942 1206 981 iuste
1235 942 1459 980 enuncians.

208 1009 267 1033 21.
325 996 433 1033 Idem
465 1008 623 1045 quoque
652 995 813 1033 omnino
843 1001 997 1033 sauctus
1027 1004 1103 1043 est.
1133 996 1199 1045 qui
1228 995 1323 1033 nihil
1352 997 1533 1045 profane.
1563 998 1721 1045 spurce,
1752 1003 1816 1032 aut
1833 993 2012 1044 turpiter:
2030 995 2098 1032 sed

151 1048 284 1086 omnia
312 1051 466 1092 sancte,
496 1052 531 1087 ἃ
560 1062 619 1087 res
651 1048 765 1087 etiam
796 1048 1034 1097 turpissimas
1063 1051 1227 1098 σεμνῶς,
1257 1050 1441 1098 honeste,
1469 1049 1660 1099 grauiter,
1690 1049 1876 1086 decenter
1905 1047 2100 1086 enunciat.

204 1115 265 1139 22.
322 1103 574 1152 Quapropter
617 1102 736 1140 etiam
768 1101 1079 1151 perfectissimus
1120 1102 1340 1151 Scripturae
1377 1115 1506 1140 sermo
1543 1102 1734 1140 dicendus
1769 1108 1846 1147 est.
1886 1102 1975 1138 cum
2005 1100 2100 1138 nihil

151 1155 314 1193 omnino
345 1155 451 1203 falsi,
482 1155 630 1203 iniusti„
660 1157 695 1193 &
723 1155 877 1204 profani
906 1156 1068 1193 habeat:
1103 1155 1172 1192 sed
1203 1155 1336 1193 omnia
1365 1169 1477 1204 vera,
1507 1155 1626 1205 iusta,
1657 1160 1870 1204 sanctaque
1901 1153 1982 1192 sine
2011 1155 2101 1192 labe

151 1210 228 1246 vlla
265 1209 307 1257 (f.
339 1211 454 1258 1757)
493 1221 559 1246 aut
595 1208 723 1257 specie
761 1208 859 1246 labis
889 1209 1194 1258 complectatur3
1225 1210 1260 1247 δε
1288 1221 1334 1246 ea
1362 1208 1445 1258 ipsa
1477 1209 1608 1247 omnia
1639 1220 1739 1258 quae
1768 1207 1806 1245 in
1836 1221 1877 1246 se
1905 1208 2100 1257 complec-

149 1262 240 1299 titur
279 1261 688 1300 accommodatissime
724 1261 774 1299 ad
804 1274 864 1299 res
892 1261 994 1311 ipsas
1024 1261 1073 1299 de
1102 1260 1243 1310 quibus
1271 1262 1415 1311 agitur,
1444 1263 1479 1299 &
1508 1263 1556 1299 ad
1589 1274 1657 1300 eos
1686 1261 1828 1311 quibus
1856 1259 2100 1298 instituendis

153 1315 354 1364 Scriptura
383 1315 455 1353 fuit
484 1314 645 1365 tradita,
673 1315 865 1353 enunciet.

207 1381 266 1417 23.
324 1368 639 1406 Accommodate
667 1368 716 1405 ad
745 1374 923 1406 naturam
953 1380 1081 1405 rerum
1109 1367 1157 1405 de
1188 1367 1329 1417 quibus
1358 1368 1485 1418 agitur
1513 1367 1750 1417 Scripturam
1779 1366 1887 1416 loqui
1910 1367 2099 1416 dicimus,

152 1429 266 1470 prout
295 1434 354 1459 res
383 1433 561 1471 quaeque
592 1421 782 1470 symbolis
811 1421 1024 1459 verborum
1052 1420 1386 1471 scriptionumque
1404 1421 1547 1471 exponi
1572 1428 1714 1471 potest.
1743 1422 1846 1458 Nam
1865 1422 1954 1458 cum
1973 1420 2098 1458 oratio

151 1482 282 1512 nostra
326 1474 372 1512 sit
408 1486 536 1513 rerum
571 1475 850 1521 humanarum.
894 1473 1152 1522 terrestrium7
1193 1474 1229 1512 &
1262 1475 1559 1525 aspectabilium
1594 1475 1839 1523 symbolumg
1868 1474 1940 1511 hae
1970 1481 2099 1512 autem

152 1541 211 1566 res
239 1527 346 1577 ipsae
376 1528 613 1578 diuinarum,
644 1527 892 1577 caelestium7
922 1530 956 1566 &
985 1527 1241 1577 spiritualium
1270 1528 1513 1577 symbolicae
1536 1529 1628 1567 sint:
1659 1527 1739 1565 fieri
1753 1528 1862 1565 aliter
1878 1540 1957 1565 non
1974 1526 2099 1577 potuit

152 1581 190 1618 in
218 1580 425 1630 Scripturis
453 1580 595 1631 sacris.
625 1581 718 1631 quin
747 1582 884 1619 harum
914 1593 1043 1620 rerum
1072 1581 1261 1630 symbolis
1285 1590 1573 1632 exponerentur
1600 1582 1701 1619 illae.

210 1647 269 1681 24.
326 1636 466 1684 Neque
500 1637 592 1672 vero
622 1634 733 1672 aliter
762 1633 840 1672 dici
871 1642 1104 1684 potuerunt.
1135 1641 1174 1672 vt
1202 1637 1505 1673 accommodate
1536 1634 1650 1673 nobis
1681 1633 1839 1683 (quibus
1870 1633 1932 1671 hic
1968 1647 2098 1672 sermo

152 1688 328 1736 habetur,
358 1687 634 1738 Scripturaque
663 1687 801 1726 tradita
831 1688 915 1736 fuit)
946 1688 1152 1726 diceretur.
1183 1689 1284 1726 Nam
1313 1689 1509 1726 terrestria
1538 1688 1651 1727 nobis
1668 1687 1764 1725 dicit
1780 1688 1906 1725 Deus.
1935 1687 2099 1736 &pauci

152 1740 370 1790 intelligunt
411 1755 474 1786 ea,
520 1742 801 1791 paucioresque
842 1741 1038 1791 accipiunt
1081 1741 1174 1779 fide:
1217 1755 1263 1779 ac
1305 1742 1469 1792 proinde
1510 1755 1571 1781 res
1600 1742 1787 1780 caelestes
1817 1743 1939 1778 multo
1970 1740 2096 1778 minus

155 1794 408 1845 intelligentia
436 1797 470 1833 δι
502 1796 578 1833 fide
606 1808 689 1833 esse
717 1795 961 1845 percepturi,
991 1796 1021 1833 si
1051 1795 1176 1833 dictae
1205 1795 1366 1833 fuissent
1394 1808 1517 1834 secus.
1550 1798 1664 1833 loan.
1696 1807 1731 1843 3.
1767 1808 1824 1831 12.

212 1858 271 1897 25.
326 1850 387 1885 Ac
422 1851 631 1898 propterea
673 1848 801 1887 omnis
844 1847 983 1892 virtus.
1026 1860 1127 1897 quae
1170 1849 1390 1886 orationem
1432 1849 1549 1887 efficit
1577 1847 1815 1886 laudabilem
1844 1848 1938 1884 citra
1967 1848 2097 1884 fucum

154 1905 454 1951 sermonemque
484 1903 677 1939 humanae
704 1901 937 1951 sapientiae,
967 1915 1036 1951 per
1066 1901 1250 1951 Spiritum
1280 1902 1355 1940 Dei
1384 1902 1421 1940 in
1452 1901 1659 1953 Scripturis
1687 1900 1805 1939 sacris
1833 1900 2099 1950 potentissime

156 1962 213 1991 est
242 1954 448 2004 explicata.

212 2012 272 2046 20.
328 2009 407 2045 Res
437 2007 541 2046 enim
572 2021 707 2046 omnes
736 2008 773 2046 in
803 2007 858 2047 eis
888 2015 977 2046 sunt
1004 2008 1204 2058 expositae
1235 2011 1328 2046 κατὰ
1354 2011 1395 2047 τὸ
1421 2012 1678 2060 πρεπέςατον,
1707 2008 1874 2057 grandes
1890 2006 2100 2057 granditer,

157 2061 374 2099 mediocres
404 2061 666 2110 mediocriter.¹
696 2064 730 2100 &
761 2061 877 2100 exiles
906 2061 1066 2111 exiliter,
1095 2075 1232 2100 omnes
1260 2063 1430 2112 denique
1458 2065 1738 2101 conuenienter
1760 2068 1919 2098 naturae
1935 2062 2098 2107 suam&

158 2114 289 2163 captui
316 2115 456 2153 mentis
486 2122 655 2153 nostrae.

212 2179 272 2216 27.
328 2170 373 2205 In
417 2168 552 2218 primis
582 2176 711 2206 autem
754 2182 802 2206 eo
845 2175 994 2206 mentes
1021 2175 1179 2207 nostrae
1210 2169 1529 2208 commodissime
1557 2169 1800 2217 adiuuantur,
1829 2168 1937 2217 quod
1967 2166 2100 2205 omnia

159 2222 281 2270 bene.
311 2222 346 2259 &
377 2221 559 2270 breuiter,
589 2223 623 2260 &
654 2221 860 2272 perspicue
890 2228 978 2260 sunt
1007 2222 1153 2272 scripto
1183 2221 1423 2272 consignata.

213 2277 273 2312 28.
329 2276 457 2324 Bene,
486 2276 546 2313 vel
577 2275 706 2325 potius
736 2275 904 2325 optime:
936 2288 1027 2313 nam
1056 2275 1152 2313 nihil
1181 2275 1331 2314 melius.

213 2341 272 2377 29.
329 2328 522 2366 Breuiter:
551 2341 641 2366 nam
674 2336 730 2366 tot
760 2336 967 2378 tantaeque
997 2342 1056 2367 res
1087 2341 1279 2378 nusquam
1309 2336 1387 2366 tam
1417 2329 1557 2379 exiguo
1587 2335 1816 2379 systemate,
1846 2335 1924 2366 tam
1954 2327 2100 2377 exiguis

158 2380 316 2431 libellis,
348 2389 426 2419 tam
455 2382 630 2431 pauculis
659 2382 788 2420 verbis
819 2389 1005 2431 cunctae,
1038 2390 1104 2420 aut
1131 2381 1306 2432 singulae
1335 2383 1591 2421 declarantur.

208 2447 269 2483 30.
328 2435 550 2485 Perspicue:
580 2447 773 2484 nusquam
804 2435 907 2473 enim
938 2448 996 2474 res
1025 2435 1179 2474 diuinae
1209 2435 1331 2485 magis
1362 2439 1442 2473 κατ’
1479 2436 1691 2486 ,ἱ’νθρωπον,
1721 2437 1906 2473 caelestes
1929 2434 2098 2472 terrestri

157 2487 299 2537 modo,
345 2488 561 2538 spirituales
589 2489 893 2527 accommodato
923 2490 1039 2527 rebus
1067 2488 1287 2539 corporeis,
1317 2488 1488 2526 infinitae
1519 2488 1821 2538 elrcumscriptis
1848 2487 1994 2533 verbis„
2022 2501 2101 2525 am-

154 2540 350 2590 plissimae
390 2541 659 2591 maximaeque
696 2542 872 2592 pauculis
910 2542 1329 2593 comprehensionibus
1360 2543 1514 2580 fuerunt
1551 2542 1713 2580 traditae
1742 2554 1788 2579 ex
1818 2553 1946 2581 rerum
1977 2541 2099 2591 ‹ligni-

154 2601 233 2632 tate
261 2596 296 2632 &
326 2594 488 2633 utilitate
518 2604 663 2633 nostra.

206 2660 268 2696 3¹·
324 2649 427 2686 Vere
467 2648 583 2698 igitur
625 2648 797 2686 diuinam
834 2649 1054 2699 Scripturac
1092 2650 1258 2687 formam
1297 2648 1570 2687 concludimus
1608 2649 1643 2686 &
1680 2651 1703 2686 a
1733 2650 1819 2686 solo
1850 2648 1921 2686 Dei
1951 2647 2095 2698 Spiritu

160 2711 275 2750 supra
313 2704 429 2749 quam
460 2701 535 2739 ‹lici
565 2710 628 2739 aut
660 2702 822 2752 cogitari
852 2712 933 2740 arte
962 2703 1131 2740 humana
1169 2702 1290 2752 possit
1318 2701 1586 2740 informatam:
1616 2714 1715 2751 quae
1744 2702 1844 2740 intus
1874 2700 2097 2748 veritatem,

168 2753 371 2804 iustitiam,
401 2755 642 2793 sanctitatem
672 2756 808 2805 habet,
836 2758 940 2793 velut
967 2757 1017 2794 ab
1046 2755 1113 2793 illo
1145 2764 1303 2793 aeterno
1334 2755 1471 2805 Spiritu
1499 2756 1727 2806 animatam3
1756 2755 1849 2793 foris
1873 2754 2099 2805 dignitatem

1905 2820 2098 2846 summam
