2334 3020
249 78 295 114 82
883 79 949 105 DE
992 77 1138 104 VERA
1179 75 1534 103 THEOLOGIA.

249 203 380 240 causa,
408 189 622 227 Ecclesiam
650 186 904 223 vniuersalem
932 183 1153 221 consideret
1179 183 1378 231 absolute,
1410 189 1475 219 aut
1502 194 1588 220 eam
1617 192 1707 219 cum
1731 181 1878 219 mundo
1894 181 2042 231 reliquo
2059 196 2165 221 com-

248 250 376 294 paret,
418 249 482 279 aut
509 240 539 277 si
567 239 651 288 quis
678 245 802 276 totam
830 237 1030 274 veritatem
1059 235 1231 272 diuinam
1257 241 1389 272 nostra
1416 235 1491 272 hac
1518 234 1735 283 Theologia
1763 246 1983 283 expressam
2007 236 2166 273 seorsim

247 298 285 334 in
313 308 354 333 se
381 294 471 332 velit
497 292 737 341 expendere,
766 290 828 327 vel
857 300 945 326 cum
973 287 1133 325 veritate
1160 292 1320 324 naturae
1347 294 1504 324 nostrae
1532 287 1583 324 ad
1609 287 1666 324 sui
1688 286 1967 324 institutionem
1985 289 2166 337 &ampli-

247 348 466 386 ficationem
503 344 656 389 diuinae
695 343 838 392 gratiae
867 340 1121 378 committere.
1150 341 1321 376 Rursum
1347 341 1440 377 vero
1470 339 1550 377 eius
1577 339 1694 388 ipsius
1722 339 1794 389 rei,
1823 339 1930 377 cuius
1945 339 1983 377 in
1999 340 2166 378 solidum

245 399 510 438 consideratur
550 396 710 446 veritas,
751 401 879 444 partes
920 393 1062 430 eodem
1103 392 1224 429 modo
1266 391 1379 429 nobis
1414 399 1681 442 exponuntur,
1718 394 1753 430 δι
1782 392 1978 442 expositae
2005 406 2028 430 a
2054 393 2168 431 nobis

246 454 512 502 explorantur,
554 456 740 498 tanquam
776 447 807 484 si
838 456 1094 494 vnaquaeque
1121 444 1237 482 totius
1266 457 1354 493 pars
1381 451 1507 482 totum
1536 444 1698 493 aliquod
1724 457 1794 494 per
1826 458 1866 482 se
1896 446 2165 483 constitueret:

246 504 579 555 quemadmodum
615 502 645 539 si
673 501 757 550 quis
786 499 1002 537 Ecclesiam
1032 497 1325 535 Corinthiorum
1355 503 1420 534 aut
1448 497 1774 548 Philippensium,
1803 504 1868 535 aut
1895 498 2008 535 aliam
2037 510 2168 547 quam-

244 559 337 596 libet
364 557 404 595 in
430 554 648 606 particulari
675 556 730 602 (vt
756 552 984 602 loquuntur)
1013 549 1336 588 considerandam
1364 550 1586 599 susciperet.
1611 550 1709 588 Cum
1724 557 1853 587 autem
1869 551 2053 600 partium,
2069 563 2168 600 quae

246 610 540 649 considerantur
568 608 765 645 intellectu
792 612 947 654 nostr0,
975 602 1215 652 comparatio
1244 603 1311 639 fiat
1338 603 1636 652 exploreturque
1663 605 1687 640 a
1715 603 1830 640 nobis
1853 603 1952 641 inter
1973 616 2013 641 se
2035 616 2168 641 secun-

246 664 339 701 dum
381 663 569 700 rationem
609 659 726 697 totius
759 658 878 708 vnici,
913 662 978 694 aut
1006 656 1123 694 etiam
1157 656 1422 705 diuersorum,
1452 657 1659 705 propterea
1686 656 1824 693 harum
1852 668 2010 706 quoque
2039 668 2168 694 rerum

244 717 343 754 inter
379 728 419 753 se
454 712 805 763 comparandarum
841 709 979 748 veritas
1007 709 1182 758 iustaque
1209 708 1306 746 ratio
1334 708 1553 758 Theologia
1582 708 1719 746 eadem
1748 708 1982 758 ostenditur,
2007 722 2055 747 ne
2085 709 2169 758 quis

245 772 268 807 a
309 768 468 807 veritate
510 766 662 815 diuina,
694 776 795 814 quae
823 765 906 802 sola
933 762 1106 800 salutaris
1134 768 1190 799 est
1217 774 1264 798 ac
1291 767 1396 798 certa
1424 762 1586 811 veritas,
1614 761 1794 799 aberrare
1821 762 1955 811 possit.
1984 763 2170 811 quemad-

248 822 407 859 modum
435 820 466 858 si
493 819 597 869 quis,
625 818 733 856 verbi
760 817 899 867 gratia,
926 815 1160 853 beneficium
1190 813 1394 852 creationis
1423 826 1513 852 cum
1541 813 1787 864 prouidentia
1814 815 1852 852 in
1868 822 2005 853 natura
2019 826 2168 863 rerum,

245 881 310 912 aut
337 871 528 911 beneficia
555 871 743 909 naturalia
771 882 860 908 cum
887 867 1084 907 beneficiis
1112 873 1135 905 a
1161 867 1283 916 gratia
1311 866 1668 916 profisciscentibus
1695 873 1913 917 comparet,
1942 868 1992 905 ad
2017 867 2195 922 inuesti—,3

244 927 412 977 gandam
454 928 489 963 ἃ
530 924 813 974 assequendam
857 921 978 971 magis
1008 921 1208 970 magisque
1235 920 1449 957 veritatem.
1479 920 1607 958 Huius
1634 926 1762 957 autem
1795 920 1962 958 veritatis
1990 920 2171 958 diuinitus

245 992 446 1029 expressae
486 977 526 1015 in
554 976 773 1026 Theologia
813 981 966 1024 nostra,
1008 981 1113 1012 certa
1139 973 1332 1022 quaedam
1360 973 1544 1011 attributa
1571 979 1678 1022 sunt,
1708 984 1808 1021 quae
1835 973 1991 1022 proprie
2018 973 2056 1011 in
2087 973 2170 1022 ipsa

246 1031 465 1082 obsignauit
500 1032 625 1079 Deus,
654 1037 695 1068 vt
722 1042 807 1067 eam
835 1030 858 1065 a
885 1027 1083 1066 consortio
1112 1026 1283 1074 reliquae
1311 1025 1500 1076 veritatis,
1529 1037 1628 1075 quae
1656 1026 1695 1063 in
1722 1033 1859 1063 natura
1886 1037 2013 1064 rerum
2040 1027 2169 1064 obser-

246 1092 378 1135 uatur,
405 1083 670 1134 potentissime
698 1082 924 1120 vindicaret.
953 1080 1035 1118 Etsi
1062 1082 1156 1117 vero
1184 1078 1290 1116 istius
1317 1078 1468 1128 generis
1496 1090 1614 1128 quam
1641 1078 1807 1128 plurima
1829 1078 1969 1116 adferri
1992 1086 2172 1128 possunt,

245 1150 292 1176 ex
334 1137 387 1175 eis
425 1143 579 1184 tamem
596 1135 803 1185 praecipua
846 1134 1037 1183 quaedam
1073 1134 1108 1170 δι
1145 1143 1296 1169 summa
1333 1131 1460 1181 capita
1491 1144 1562 1169 vna
1589 1139 1656 1170 aut
1683 1132 1801 1169 altera
1829 1132 1863 1169 T
1866 1131 1948 1169 hesi
1974 1132 2170 1181 complexi

245 1201 395 1241 sumus,
424 1203 471 1228 ex
499 1189 639 1239 quibus
666 1188 752 1238 piae
779 1190 814 1226 &
843 1187 1053 1236 prudentes
1081 1184 1233 1222 animae
1263 1184 1337 1222 alia
1364 1185 1404 1222 id
1433 1196 1574 1235 genus,
1603 1185 1633 1222 si
1661 1195 1737 1233 qua
1766 1190 1874 1234 sunt,
1903 1197 1950 1222 ex
1976 1184 2052 1222 Dei
2079 1185 2171 1222 doc-

244 1243 345 1281 trina
384 1243 566 1292 perfacile
606 1247 869 1290 assequentur.
912 1239 976 1277 Sic
1018 1238 1120 1276 enim
1161 1237 1361 1275 statuimus
1402 1238 1552 1287 pauciS,
1590 1239 1698 1275 Thes.
1728 1248 1839 1274 XXVI.
1881 1239 1994 1274 Haec
2021 1239 2171 1275 Veritas

245 1302 397 1346 sancta,
426 1298 548 1345 iusta,
577 1301 689 1344 atque
706 1293 888 1345 perfecta
916 1298 990 1342 est,
1017 1293 1155 1342 quippe
1181 1303 1279 1339 qaae
1308 1291 1410 1327 nillil
1421 1291 1614 1341 profani,
1644 1291 1795 1340 iniusti,
1823 1290 2170 1340 impetfectidocet,

246 1350 411 1398 nihilque
438 1349 577 1398 sancti,
605 1349 715 1398 iusti,
733 1346 905 1398 perfecti
930 1359 1004 1382 non
1034 1345 1154 1393 docet,
1182 1349 1224 1381 vt
1247 1345 1303 1380 ad
1325 1345 1612 1381 saszctz'mom'mn
1643 1345 1682 1380 in
1711 1343 1836 1393 nobis,
1864 1344 2046 1381 iustitiam
2074 1356 2171 1391 erga

246 1415 388 1452 omnes,
419 1402 468 1439 ἐφ’
485 1402 765 1452 perfectionem
785 1406 865 1450 per
892 1399 1019 1436 omnia
1048 1410 1161 1446 quam
1181 1396 1462 1447 pmfesstissime
1489 1398 1724 1444 dz'rzgramur.

296 1454 369 1492 His
396 1454 530 1504 paucis
558 1453 684 1492 verbis
712 1451 934 1490 essentiales
955 1449 1104 1499 aliquot
1123 1449 1378 1499 proprietates
1393 1448 1545 1487 diuinae
1560 1448 1728 1486 veritatis
1743 1447 1867 1486 visum
1882 1454 1940 1486 est
1953 1461 2172 1498 exponere,

243 1514 451 1556 antequam
479 1507 529 1545 de
555 1506 759 1544 virtutibus
787 1504 961 1543 eiusdem
988 1501 1158 1540 veritatis
1180 1500 1319 1539 exinde
1340 1502 1669 1550 consequentibus
1684 1501 1911 1551 diceremus,
1927 1502 2035 1551 quod
2050 1501 2167 1539 Thesi

242 1561 417 1609 proxime
461 1566 646 1609 sequente
685 1557 824 1596 facturi
865 1568 1008 1595 sumus
1040 1554 1111 1592 tria
1149 1554 1265 1604 igitur
1292 1554 1477 1592 attributa
1504 1561 1616 1604 sunt,
1646 1567 1746 1603 quae
1774 1554 1823 1592 de
1855 1554 2014 1592 veritate
2040 1555 2117 1591 hac
2144 1557 2168 1591 a

241 1612 355 1651 nobis
382 1611 677 1662 praedicantur:
706 1611 888 1649 nimirum
916 1608 1023 1659 quod
1050 1613 1203 1657 sancta,
1231 1609 1349 1658 iusta,
1378 1613 1490 1656 atque
1511 1608 1684 1657 perfecta
1701 1613 1768 1645 est.
1798 1607 1953 1645 Etenim
1977 1606 2008 1644 si
2022 1614 2168 1645 rectam

240 1665 400 1703 alicuius
444 1665 645 1704 doctrinae
675 1663 994 1703 constitutionem
1022 1663 1125 1699 recte
1153 1659 1322 1710 placebit
1351 1662 1574 1709 explorare,
1601 1659 1764 1699 omnino
1793 1660 1864 1697 tria
1891 1661 1988 1698 haec
2016 1666 2171 1709 oportet

241 1718 463 1756 obseruari:
493 1720 647 1769 Vnum,
675 1725 717 1756 vt
743 1717 783 1755 in
811 1729 851 1754 se
877 1717 984 1754 bona
1011 1714 1082 1752 sit:
1112 1715 1311 1763 Alterum,
1339 1720 1379 1751 vt
1410 1726 1500 1762 erga
1526 1713 1647 1751 alios:
1676 1712 1871 1762 Tertium,
1901 1719 1941 1750 vt
1955 1725 2025 1762 per
2040 1712 2171 1751 omnia

241 1771 288 1809 sit
314 1772 433 1810 bona.
461 1772 564 1809 Nam
592 1771 623 1808 si
652 1770 745 1820 quid
772 1771 913 1808 horum
943 1765 1223 1806 desiderabitur
1248 1765 1288 1803 in
1316 1765 1494 1804 doctrina
1520 1767 1616 1816 vlla,
1647 1778 1728 1804 non
1756 1772 1883 1815 potest
1904 1765 2042 1804 merito
2066 1771 2172 1803 recta

241 1823 488 1873 pronunciari
514 1824 614 1862 illius
642 1821 880 1862 constitutio.
907 1821 971 1859 Ad
998 1821 1097 1857 haec
1124 1818 1239 1869 igitur
1266 1818 1395 1857 officia
1417 1818 1682 1868 respicientes,
1699 1819 1865 1857 totidem
1880 1818 2064 1856 attributa
2077 1818 2171 1856 veri-

241 1877 309 1914 tati
337 1877 490 1915 diuinae
518 1877 799 1926 arrogauimus,
829 1886 949 1925 quum
978 1886 1065 1911 eam
1092 1878 1267 1910 sanctam
1294 1872 1332 1909 in
1361 1884 1464 1923 sese,
1492 1873 1631 1910 iustam
1659 1884 1750 1922 erga
1777 1884 1932 1922 omneS,
1960 1874 1995 1909 ἃ
2023 1872 2171 1921 perfec-

240 1935 321 1967 tam
349 1942 431 1968 esse
458 1942 527 1979 per
554 1930 685 1968 omnia
714 1930 942 1967 diceremus.
972 1925 1128 1964 Etenim
1155 1924 1246 1975 quid
1275 1931 1473 1972 sanctum,
1503 1925 1666 1975 iustvm,
1695 1927 1730 1963 δι
1762 1925 1978 1974 perfectum
2001 1924 2041 1962 in
2056 1924 2170 1962 rebus

239 1982 417 2021 humanis
444 1989 510 2020 aut
537 1983 673 2021 creatis
700 1982 785 2020 vllis
812 1979 995 2019 affirmari
1021 1984 1172 2029 posset,
1199 1979 1385 2028 obsecro,
1415 1990 1507 2027 prae
1534 1978 1598 2015 illa
1626 1978 1802 2028 veritate,
1832 1988 1932 2027 quae
1959 1980 1982 2015 a
2010 1978 2170 2027 Deo,&

240 2035 452 2073 secundum
480 2037 608 2073 Deum
637 2033 716 2073 est?
745 2048 835 2073 nam
863 2034 943 2071 siue
970 2032 1222 2080 archetypam
1250 2031 1452 2068 veritatem
1480 2037 1650 2081 spectes,
1679 2032 1766 2068 fons
1794 2037 1851 2068 est
1864 2030 2044 2080 perennis
2059 2042 2171 2067 sanc-

237 2086 439 2138 timoniae,
480 2088 829 2137 perfectionisque:
871 2086 951 2124 siue
993 2084 1323 2123 communicatam
1364 2084 1468 2122 illam
1509 2086 1532 2120 a
1566 2084 1653 2121 Deo
1688 2083 1890 2122 veritatem
1924 2085 1959 2121 δε
1997 2084 2169 2121 humano

239 2140 371 2190 generi
399 2140 635 2191 expositam,
665 2140 947 2179 sanctissimum
977 2145 1054 2188 est,
1082 2136 1351 2187 iustissimum,
1380 2137 1416 2173 δε
1442 2136 1762 2186 perfectissimum
1786 2139 1843 2186 (vt
1857 2148 1946 2174 cum
1961 2136 2170 2174 artificibus

237 2194 389 2242 loquar)
431 2195 630 2232 castellum
671 2193 789 2232 fontis
830 2192 952 2242 illius,
993 2190 1074 2229 siue
1115 2190 1439 2239 conceptaculum
1480 2190 1515 2226 &
1545 2196 1662 2239 caput
1689 2201 1813 2239 aquae
1842 2189 2037 2240 salutaris,
2064 2188 2169 2227 vnde

236 2245 458 2284 hauriamus
492 2259 628 2284 omnes
656 2245 956 2295 sanctimoniae,
984 2243 1168 2293 iustitiae,
1200 2241 1526 2292 perfectionisque
1555 2241 1774 2280 doctrinam
1804 2242 2077 2292 certissimam,
2107 2241 2170 2279 cui

236 2310 309 2336 nos
350 2298 528 2348 religiose
569 2301 878 2348 conformemus,
921 2303 1188 2346 exspectantes
1229 2295 1446 2346 praemium
1486 2295 1577 2333 fidei
1617 2302 1793 2345 nostrae,
1832 2295 1873 2333 id
1900 2301 1978 2343 est,
2006 2296 2169 2333 salutem

236 2351 453 2389 animarum
481 2358 715 2391 nostrarum.
748 2366 763 2389 1
794 2353 902 2389 Petr.
937 2364 968 2388 1.
998 2364 1035 2400 9.
1062 2351 1220 2387 Horum
1249 2350 1340 2387 vero
1368 2348 1662 2397 attributorum,
1689 2360 1789 2397 quae
1817 2348 1899 2386 iure
1921 2347 2167 2385 meritissimo

235 2403 385 2442 veritati
425 2403 578 2442 diuinae
618 2405 842 2455 tribuimus,
869 2404 1009 2441 modus
1037 2405 1061 2440 a
1087 2401 1202 2440 nobis
1231 2400 1438 2451 dupliciter
1465 2400 1703 2447 ostenditur,
1739 2402 1774 2438 δε
1802 2399 2166 2450 comprehenditur,

234 2459 376 2506 nempe
404 2456 640 2507 substantia,
669 2458 704 2494 ἃ
732 2459 872 2495 effectu
901 2455 1071 2494 veritatis
1098 2454 1209 2493 iltius.
1242 2455 1307 2492 Ad
1330 2453 1585 2491 substantiam
1601 2453 1753 2491 diuinae
1768 2453 1938 2491 veritatis
1954 2453 2168 2492 secundum

233 2509 330 2546 haec
357 2509 540 2548 attributa
554 2509 653 2547 inter
668 2511 710 2559 (f.
731 2512 844 2557 1407)
859 2509 1037 2547 homines
1054 2507 1399 2546 demonstrandam
1414 2507 1494 2544 duo
1509 2512 1598 2544 sunt
1614 2518 1730 2556 opus:
1760 2509 1894 2544 Vnum
1908 2505 2095 2556 quicquid
2109 2505 2168 2542 his

233 2562 423 2599 attributis
448 2563 691 2613 aduersatur,
717 2564 830 2612 plane
858 2560 1069 2600 remoueri:
1094 2561 1290 2609 Alterum,
1312 2559 1496 2608 quicquid
1511 2559 1558 2596 de
1576 2560 1724 2597 ratione
1737 2560 1879 2597 horum
1893 2567 1950 2597 est
1967 2559 2167 2596 attributo-

233 2625 332 2663 rum,
360 2614 400 2652 id
428 2615 478 2652 de
504 2615 664 2653 veritate
691 2615 822 2652 diuina
849 2616 963 2663 plane
979 2612 1212 2652 confirmari.
1240 2613 1348 2650 Prius
1363 2612 1422 2649 his
1436 2612 1564 2650 verbis
1581 2613 1849 2662 expressimus,
1864 2613 1996 2649 diuina
2010 2612 2169 2650 veritate

233 2667 333 2703 m'lzil
347 2669 572 2717 prophani,
600 2670 751 2717 iniusti,
782 2669 831 2705 &⁵
857 2667 1069 2716 z'nfficrfecti
1093 2667 1243 2704 doceri:
1272 2665 1464 2715 posterius
1492 2664 1583 2714 illis,
1612 2667 1713 2702 nillil
1734 2667 1860 2703 sancti
1879 2666 1971 2702 insti
1974 2663 2166 2715 perfecti,

233 2719 340 2768 quod
368 2720 525 2768 quidem
550 2721 596 2758 sit
619 2721 799 2757 διδακτὸν
828 2723 890 2757 καὶ
920 2720 1110 2767 μαθητὸν,
1136 2718 1176 2756 id
1205 2724 1280 2769 est,
1305 2718 1413 2766 quod
1428 2718 1582 2768 doceri,
1598 2718 1711 2767 disci,
1727 2725 1842 2767 atque
1857 2717 1945 2755 sciri
1959 2717 2101 2767 possit,
2121 2728 2168 2753 ea

2092 2781 2167 2806 non
