2334 3020
318 119 394 165 406
1025 125 1292 153 EIRENICI
1334 125 1477 152 PARS
1516 125 1542 151 1.

317 247 357 272 se
395 245 651 282 quaecunque
687 240 775 270 sunt
802 244 899 282 opus
927 233 978 270 ad
1008 234 1169 271 salutem
1197 240 1390 282 nostram,
1429 239 1511 270 tum
1539 232 1753 281 posteriore
1781 232 1847 270 illo
1877 232 2244 281 exoptatissimoque

318 288 509 333 aduentu,
539 298 617 335 quo
647 286 779 324 onmia
807 285 845 323 in
874 285 989 324 nobis
1017 292 1355 324 consummaturus
1384 292 1462 334 est,
1489 292 1530 322 vt
1558 284 1605 322 sit
1633 286 1739 322 Deus
1769 284 1900 323 omnia
1927 284 1966 322 in
1995 285 2190 323 omnibus.

368 341 458 377 Hac
496 339 608 389 igitur
637 338 845 377 occasione
874 338 1058 377 diuinitus
1086 338 1159 376 sibi
1186 339 1318 376 oblata
1344 338 1475 376 Dauid
1502 338 1553 375 ad
1581 338 1799 376 canendum
1827 339 1931 375 hunc
1959 339 2172 388 psalmum,
2209 339 2244 377 &

317 392 549 430 tradendum
578 392 779 430 Ecclesiae
807 392 1021 442 productus
1051 398 1119 430 est.
1150 392 1261 440 Quae
1289 390 1445 429 occasio
1474 390 1545 428 etsi
1572 390 1631 429 his
1658 390 1899 440 temporibus
1926 389 2067 428 vltimis
2095 390 2135 428 in
2149 397 2244 441 typo

314 444 472 483 minime
500 452 740 495 perseuerat,
769 444 932 484 omnino
960 451 1090 483 tamen
1117 445 1158 482 in
1190 443 1245 482 rei
1273 443 1433 482 veritate
1449 443 1632 492 perdurat
1647 442 1968 482 constantissime.
1996 444 2245 493 Quapropter

315 498 487 547 aequitas
516 499 705 547 postulat,
734 500 769 536 &
795 497 903 536 iubet
930 497 1074 548 pietas,
1104 499 1140 536 δε
1168 497 1274 546 cogit
1301 495 1531 546 necessitas,
1561 503 1603 534 vt
1631 498 1725 535 dum
1753 498 1936 534 aberrans
1960 498 1983 534 a
2006 498 2243 546 contempla-

315 550 421 588 tione
454 551 566 589 huius
602 550 867 589 sanctissimae
901 550 1118 589 occasionis
1155 550 1326 588 Mundus
1361 549 1451 587 furit
1486 549 1525 587 in
1564 561 1633 587 sua
1666 549 1784 599 ipsius
1811 550 1977 598 viscera,
2013 549 2064 587 ad
2090 560 2245 588 sensum

317 603 436 653 illius,
478 603 738 653 agnitionem,
775 617 971 654 amorem,
1001 605 1036 642 &
1065 603 1234 642 studium
1263 609 1521 653 prouocetur:
1559 604 1594 641 &
1622 615 1759 641 omnes
1787 601 1872 651 pios
1899 602 1974 640 Dei
2001 601 2245 640 administros

317 658 367 695 ad
394 669 477 694 rem
508 658 610 695 hanc
638 658 869 695 adlaborare
899 669 1060 695 necesse
1088 664 1165 707 est,
1194 658 1315 694 fretos
1345 655 1451 693 certa
1479 655 1748 705 expectatione
1778 654 1955 693 caelestis
1983 662 2246 705 paternaeque

318 709 622 759 benedictionis,
652 709 683 748 si
711 710 750 748 in
776 711 855 748 hoc
883 721 981 759 opus
1009 709 1048 748 in
1077 710 1153 748 fide
1181 708 1438 747 incubuerint.

369 765 451 801 Iam
481 764 530 801 de
559 762 631 801 illis
662 763 812 801 duabus
839 762 1012 813 partibus
1043 775 1139 812 quas
1167 764 1256 800 ante
1284 761 1507 812 statuimus,
1537 760 1692 800 Gaudio
1721 760 1880 810 inquam
1909 762 1944 799 &
1962 762 2063 798 Pace
2079 759 2247 812 piorum,

316 815 529 854 videndum
559 823 626 854 est.
657 815 856 854 Gaudium
885 827 1017 865 suum,
1047 827 1126 865 quo
1155 815 1241 865 pius
1269 814 1512 865 perfunditur
1534 813 1573 852 in
1591 813 1726 864 spiritu
1741 814 1838 864 Dei,
1866 813 2025 864 exponit
2039 814 2248 864 Propheta,

317 871 406 907 cum
436 870 471 906 &
499 868 746 908 affectionem
774 880 883 907 suam
909 876 1055 918 narrat,
1094 871 1129 907 &
1158 880 1293 906 causas
1320 867 1432 906 illius.
1463 867 1723 906 Affectionem
1750 867 1937 917 proponit
1965 866 2080 905 vnico
2105 867 2248 916 verbo,

318 924 465 961 Laetor
493 922 574 960 siue
602 924 766 961 laetatus
793 936 890 960 sum.
919 923 1065 960 Causas
1092 924 1186 961 vero
1215 920 1405 971 percurrit
1432 920 1695 970 sequentibus.

372 977 464 1014 Non
493 977 638 1013 temere
667 981 794 1013 autem
823 977 847 1013 a
872 975 1111 1025 professione
1139 986 1231 1013 suae
1258 973 1358 1012 illius
1380 973 1544 1012 laetitiae
1560 973 1640 1011 siue
1653 972 1780 1024 gaudij
1798 974 1993 1023 Propheta
2007 983 2165 1010 exorsus
2180 978 2250 1012 est.

318 1030 418 1067 Nam
448 1027 636 1078 plurimae
663 1030 752 1066 ante
780 1029 875 1066 illud
903 1035 1055 1078 tempus
1084 1027 1322 1066 calamitates
1350 1028 1540 1077 populum
1557 1027 1632 1064 Dei
1647 1033 1915 1075 peruaserant:
1944 1036 2071 1074 neque
2087 1024 2248 1063 dubium

319 1090 396 1131 est,
434 1081 526 1131 quin
564 1094 611 1120 eo
646 1081 731 1131 ipso
766 1088 944 1131 tempore
981 1082 1110 1120 adhuc
1143 1086 1347 1118 manarent
1380 1082 1512 1118 vlcera
1538 1079 1730 1118 tristitiam
1758 1078 1874 1118 bonis
1900 1077 2135 1126 adferentia,
2169 1078 2250 1116 siue

317 1136 368 1173 ad
395 1134 563 1173 internas
591 1134 795 1173 hominum
822 1134 1080 1183 infirmitates,
1109 1134 1190 1172 siue
1218 1134 1269 1172 ad
1298 1134 1399 1172 mala
1426 1132 1520 1171 foris
1547 1132 1775 1171 accedentia
1789 1131 2036 1181 respicerent.
2065 1131 2143 1169 Sed
2158 1132 2249 1169 cum

320 1189 516 1237 Propheta
547 1188 689 1226 horum
728 1187 903 1226 omnium
940 1189 1133 1225 malorum
1170 1186 1298 1226 sensui
1326 1185 1491 1237 opponit
1518 1185 1725 1235 gaudium,
1762 1198 1809 1224 eo
1838 1184 1922 1234 ipso
1952 1185 2067 1222 docet
2097 1184 2250 1222 euiden-

320 1240 465 1280 tissime
503 1242 623 1290 quam
651 1243 741 1279 vere
771 1240 818 1279 sit
845 1243 868 1278 a
894 1240 1024 1280 Tullio
1053 1240 1224 1290 dictum,
1258 1239 1345 1278 Lib.
1376 1253 1412 1289 3.
1443 1240 1492 1277 de
1519 1239 1686 1289 legibus,
1723 1237 1897 1287 iniquam
1925 1250 2010 1275 esse
2037 1236 2251 1287 praeteritis

319 1294 434 1333 bonis
462 1295 655 1332 malorum
685 1293 1040 1332 enumerationem:
1067 1305 1166 1344 quae
1196 1306 1256 1332 res
1271 1291 1529 1331 etsianatura
1544 1299 1622 1342 est,
1651 1291 1860 1341 plurimum
1876 1297 2006 1329 tamen
2021 1289 2252 1340 ignorantia,

320 1347 561 1397 infirmitate,
595 1349 630 1386 &
668 1346 773 1396 sin(f.
803 1346 1098 1397 686)gularibus
1126 1345 1325 1384 nostribus
1352 1345 1487 1384 studiis
1516 1352 1774 1395 oppugnatur.
1815 1345 1918 1381 Nam
1945 1342 2253 1393 quotusquisque

321 1408 398 1449 est,
429 1402 618 1447 obsecro,
660 1399 727 1449 qui
754 1408 916 1451 urgente
942 1413 1022 1438 vno
1051 1399 1182 1449 aliquo
1212 1400 1317 1437 malo
1345 1411 1426 1437 non
1455 1401 1503 1437 eo
1532 1398 1743 1447 abripiatur
1772 1397 1920 1446 statim,
1949 1396 2110 1446 perinde
2138 1403 2253 1445 atque

322 1454 353 1492 si
382 1453 514 1492 omnia
542 1455 648 1491 bona
675 1453 895 1491 interuentu
922 1453 1035 1492 vnius
1063 1452 1156 1490 mali
1184 1448 1468 1491 concidissent?
1496 1453 1550 1489 Vt
1570 1464 1663 1501 ergo
1679 1464 1726 1489 ex
1740 1451 1843 1488 malo
1859 1449 2008 1488 tristitia
2023 1448 2253 1499 concipitur,

323 1506 378 1545 sic
413 1520 461 1545 ex
487 1506 602 1544 bonis
631 1506 931 1544 delectationem
959 1508 994 1544 &
1022 1506 1226 1556 gaudium,
1263 1504 1442 1554 quamuis
1469 1505 1508 1543 in
1535 1506 1639 1543 malo
1669 1502 2001 1554 praesentissimo,
2030 1508 2253 1541 constanter

322 1563 344 1598 a
372 1559 443 1609 piis
471 1559 592 1597 teneri
619 1572 777 1598 necesse
805 1565 874 1597 est.
905 1570 1022 1609 quam
1050 1559 1129 1598 vim
1158 1559 1189 1597 si
1216 1565 1376 1596 naturae
1403 1557 1586 1596 instinctu
1614 1556 1804 1607 pecudes,
1833 1558 1869 1594 &
1896 1555 2055 1594 rationis
2082 1557 2169 1593 luce
2184 1555 2252 1593 ho-

323 1613 465 1662 mines,
494 1612 609 1650 etiam
637 1614 661 1650 a
688 1614 775 1651 Deo
798 1612 932 1663 alieni,
959 1612 1142 1650 omnibus
1158 1611 1296 1651 seculis
1312 1612 1582 1649 ostenderunt:
1612 1609 1834 1660 indignum,
1863 1616 1993 1659 turpe,
2020 1607 2254 1658 flagitiosum

323 1674 401 1712 est.⁸
429 1665 630 1704 hominem
659 1665 923 1704 Christianum
952 1664 1073 1703 diuini
1098 1664 1251 1715 spiritus
1279 1663 1419 1703 virtute
1448 1666 1483 1702 ἃ
1510 1662 1682 1702 veritatis
1696 1664 1782 1700 luce
1798 1662 2091 1709 circumfusum,
2119 1662 2159 1700 in
2174 1673 2252 1699 vno

322 1727 388 1758 aut
424 1721 546 1757 altero
585 1718 677 1756 mali
712 1718 972 1768 impendentis
1006 1730 1141 1767 sensu,
1178 1716 1292 1756 exuta
1328 1718 1524 1755 bonorum
1558 1728 1658 1765 quae
1685 1727 1835 1754 summa
1863 1718 1898 1754 &
1925 1714 2090 1765 plurima
2116 1716 2140 1752 a
2167 1715 2254 1752 Deo

323 1772 485 1817 obtinet,
514 1771 753 1810 conscientia
781 1772 1022 1810 mollescere.
1057 1773 1170 1809 Haec
1198 1769 1312 1820 igitur
1339 1769 1403 1808 illa
1431 1769 1488 1808 vis
1519 1776 1592 1817 est,
1622 1780 1699 1818 qua
1728 1767 1989 1806 sanctissimus
2018 1767 2095 1805 Dei
2122 1778 2255 1805 seruus

321 1825 526 1876 praeterita
553 1824 849 1874 praesentiaque
876 1824 1012 1874 populi
1041 1825 1142 1862 mala
1170 1836 1240 1873 per
1267 1823 1384 1861 fidem
1412 1824 1666 1872 superuolans
1693 1823 1823 1860 Deum
1852 1820 2016 1869 assurgit
2042 1821 2121 1858 hoc
2147 1820 2253 1869 loco,

323 1881 357 1917 δι
387 1880 554 1916 fructum
583 1877 656 1916 sibi
684 1877 809 1916 inesse
838 1876 1037 1927 praedicat
1065 1889 1184 1926 quem
1212 1876 1380 1914 mundus
1408 1888 1489 1914 non
1518 1882 1647 1925 potest
1676 1874 1842 1924 eripere:
1872 1873 2056 1912 nimirum
2071 1872 2256 1923 gaudium

324 1932 420 1970 illud
450 1930 624 1980 spiritus,
653 1930 761 1968 cuius
790 1943 863 1969 nos
891 1931 999 1968 Deus
1029 1929 1120 1968 facit
1147 1929 1356 1980 participes
1385 1927 1743 1967 communicatione
1771 1926 1937 1977 gratiae,
1965 1927 2065 1965 adeo
2087 1932 2127 1964 vt
2141 1925 2257 1964 etiam

322 1985 362 2023 in
392 1983 483 2034 ipsis
511 1983 789 2022 afflictionibus
817 1996 887 2022 no·-
918 1983 1088 2033 gaudere
1115 1989 1246 2021 narret
1273 1983 1509 2032 Apostolus,
1539 1982 1575 2018 &
1603 1981 1774 2031 gaudere
1802 1980 1933 2018 iubeat
1960 1979 1999 2017 in
2022 1992 2111 2029 spe,
2140 1985 2257 2028 atque

323 2038 362 2076 in
399 2037 594 2076 Domino:
631 2048 760 2086 neque
795 2036 835 2074 id
871 2038 1017 2087 solum,
1054 2036 1123 2075 sed
1161 2035 1278 2074 etiam
1315 2035 1363 2073 de
1390 2034 1532 2073 nostris
1560 2033 1835 2073 afflictionibus
1862 2032 2061 2083 praedicet
2089 2030 2257 2083 gloriari.

326 2093 445 2129 Rom.
476 2101 511 2140 5.
541 2102 578 2139 3.
607 2092 642 2128 &
675 2103 735 2128 12.
768 2102 828 2128 12.

377 2144 455 2182 Sed
482 2143 572 2193 quia
600 2142 785 2193 gaudium
813 2155 893 2181 non
924 2142 1015 2181 satis
1042 2148 1101 2180 est
1128 2140 1328 2191 imperari,
1357 2140 1430 2179 nisi
1457 2140 1617 2178 materia
1644 2139 1743 2178 iusta
1770 2138 1870 2177 illius
1886 2136 2053 2176 extiterit
2070 2136 2259 2187 (alioquin

323 2209 405 2235 non
442 2196 646 2246 gaudium,
688 2196 729 2234 id
763 2202 841 2246 est,
883 2194 1093 2233 delectatio
1132 2206 1222 2233 cum
1251 2193 1401 2233 ratione
1430 2192 1660 2243 coniuncta,
1689 2192 1760 2231 sed
1789 2191 1921 2241 opinio
1951 2197 2052 2229 esset
2079 2204 2126 2229 ac
2153 2191 2258 2238 (φαν-

325 2250 545 2298 ταζόμενον)
585 2249 635 2286 ad
660 2260 795 2287 causas
823 2248 1024 2287 veniamus
1056 2247 1155 2286 illius
1183 2247 1336 2298 gaudij,
1374 2247 1482 2296 quod
1509 2245 1639 2284 Dauid
1667 2252 1750 2284 tum
1779 2245 1828 2283 de
1857 2257 1897 2282 se
1923 2243 2195 2294 praedicabat,
2224 2243 2260 2280 &

328 2303 436 2351 quod
463 2302 538 2339 Dei
566 2301 731 2350 Spiritus
759 2301 850 2340 inde
879 2303 929 2340 ab
958 2313 1006 2340 eo
1037 2307 1215 2351 tempore
1242 2299 1447 2350 imperauit
1474 2298 1570 2348 suis,
1599 2299 1689 2337 cum
1717 2297 1947 2336 auctoritate
1961 2308 2030 2335 sua
2043 2298 2148 2335 hunc
2161 2297 2260 2345 psal-

328 2366 432 2392 mum
464 2355 711 2393 sanctificans
739 2356 975 2393 seruandum
1004 2355 1040 2393 &
1069 2353 1359 2392 obseruandum
1386 2352 1426 2391 in
1453 2351 1631 2391 Ecclesia
1659 2352 1887 2401 deponeret.
1917 2350 2133 2388 Causarum
2159 2360 2260 2398 quae

330 2413 507 2445 sanctum
537 2408 632 2446 illud
661 2407 849 2458 gaudium
878 2407 1023 2445 Dauidi
1052 2408 1283 2457 attulerunt,
1313 2407 1392 2444 duo
1422 2411 1509 2444 sunt
1538 2417 1702 2455 genera:
1731 2414 1895 2454 quarum
1923 2403 2020 2441 aliae
2048 2404 2104 2451 (vt
2130 2401 2183 2440 ita
2207 2402 2264 2439 lo-

327 2462 505 2509 quamur)
537 2467 626 2498 sunt
655 2459 930 2510 particulares,
959 2462 995 2498 &
1022 2459 1219 2509 priuatum
1248 2459 1444 2509 quendam
1473 2464 1691 2508 respectum
1719 2458 1883 2495 habent:
1911 2455 2023 2494 Aliae
2049 2457 2141 2494 vero
2157 2466 2264 2492 com-

329 2524 465 2550 munes
505 2520 614 2562 sunt,
655 2514 706 2552 ad
742 2513 892 2551 bonum
930 2513 1132 2563 publicum
1165 2512 1413 2562 pertinentes.
1456 2513 1676 2560 Vtrumque
1708 2521 1830 2560 genus
1866 2510 2062 2558 Propheta
2088 2507 2267 2545 distincte

327 2565 517 2615 explicat:
546 2579 637 2604 nam
668 2565 818 2616 priores
847 2579 948 2605 vers.
968 2579 1000 2604 1.
1016 2567 1051 2604 &
1068 2579 1101 2603 2.
1118 2564 1372 2615 posteriores,
1399 2564 1522 2603 tribus
1539 2563 1791 2613 sequentibus
1808 2561 1983 2600 versibus
1998 2560 2265 2599 ostenduntur.

329 2620 457 2666 Quem
493 2619 678 2657 ordinem
717 2618 1130 2657 conuenientissimum
1166 2620 1189 2655 a
1216 2618 1289 2668 piis
1319 2617 1500 2655 omnibus
1529 2616 1731 2666 diligenter
1759 2626 1857 2664 opus
1885 2621 1942 2652 est
1971 2613 2189 2662 obseruari,
2226 2618 2267 2650 vt

328 2683 527 2720 nunquam
572 2672 609 2709 in
649 2671 726 2709 suis
763 2671 922 2720 priuatis
950 2671 1171 2709 commodis
1200 2678 1264 2709 aut
1292 2669 1427 2708 studiis
1454 2670 1754 2719 conquiescant,
1793 2667 1860 2705 sed
1889 2668 1938 2705 ab
1967 2666 2011 2704 iis
2038 2678 2190 2715 semper
2217 2665 2267 2703 ad

329 2723 547 2761 communis
591 2726 627 2762 ἃ
667 2724 815 2773 publici
850 2724 947 2763 boni
973 2723 1164 2762 rationem
1192 2723 1454 2773 gaudiumque
1483 2723 1532 2761 de
1560 2735 1607 2761 eo
1636 2721 1684 2771 (si
1711 2721 1819 2771 quod
1847 2719 2030 2759 obtulerit
2056 2717 2266 2765 Dominus)

332 2778 568 2818 attollantur.
606 2779 689 2815 Has
720 2776 834 2827 igitur
862 2788 1000 2816 causus
1028 2776 1166 2815 ordine
1193 2776 1470 2826 expendamus.

1971 2822 2265 2862 Particularium
