2334 3020
754 93 966 120 THESES
1011 88 1439 120 THEOLOGMiAffi.
1993 94 2064 130 217

127 206 268 243 dorum
298 203 483 242 cordibus
513 202 679 250 infusus,
708 202 776 240 sed
806 200 956 239 ratione
984 199 1225 238 differentiae
1254 199 1455 249 relatiuac,
1484 211 1583 248 quae
1613 198 1819 249 gratuitam
1845 198 2008 236 iustitiae
2032 200 2067 236 &

127 259 227 297 vitae
255 265 436 295 aeternae
466 254 767 306 promissionem
797 253 1024 292 fiducialiter
1039 252 1300 303 amplectitur:
1331 252 1410 290 Illis
1427 252 1529 290 enim
1544 258 1694 290 tantum
1710 251 1818 289 dedit
1834 258 2068 301 potestatem

127 312 207 349 fieri
249 310 347 348 filios
377 309 451 347 Dei
480 308 545 358 qui
575 314 807 357 receperunt
834 320 943 345 eum:
987 309 1097 344 lcum.
1135 320 1164 343 1.
1200 319 1257 343 12.
1287 307 1336 343 ἐφ’
1360 318 1396 354 3.
1430 318 1487 355 13.
1531 306 1711 354 Cumque
1742 304 1898 354 insuper
1927 306 2068 354 duplex

126 364 173 403 sit
214 364 324 401 huius
366 362 479 411 medij
523 360 794 411 apprehensiui
839 361 1026 412 ἑνέργειας
1069 372 1164 407 vna,
1207 357 1285 408 qua
1312 358 1550 408 immediate,
1581 357 1662 396 sine
1691 357 1852 396 aliarum
1881 357 2067 396 virtutum

128 417 388 465 adminiculo,
431 415 586 465 respicit
624 415 660 451 in
698 413 912 463 Euangelio
941 413 1160 451 Christum:
1191 413 1331 460 altera,
1359 423 1436 460 qua
1467 411 1632 449 mediate
1662 423 1730 460 per
1757 410 1985 448 charitatem
2015 417 2071 448 cst

127 472 284 514 efficax,
326 467 484 507 remotis
524 467 608 505 aliis
636 466 864 515 virtutibus,
894 478 973 503 non
1004 468 1027 503 a
1054 473 1211 513 natura,
1240 465 1309 502 sed
1339 466 1389 502 ab
1419 466 1520 502 Actu
1548 463 1661 514 fidei,
1689 463 1923 501 iustificandi
1951 463 2071 501 virtus

129 526 162 561 ἃ
193 521 359 572 dignitas
388 520 506 571 priori
536 522 707 571 ἐνεργείᾳ
735 519 1005 558 conseruanda
1033 527 1102 557 est.
1131 519 1222 556 Non
1244 518 1351 567 quod
1367 517 1414 556 sit
1430 517 1579 555 facilior
1592 516 1725 556 salutis
1740 517 1822 566 via,
1844 529 1922 554 non
1939 524 2071 554 tamen

129 577 210 613 sola
254 582 293 612 vt
338 573 528 624 Pelagius,
569 578 629 611 vel
665 573 817 610 initium
847 579 1017 619 tantum,
1046 579 1110 610 aut
1137 572 1435 609 instrumentum
1464 569 1611 620 primae
1639 568 1941 619 iustificationis,
1970 581 2070 618 quae

129 642 238 679 spem
267 630 302 666 ἅ*
330 626 559 665 charitatem
586 626 766 676 impetrat
795 632 834 663 vt
863 627 999 674 postea
1027 624 1266 663 coniunctim
1295 623 1524 674 iustificent,
1555 630 1595 661 vt
1619 622 1789 672 disputat
1802 622 2072 671 Bellarminus,

128 683 198 720 sed
239 688 279 718 vt
321 680 476 718 vnicum
518 680 834 728 instrumentum,
863 679 899 716 in
930 677 1038 716 cuius
1066 679 1178 716 firma
1205 676 1516 727 apprehensione
1544 677 1580 714 δι
1608 675 1766 726 speciali
1793 674 2073 725 applicatione,

129 746 229 785 quae
274 744 590 782 vnumquemque
627 731 871 770 indiuiduum
913 731 1138 770 credentem
1180 732 1252 768 sub
1280 728 1538 779 promissione
1576 728 1747 780 generali
1782 728 1964 778 includit,
1993 735 2074 766 tan-

130 800 247 837 quam
277 786 437 836 proprio
466 785 557 824 fidei
586 791 694 835 actu,
721 784 891 823 voluitur
915 784 1015 822 vitae
1031 792 1210 823 aeternae
1226 783 1359 822 cardo.
1394 784 1483 821 Gal.
1503 796 1536 821 2.
1554 795 1613 820 20.
1643 783 1782 831 Neque
1796 780 1879 831 ipsa
1894 781 2074 832 charitas,

131 840 200 879 etsi
242 838 567 889 praestantissima
605 838 791 876 virtutum
829 837 881 875 ad
922 837 996 876 Dei
1037 837 1335 888 promissionem
1375 837 1493 874 fertur
1521 835 1566 875 ea
1595 835 1782 873 relatione
1810 842 1850 872 vt
1878 846 1968 872 cum
1998 835 2076 872 fide

131 893 296 943 accipiat
337 893 372 929 &
413 891 581 942 applicet
622 892 856 929 beneficium
895 890 1041 940 gratiae
1079 893 1270 939 (versatur
1298 888 1401 927 enim
1430 889 1533 927 circa
1561 888 1716 926 diuersa
1745 887 1919 935 obiecta,
1948 888 2076 937 legem

131 947 277 985 scilicet
306 947 341 983 &
370 945 645 995 Euangelium)
673 945 743 982 sed
772 950 829 981 est
858 944 948 982 fidei
977 943 1220 982 consectaria
1248 954 1316 993 per
1345 954 1462 992 quam
1491 949 1675 991 operatur
1702 941 1810 978 fides.
1852 940 2008 978 Idcirco
2038 947 2079 978 vt

133 1013 204 1039 nec
233 1010 350 1038 causa
378 999 444 1046 sit,
475 997 672 1047 meritum,
702 998 829 1035 forma
855 1003 921 1034 aut
949 1010 1038 1046 pars
1065 995 1253 1045 iustitiae,
1282 1007 1354 1032 nec
1383 994 1556 1033 medium
1585 992 1891 1044 ApplicationiS,
1920 1004 2079 1043 prorsus

136 1059 358 1091 remouetur
386 1054 435 1091 ab
464 1051 679 1101 sipostolo,
707 1050 772 1099 qui
801 1048 1055 1100 principium,
1084 1049 1274 1097 medium,
1303 1049 1339 1086 &
1367 1048 1484 1086 finem
1513 1046 1678 1086 iustitiae
1706 1049 1742 1085 δε
1769 1045 1901 1084 salutis
1922 1054 2079 1085 nostrae

140 1106 231 1145 fidei
275 1105 356 1143 sine
398 1105 582 1156 operibus
624 1102 662 1140 in
704 1103 870 1142 solidum
913 1103 1067 1153 tribuit,
1109 1104 1222 1140 Rom.
1253 1113 1288 1152 5.
1321 1114 1353 1139 2.
1383 1101 1419 1138 &
1453 1101 1651 1151 praeclare
1678 1099 1969 1150 Nazianzenus,
1996 1099 2082 1150 περὶ

147 1159 340 1201 εὐταξίας.
373 1158 615 1206 Δικαιοσύνη
642 1155 711 1206 μὲν
733 1159 803 1207 γάρ
835 1159 898 1193 καὶ
929 1157 972 1194 τὸ
1002 1159 1192 1200 πιςεῦσαι
1219 1159 1353 1205 μίνον,
1380 1155 1537 1193 Iustitia
1565 1154 1713 1203 quidem
1742 1158 1817 1201 est,
1844 1154 1906 1192 vel
1929 1153 2083 1190 credere

134 1214 292 1249 tantem.
324 1214 367 1260 (f.
400 1213 529 1261 1690.)

192 1278 249 1303 12.
304 1264 420 1302 Vnde
463 1264 582 1313 liquet
608 1261 837 1312 particulam
866 1262 1034 1314 ἄγραφον
1068 1260 1199 1299 Solam
1229 1261 1311 1300 sine
1339 1258 1561 1310 Scripturae
1590 1258 1729 1297 iniuria
1757 1257 1978 1296 Ecclesiam
2006 1269 2079 1307 pro

133 1329 202 1356 sua
242 1316 419 1356 libertate
459 1316 638 1355 retinere.
679 1314 877 1353 Sententia
920 1314 1024 1352 enim
1067 1314 1116 1352 de
1157 1327 1236 1353 vno
1279 1313 1429 1352 tanturn
1472 1314 1691 1362 affirmans,
1720 1312 1770 1350 de
1800 1310 1961 1349 caeteris
1988 1312 2083 1348 vero

135 1383 304 1421 negans,
345 1369 623 1421 significantius
657 1367 792 1418 nequit
819 1367 1026 1417 explicari,
1054 1369 1172 1416 quam
1201 1381 1270 1418 per
1298 1365 1535 1406 exclusiuam
1564 1366 1709 1406 Salam.
1739 1366 1836 1403 haec
1864 1363 1968 1403 enim
1995 1375 2084 1413 pro-

136 1423 299 1474 positio,
339 1425 391 1461 sit
429 1424 540 1460 Deus
577 1435 718 1471 verax,
760 1423 881 1459 omrn's
922 1425 1046 1458 autem
1083 1421 1194 1459 lzomo
1222 1423 1408 1471 mendax,
1436 1418 1526 1458 huic
1554 1417 1815 1468 aequipollet,
1845 1418 1951 1456 solus
1978 1418 2086 1454 Deus

138 1489 274 1515 verax:
319 1476 427 1526 quod
469 1475 571 1514 enim
611 1475 824 1525 Apostolus
862 1474 985 1512 multo
1023 1472 1181 1523 fortius,
1210 1477 1391 1524 expresse
1419 1474 1454 1511 &
1481 1471 1663 1523 explicite
1691 1471 1769 1509 suis
1796 1470 2085 1514 locutionibus,

135 1532 215 1568 sinc
243 1531 440 1579 operibus,
470 1542 544 1566 non
573 1533 808 1578 operantem,
837 1528 911 1565 &c.
943 1527 1105 1576 derogat
1134 1527 1319 1578 operibus
1334 1526 1669 1575 iustificationem,
1694 1524 1789 1562 illud
1805 1524 1981 1563 Ecclesia
1994 1522 2088 1561 facit

135 1582 320 1633 implicite
349 1596 417 1632 per
445 1581 675 1632 particulam
704 1582 817 1625 Sola,
848 1591 925 1630 qua
954 1579 1142 1618 euanidae
1171 1580 1465 1620 Pontificiorum
1494 1578 1691 1629 argutiae,
1713 1577 1855 1628 quibus
1881 1577 1977 1615 retia
1991 1576 2086 1614 veri-

137 1637 222 1674 tatis
264 1637 433 1686 effugere
475 1641 688 1681 conantur,
730 1633 1002 1672 distinctiones
1045 1633 1237 1684 (inquam)
1279 1636 1328 1673 de
1367 1633 1646 1684 Synecdoche,
1684 1631 1842 1681 quando
1872 1630 2089 1681 Apostolus

136 1689 305 1739 loquitur
334 1690 384 1727 de
413 1688 552 1740 gratia:
583 1688 632 1725 de
660 1688 738 1726 fide
765 1689 951 1737 formata,
979 1699 1069 1724 cum
1098 1687 1324 1737 simpliciter
1353 1689 1473 1726 fidem
1501 1685 1708 1725 iustificare
1722 1685 1910 1734 affirmat,
1935 1684 1984 1722 de
2002 1684 2087 1733 lege

138 1742 407 1791 ceremoniali,
437 1753 528 1780 cum
555 1741 593 1778 in
623 1740 827 1791 euangelio
858 1740 940 1778 sine
969 1741 1054 1789 lege
1082 1739 1266 1779 iustitiam
1295 1741 1459 1779 reuelari
1479 1740 1615 1778 docet:
1639 1737 1811 1788 denique
1826 1737 1876 1775 de
1891 1736 2088 1787 operibus,

138 1795 249 1834 liberi
291 1795 436 1844 arbitrij
481 1794 627 1833 uiribus
670 1794 797 1843 factis,
839 1795 930 1831 cim)
972 1793 1143 1831 excludit
1185 1807 1324 1845 opera,
1367 1794 1449 1833 sine
1483 1792 1702 1831 adiectione
1729 1790 1844 1841 legis,
1871 1791 1946 1828 hac
1976 1789 2087 1828 vnica

139 1860 305 1887 neruosa
334 1849 553 1898 exclusiua,
586 1848 862 1885 Tcmtmnmodo
890 1847 1017 1895 crede,
1047 1848 1164 1885 Mar.
1195 1859 1230 1898 5.
1261 1850 1322 1897 36.
1352 1848 1390 1886 in
1420 1853 1622 1885 aeternum
1652 1844 1920 1883 discutiuntur.

198 1915 256 1952 13.
313 1903 424 1940 Illam
466 1901 615 1939 interea
654 1914 735 1939 non
776 1900 1013 1950 opponimus
1055 1900 1202 1950 gratiae
1241 1901 1338 1951 Dei,
1379 1908 1445 1939 aut
1472 1899 1598 1950 pretio
1628 1896 1901 1936 satisfactionis
1928 1895 2092 1945 Christi,

142 1955 252 2005 quasi
284 1957 345 1993 vel
376 1956 472 1993 haec
501 1957 524 1993 a
550 1954 690 1992 virtute
720 1953 955 1992 iustificandi
985 1953 1186 2004 excludat,
1215 1956 1277 1993 vel
1304 1954 1386 1993 sine
1414 1954 1473 1992 his
1502 1953 1674 1991 innatam
1703 1951 1903 2000 quandam
1931 1950 2009 1988 vim
2025 1956 2092 1986 aut

144 2008 372 2059 dignitatem
416 2010 575 2054 habeat,
613 2020 685 2046 nec
727 2014 926 2056 tamquam
956 2006 1147 2044 velamine
1178 2008 1345 2047 malitiae
1374 2007 1590 2056 abutimur,
1619 2017 1692 2043 nec
1721 2003 1888 2053 denique
1916 2004 2094 2053 regulam

145 2063 194 2100 de
223 2062 313 2112 illo,
343 2063 445 2099 Noli
471 2063 637 2113 amplius
654 2067 834 2111 peccare,
862 2062 976 2098 loatz.
1005 2061 1041 2098 8.
1063 2073 1121 2098 11.
1149 2061 1352 2112 ἀχώριςως
1367 2072 1458 2099 cum
1475 2058 1701 2098 remissione
1715 2063 1969 2107 peccatorum
1987 2055 2094 2094 coni-

149 2122 307 2153 unctam
340 2114 603 2153 diuellendam
633 2125 856 2163 censemus,
886 2119 1042 2163 oportet
1058 2113 1160 2151 enim
1177 2116 1410 2163 praecedere
1426 2112 1702 2152 contritionem
1715 2141 1725 2157 ,
1746 2117 1932 2159 tanquam
1948 2109 2096 2147 aditum

149 2168 197 2206 ad
228 2168 510 2218 poenitentiam
539 2169 616 2206 hoc
646 2174 722 2217 est,
751 2167 802 2205 ad
825 2168 1012 2205 latentem
1029 2166 1067 2204 in
1082 2166 1322 2216 poenitentia
1329 2169 1471 2218 fidem,
1487 2167 1522 2203 &
1539 2165 1578 2203 in
1594 2166 1671 2203 fide
1684 2166 1868 2202 latentem
1884 2162 2095 2202 Christum.

148 2222 353 2271 Secundo,
377 2222 416 2260 in
431 2221 515 2272 ipsa
529 2221 801 2259 iustificatione
816 2220 952 2258 adesse
969 2232 1089 2269 opera
1103 2220 1227 2270 bona,
1251 2233 1330 2258 non
1347 2219 1449 2259 enim
1467 2220 1562 2258 fides
1579 2217 1715 2256 sterilis
1727 2247 1737 2267 ,
1761 2216 1830 2255 sed
1849 2215 2098 2268 ἐνεργουμένη

149 2287 216 2325 per
246 2275 474 2313 charitatem
505 2274 694 2312 iustificat.
725 2275 807 2311 lac.
841 2287 875 2312 2.
905 2273 1039 2311 Tertio
1070 2281 1159 2322 post
1187 2272 1500 2311 iustificationem
1515 2271 1625 2321 sequi
1639 2271 1810 2309 studium
1828 2269 2097 2317 obedientiae,

150 2327 395 2378 propositum
433 2327 537 2366 enim
568 2327 758 2378 peccandi
787 2338 878 2364 cum
907 2339 1000 2363 vera
1027 2327 1104 2364 fide
1132 2326 1340 2365 subsistere
1368 2339 1449 2365 non
1477 2332 1618 2376 potest.
1647 2337 1728 2362 non
1758 2323 1871 2362 etiam
1901 2320 2097 2372 quaeritur

149 2393 248 2432 quae
293 2382 434 2431 quibus
478 2381 687 2419 coniuncta
716 2379 811 2427 sint,
841 2380 909 2418 sed
937 2379 1044 2429 quod
1072 2379 1119 2417 sit
1147 2379 1332 2429 cuiusque
1360 2379 1563 2430 proprium
1593 2376 1767 2416 officium
1797 2378 1833 2415 &
1863 2375 2003 2423 virtus,
2031 2372 2098 2412 vbi

152 2437 246 2473 vero
275 2435 430 2473 additur
459 2433 594 2484 opinio
624 2434 771 2483 meriti,
801 2434 835 2471 &
865 2433 1055 2471 iactantur
1082 2445 1154 2482 pro
1179 2444 1295 2472 causa
1310 2433 1391 2471 siue
1406 2431 1560 2483 partiali
1575 2431 1655 2470 siue
1670 2429 1843 2480 formali,
1866 2429 1917 2466 ad
1932 2426 2098 2466 iustitiae

153 2487 308 2526 diuinae
337 2489 525 2527 tribunal:
555 2500 635 2526 non
664 2488 790 2525 solum
820 2499 962 2537 opera,
993 2492 1033 2524 vt
1061 2487 1208 2523 fructus
1235 2486 1347 2537 fidei,
1375 2487 1444 2524 sed
1472 2487 1507 2524 &
1538 2485 1620 2535 ipsa
1647 2485 1746 2522 fides
1774 2485 1810 2522 &
1835 2482 1976 2532 virtus,
1999 2480 2098 2518 νῒτὸ

152 2541 312 2579 credere
359 2540 587 2591 simpliciter
628 2547 668 2578 vt
711 2541 872 2590 dignum
910 2551 1009 2590 opus
1037 2538 1321 2578 consideratur:
1351 2552 1430 2578 non
1459 2541 1631 2588 saluant,
1660 2537 1729 2575 sed
1757 2538 1919 2575 salutem
1946 2533 2099 2585 penitus

154 2601 344 2633 euertunt.

210 2660 271 2694 14.
326 2647 608 2686 Necessitatem
650 2646 765 2696 igitur
793 2657 956 2696 operum
985 2645 1022 2683 in
1053 2645 1194 2683 renatis
1223 2645 1426 2695 ponimus,
1454 2658 1534 2684 non
1565 2643 1801 2694 coactionis,
1829 2648 1894 2680 aut
1922 2651 2023 2690 quae
2051 2638 2099 2677 sit

157 2700 345 2750 obligatio
386 2701 436 2738 ad
476 2702 690 2751 perfectam
737 2698 1020 2746 obedientiam,
1062 2706 1263 2748 tamquam
1292 2700 1342 2737 ad
1370 2711 1526 2737 causam
1553 2700 1588 2737 &
1617 2697 1796 2735 meritum
1825 2695 1976 2744 salutis,
2004 2692 2098 2730 illud

160 2753 263 2792 enim
294 2753 469 2792 debitum
499 2762 555 2791 est
582 2754 727 2803 legale,
755 2755 776 2790 a
806 2764 885 2802 quo
914 2751 1144 2790 dimittimur
1171 2752 1361 2791 beneficio
1389 2752 1532 2791 Christi
1560 2751 1626 2801 qui
1653 2750 1764 2800 fregit
1793 2750 1974 2787 baculum
1991 2758 2100 2784 exac-

1085 2807 1132 2842 28
1982 2799 2098 2848 toris,
