2334 3020
642 110 707 142 DE
751 112 1029 141 vonr‘riAE
1071 112 1238 139 Mosrs
1280 110 1470 139 oRsER.
1951 96 2025 144 385

94 223 262 274 septenis
301 235 420 261 vnum
456 221 506 259 ad
544 232 796 259 communem
825 220 898 258 Dei
926 220 1072 258 cultum
1101 229 1293 266 veraeque
1322 216 1472 266 pietatis
1500 214 1801 254 exercitamenta
1828 214 1878 251 ab
1906 212 2028 251 homi-

96 277 210 315 nibus
253 276 437 314 omnibus
471 274 678 324 postulari:
721 274 787 323 qui
819 285 931 312 secus
973 271 1127 321 fecerit,
1165 284 1233 309 605
1267 277 1405 308 6011113
1432 270 1490 307 1115
1520 280 1730 306 6011111111116
1758 265 2028 315 rationemque

94 342 346 369 communem
373 328 523 378 venire,
553 339 649 377 quas
677 340 737 365 res
771 328 878 365 Deus
907 327 1086 375 exemplo
1115 326 1150 362 ἃ
1177 323 1408 362 auctoritate
1436 335 1506 361 sua
1533 322 1624 359 inde
1650 323 1673 359 a
1702 318 1897 358 creatione
1921 331 2030 357 sanc-

93 382 309 422 tificauerit.
337 380 521 419 Iudiciale
549 387 678 418 autem
707 379 894 429 quicquid
923 387 979 418 est
1007 377 1254 428 simpliciter,
1283 376 1364 414 siue
1392 377 1490 426 po(f.
1511 374 1800 424 1526)liticum,
1817 372 1857 410 id
1872 372 2027 410 duobus

96 435 224 474 modis
254 434 438 484 distingui
466 446 626 472 necesse
657 440 727 471 est.
756 434 858 470 Nam
886 431 925 470 in
954 433 1031 470 hoc
1059 443 1200 481 genere
1228 429 1421 468 inuenitur
1448 427 1593 478 aliquid
1609 423 2030 475 mutabile,&aliquid

94 488 334 526 immutabile
358 493 570 537 permanet.
613 486 713 524 Cum
743 492 873 523 autem
903 484 1107 523 mutabiles
1136 484 1173 522 in
1203 485 1280 522 hoc
1308 495 1451 533 genere
1480 480 1689 520 dixerimus
1719 477 2028 517 circumstantias

93 554 198 591 esse,
230 554 277 579 ex
306 553 354 578 eo
382 539 570 578 continuo
599 539 772 588 sequitur
799 551 873 576 nos
902 539 980 576 hoc
1009 546 1187 588 tempore
1215 536 1254 574 in
1283 548 1330 574 ea
1355 535 1590 574 iudiciorum
1619 540 1728 583 parte
1752 530 1912 569 minime
1935 529 2031 568 obli—

95 595 196 645 gari,
225 606 326 643 quae
354 593 393 630 in
422 592 720 631 circumstantiis
748 592 875 642 posita
903 599 980 630 est:
1021 590 1201 640 Exempli
1229 601 1357 628 causa.
1393 590 1477 627 Nos
1507 587 1722 626 secundum
1751 583 2029 623 conscientiam

93 660 174 686 non
217 646 339 685 teneri
375 646 651 685 obseruatione
689 657 882 683 annorum
911 643 1227 693 intermissionis,
1256 650 1321 681 aut
1347 642 1623 687 iubilaeorum,
1653 647 1719 677 aut
1749 636 2031 686 consimilium,

93 713 193 751 quae
221 701 284 738 lex
312 699 582 749 imperauerat.
611 698 737 737 Leuit.
769 710 830 748 25.
859 712 896 745 4.
925 701 961 736 8.
991 700 1062 736 &c.
1105 699 1311 735 Praeterea
1340 697 1429 734 cum
1459 696 1602 733 multae
1632 695 1738 743 leges
1758 691 1849 730 iuris
1870 689 2034 740 particu-

95 754 184 792 laris
218 753 312 804 sint,
342 752 382 791 id
412 760 489 803 est,
518 751 799 803 particulariter
826 753 876 790 ad
906 751 1013 789 illum
1041 752 1252 800 populum,
1282 749 1378 787 illud
1405 755 1579 798 tempus,
1611 746 1814 796 regionem
1842 744 1969 793 illam,
1998 744 2033 781 δι

95 814 248 845 6361613
275 806 531 857 pertinentes,
560 807 637 844 hoc
664 805 781 844 etiam
810 804 1034 855 adiicimus,
1058 805 1265 854 plerasque
1280 814 1412 841 earum
1427 803 1558 851 legum
1573 812 1673 850 quae
1687 799 1779 837 iuris
1795 796 2035 848 particularis

92 867 181 899 sunt
222 860 262 898 in
301 859 437 898 ritibus
483 859 695 898 forensium
737 857 1058 897 obseruationum
1094 857 1264 907 positae,
1294 855 1371 894 iam
1400 862 1568 893 mutatas
1598 865 1705 902 esse,
1734 865 1815 890 non
1845 850 1966 888 modo
1995 848 2035 887 in

94 912 412 963 circumstantiis,
441 913 510 951 sed
540 912 656 951 etiam
686 911 831 962 reipsa:
861 911 1082 949 cuiusmodi
1111 909 1360 948 interdictum
1382 909 1477 946 illud
1493 915 1564 946 est.
1594 908 1653 945 Ne
1667 904 1891 944 accendatis
1905 903 2036 953 ignem

94 966 134 1005 in
175 966 358 1005 omnibus
395 965 624 1004 habitaculis
662 965 797 1004 vestris
825 964 888 1003 die
915 963 1125 1007 Sabbathi,
1154 963 1282 1001 Exod.
1312 973 1374 1012 35.
1406 975 1441 1011 3.
1471 963 1507 999 ἃ
1537 971 1810 1010 011366111110116
1839 957 2037 1007 praeterea

94 1019 267 1058 instituta
294 1027 383 1058 sunt
412 1018 625 1069 eiusmodi,
654 1032 700 1057 ex
729 1017 944 1068 principio,
972 1024 1038 1055 aut
1066 1016 1244 1065 obiecto,
1273 1022 1339 1054 aut
1367 1016 1442 1053 fine
1471 1012 1721 1052 ceremoniali
1748 1009 2037 1061 pendentia,vt

94 1074 353 1123 praecedente
380 1072 507 1123 capite
537 1073 791 1111 ostendimus.
834 1072 1118 1120 Quaecumque
1148 1076 1279 1108 autem
1307 1067 1468 1106 rationis
1496 1066 1716 1105 communis
1743 1071 1852 1111 sunt,
1882 1065 1916 1102 &
1946 1061 2038 1100 iuris

94 1125 314 1164 communis
356 1126 396 1164 in
433 1125 594 1176 politico
627 1127 760 1176 legum
787 1123 1051 1163 Mosaicarum
1078 1135 1239 1173 genere,
1270 1135 1316 1160 ea
1342 1128 1408 1160 aut
1436 1121 1587 1158 ratione
1615 1117 1818 1157 communi
1841 1116 2038 1165 obligant,

95 1187 162 1218 aut
190 1179 392 1230 analogia,
421 1192 466 1217 ac
493 1178 661 1229 proinde
690 1178 793 1216 diem
821 1179 930 1216 illum
959 1176 1157 1224 sabbathi,
1186 1174 1460 1226 quiaIudaeis
1475 1171 1741 1223 superstitiose
1755 1170 1886 1209 adhuc
1901 1171 2034 1208 obser-

94 1240 228 1283 uatur,
257 1234 439 1271 nolumus
467 1231 626 1282 quidem
655 1231 875 1281 obseruari,
906 1230 997 1280 quia
1022 1230 1112 1268 iuris
1142 1227 1364 1268 communis
1389 1229 1425 1265 81
1445 1226 1605 1265 rationis
1621 1232 1700 1276 est,
1717 1236 1817 1274 quae
1833 1222 2035 1273 publicum

95 1285 274 1325 ordinem
302 1293 419 1335 atque
447 1285 647 1336 politeiam
675 1298 784 1324 suam
813 1287 936 1334 aeque
966 1283 1005 1321 in
1033 1284 1150 1321 rebus
1174 1281 1507 1320 Ecclesiasticis&
1524 1279 1747 1328 diuinis,ac
1762 1277 1802 1315 in
1816 1275 2038 1315 forensibus

94 1342 129 1378 &
157 1339 336 1377 humanis
365 1341 576 1389 postulant.
605 1337 891 1377 Ceremonialia
918 1339 1034 1383 vero,
1061 1347 1321 1385 quaecunque
1350 1333 1576 1384 simpliciter
1599 1333 1650 1370 ad
1674 1329 1939 1370 ceremoniam
1954 1342 2039 1378 per-

96 1393 240 1443 tinent,
269 1406 315 1431 ea
342 1391 567 1431 mutationis
597 1393 681 1442 lege
709 1395 732 1430 a
760 1393 849 1430 Deo
877 1391 954 1429 iam
983 1390 1077 1428 olim
1100 1391 1178 1427 lata
1207 1396 1315 1439 sunt,
1345 1390 1380 1427 &
1410 1386 1585 1438 quisquis
1615 1399 1660 1424 ea
1676 1383 1817 1423 mutari
1830 1381 2037 1434 prohibet,

96 1445 216 1484 menti
254 1445 483 1496 legislatoris
512 1445 630 1495 ipsius
657 1458 703 1483 ac
730 1444 881 1484 veritati
908 1445 1148 1482 aduersatur.
1187 1442 1264 1481 Sed
1292 1448 1423 1480 tamen
1453 1440 1519 1478 hic
1546 1451 1698 1477 rursum
1730 1449 1829 1488 opus
1853 1443 1910 1475 est
1939 1448 2041 1473 cere-

95 1499 279 1537 monialia
317 1500 535 1550 prudenter
575 1500 598 1536 a
625 1497 740 1551 nobis
782 1496 987 1548 distingui,
1028 1509 1078 1534 ne
1120 1497 1315 1546 peraeque
1352 1493 1486 1533 omnia
1514 1493 1655 1532 eodem
1687 1493 1778 1530 1060
1807 1491 2037 1529 1131163111111·.

96 1553 193 1591 Sunt
228 1552 331 1591 enim
360 1551 657 1602 ceremonialia,
685 1552 784 1590 haec
812 1550 980 1598 ordinis,
1010 1551 1046 1588 &
1075 1549 1139 1587 illa
1166 1550 1334 1600 figurae,
1362 1555 1403 1586 vt
1430 1549 1519 1586 ante
1548 1545 1729 1585 diximus.
1772 1545 1885 1593 Quae
1913 1550 2041 1580 autem

95 1605 242 1644 ordinis
274 1613 383 1658 sunt,
415 1605 445 1644 si
473 1606 524 1644 ad
551 1617 805 1643 communem
835 1603 1015 1643 ordinem
1043 1602 1260 1654 pertinent,
1282 1609 1377 1653 puta
1394 1607 1613 1639 conuentus
1627 1598 1909 1643 haberi,certo
1924 1597 2037 1646 loco,

95 1667 292 1710 tempore,
333 1661 430 1698 haec
471 1672 552 1697 non
588 1666 668 1697 tam
697 1657 966 1705 ceremoniae,
1003 1659 1122 1706 quam
1150 1655 1331 1706 politeiae
1359 1662 1468 1693 sunt:
1498 1656 1533 1692 &
1562 1652 1653 1703 quia
1680 1651 1854 1690 instituta
1881 1648 2043 1700 politica

96 1712 187 1751 iuris
228 1713 450 1751 communis
488 1719 576 1750 sunt
610 1711 887 1762 immutabilia,
924 1718 966 1749 vt
993 1713 1083 1748 ante
1112 1708 1373 1759 ostendimus,
1402 1709 1610 1758 propterea
1637 1707 1736 1744 haec
1764 1707 1788 1743 a
1816 1703 1931 1742 nobis
1960 1715 2042 1740 non

96 1773 284 1815 tanquam
313 1765 609 1816 ceremonialia,
639 1766 708 1804 sed
736 1764 866 1816 potius
889 1771 1077 1814 tanquam
1105 1763 1265 1813 politica
1294 1761 1516 1811 Ecclesiae,
1540 1760 1581 1799 id
1601 1760 1691 1810 sed,
1715 1760 1766 1797 ad
1781 1758 1924 1796 iustum
1942 1755 2044 1794 ordi-

96 1832 187 1858 nem
214 1820 538 1870 honestatemque
566 1819 687 1869 ipsius
715 1817 949 1869 pertinentia
977 1820 1094 1867 (quae
1124 1817 1204 1855 duo
1219 1818 1359 1854 Paulus
1375 1813 1574 1865 praecepit
1588 1811 1880 1863 diligentissime
1901 1823 1933 1848 1.
1949 1809 2042 1847 Cor.

99 1886 161 1932 14.
193 1874 274 1921 40.)
302 1880 486 1911 curantur
514 1873 701 1923 religione
730 1884 895 1911 summa.
937 1871 1004 1909 Sin
1036 1871 1087 1908 ad
1115 1869 1294 1908 ordinem
1324 1868 1415 1907 iuris
1441 1866 1684 1919 particularis
1713 1871 1908 1916 spectant,
1936 1863 2045 1913 quod

97 1938 156 1965 1115
195 1926 429 1976 particulare
466 1927 518 1965 ad
547 1925 789 1964 Christianos
819 1925 944 1975 reipsa
973 1923 1134 1962 minime
1162 1923 1348 1974 pertinet,
1377 1923 1446 1961 sed
1475 1922 1628 1960 tantum
1655 1918 1852 1970 analogia,
1881 1915 2045 1955 omnino

98 1980 304 2018 statuimus
332 1979 577 2018 ceremonias
606 1979 691 2018 illas
720 1981 825 2018 recte
853 1984 1021 2017 mutatas
1051 1990 1155 2027 esse,
1179 1984 1246 2015 3111
1260 1989 1332 2027 pro
1349 1974 1632 2014 commoditate
1645 1972 1803 2023 piorum
1818 1969 2044 2009 mutabiles:

100 2033 436 2091 Quandoquidem
463 2034 570 2084 leges
598 2032 823 2071 huiusmodi
850 2039 916 2071 aut
943 2029 1161 2082 principio,
1188 2037 1253 2068 aut
1282 2029 1440 2068 obiecto
1469 2026 1748 2067 ceremoniales
1763 2031 1871 2075 sunt,
1887 2030 1953 2062 aut
1967 2023 2045 2060 fine

97 2099 267 2136 1psarum
296 2086 507 2137 implexam
536 2085 756 2125 necessario
784 2087 931 2125 habent
959 2083 1184 2123 mutationis
1212 2085 1351 2134 legem.
1380 2084 1426 2120 In
1451 2081 1496 2120 iis
1525 2083 1617 2120 vero
1641 2079 1793 2130 legibus
1808 2075 2047 2117 ceremonia-

99 2140 200 2178 libus
239 2152 340 2190 quae
381 2139 607 2191 figuratiuae
647 2140 766 2191 vulgo
810 2140 1075 2190 appellantur,
1117 2144 1183 2176 aut
1217 2139 1295 2187 qua
1327 2135 1555 2187 figuratiuae
1583 2140 1690 2184 sunt,
1718 2132 1817 2171 ratio
1846 2138 1903 2170 est
1930 2131 2048 2179 longe

99 2193 265 2232 diuersa.
308 2194 409 2232 Nam
438 2193 565 2232 omnis
592 2194 715 2243 figura
743 2191 1036 2242 ceremonialis,
1063 2197 1129 2229 aut
1157 2203 1287 2230 rerum
1316 2188 1611 2241 praeteritarum
1639 2194 1696 2225 est
1723 2184 1967 2233 recordatio,
1983 2189 2049 2221 aut

99 2246 362 2296 praesentium
404 2246 706 2296 demonstratio,
748 2253 814 2284 aut
855 2248 1072 2284 futurarum
1115 2242 1455 2294 praesignificatio.
1508 2242 1620 2290 Quae
1655 2241 1706 2278 ad
1734 2237 2049 2278 recordationem

100 2299 396 2350 praeteritorum
425 2299 708 2339 beneficiorum
735 2301 890 2338 fuerunt
913 2298 1009 2338 olim
1033 2300 1056 2335 a
1085 2299 1172 2336 Deo
1200 2297 1396 2336 institutae
1425 2297 1460 2333 &
1489 2296 1540 2333 ad
1567 2293 1830 2345 praesentium
1858 2289 2046 2342 significa-

101 2353 269 2401 tionem,
313 2366 468 2404 semper
503 2353 664 2403 quidem
705 2355 861 2392 fuerunt
903 2351 1131 2400 mutabile83
1165 2351 1235 2390 sed
1270 2363 1351 2389 11011
1389 2361 1527 2388 01111165
1564 2347 1743 2386 eamdem
1780 2344 2049 2385 necessitatem

102 2406 327 2446 mutationis
358 2407 598 2446 subiuerunt.
631 2407 744 2456 Quae
773 2408 823 2445 ad
851 2404 1093 2445 ceremonias
1121 2403 1378 2454 praenuncias
1406 2414 1535 2441 rerum
1561 2402 1777 2439 futurarum
1803 2399 1843 2437 in
1872 2396 2050 2447 Christo,

103 2460 265 2499 omnino
294 2467 410 2510 atque
439 2460 613 2499 funditus
641 2460 860 2511 perierunt,
888 2459 979 2510 quia
1007 2459 1082 2496 hae
1106 2458 1188 2496 sine
1210 2454 1615 2508 turpissima&impia
1629 2453 1871 2493 abiuratione
1886 2449 2052 2500 Christi,

102 2513 177 2551 Dei
205 2514 244 2552 in
273 2527 390 2552 carne
418 2514 478 2552 his
506 2513 751 2564 temporibus
780 2513 923 2552 vltimis
951 2511 1154 2562 patefacti,
1182 2511 1313 2562 vigere
1338 2523 1420 2549 non
1443 2515 1619 2560 possunt.
1646 2509 1782 2558 Itaque
1799 2505 2052 2553 sabbathum,

104 2569 181 2616 qua
218 2567 440 2606 recordatio
472 2567 542 2605 fuit
571 2566 797 2618 creationis,
826 2573 1022 2604 mutatum
1052 2571 1129 2603 est:
1158 2565 1228 2603 sed
1256 2577 1337 2603 non
1365 2563 1417 2602 ita
1444 2561 1686 2613 necessario,
1710 2560 1803 2610 quin
1832 2556 2053 2598 recordatio

104 2619 311 2659 creationis
341 2622 420 2659 hoc
447 2632 607 2670 quoque
635 2627 812 2670 tempore
840 2618 1041 2658 obseruari
1065 2625 1219 2669 posset,
1247 2617 1279 2656 si
1301 2617 1397 2656 nihil
1417 2615 1583 2666 amplius
1605 2614 1746 2653 inesset
1761 2610 1941 2652 sabbathi
1954 2609 2054 2648 illius

107 2673 385 2732 obseruationi.
415 2675 504 2723 Qua
533 2681 779 2723 praesentem
809 2673 981 2723 quietem
1010 2671 1321 2710 Christianorum
1337 2669 1589 2720 omnium,in
1605 2668 1762 2707 Christo
1776 2663 2054 2717 pacem,iusti-

107 2733 221 2785 tiam,
249 2726 450 2777 vitamque
479 2726 753 2777 obtinentium,
782 2732 1062 2777 repraesentat,
1091 2737 1173 2763 non
1201 2726 1452 2775 obseruatur,
1480 2722 1571 2772 quia
1591 2721 1690 2759 haec
1709 2718 1900 2761 beneficia
1912 2716 2055 2756 Christi

105 2781 183 2817 allo
215 2780 279 2818 die
314 2782 429 2819 nobis
456 2788 586 2832 parta,
617 2782 651 2818 &
680 2782 795 2830 plene
824 2785 1098 2818 consummata
1124 2785 1233 2829 sunt,
1260 2785 1376 2827 atque
1404 2778 1614 2827 patefacta,
1636 2774 1819 2814 nimirum
1839 2771 1968 2822 primo
1993 2769 2056 2807 die

1117 2846 1166 2881 49
1772 2822 2033 2864 hebdomadis
2046 2835 2057 2872 3
