2334 3020
795 101 1076 129 FRANclsffl
1118 102 1258 135 JUNII
1306 102 1435 126 Vi'rA.
2030 90 2107 138 29'

154 213 238 249 fore
277 208 370 248 mihi
410 221 500 259 erga
540 209 643 258 ipsos
685 212 842 258 re'rnque
884 207 1056 258 ipsorum
1098 207 1293 258 publicam
1333 208 1369 244 δε
1398 205 1595 244 ciuitatem
1623 207 1814 245 animum:
1841 207 1966 244 celare
1994 218 2074 243 non

154 275 288 314 posse,
330 260 499 300 edictum
534 261 657 311 pridie
685 261 799 299 fuisse
827 260 964 311 Brugis
990 261 1030 299 in
1059 273 1127 300 sua
1155 259 1363 309 metropoli
1391 259 1599 298 aduersum
1628 273 1689 298 me
1717 259 1944 298 auctoritate
1973 258 2078 308 regia

153 315 468 367 pronunciatum:
510 327 572 364 se,
611 321 809 364 tamquam
851 314 955 352 viros
983 313 1060 352 mei
1087 315 1122 352 &
1150 312 1326 363 publicae
1355 323 1513 362 quoque
1541 312 1710 351 Vtilitatis
1739 311 1954 361 studiosos,
1984 311 2079 350 mihi

154 376 332 408 auctores
360 380 464 418 esse,
490 373 532 405 vt
559 367 657 405 intra
686 379 774 405 eum
803 367 906 405 diem
935 367 984 405 de
1011 369 1100 405 loco
1129 366 1389 406 discederem:
1418 365 1604 414 postridie
1625 365 1794 404 edictum
1815 365 1909 404 illud
1931 377 1972 403 se
1995 377 2079 403 esse

153 422 486 473 promulgaturos:
515 420 623 470 quod
650 419 681 459 si
708 420 913 458 consilium
941 421 1138 471 Brugense
1166 419 1386 458 tarditatem
1413 418 1587 468 increpet
1615 418 1807 468 ipsorum,
1829 424 2079 456 excusaturos

155 475 326 514 edictum
367 472 485 512 serius
525 473 575 511 ad
615 485 655 511 se
695 474 885 523 perlatum
927 485 1032 523 esse,
1073 486 1120 511 ac
1146 473 1353 523 propterea
1380 470 1461 510 fieri
1490 484 1570 510 non
1597 471 1768 521 potuisse
1796 477 1836 510 vt
1864 471 2080 510 ediceretur

157 525 382 577 temporius.
435 525 639 576 Spopondi
667 526 720 564 eis
749 538 811 564 me
839 537 1036 565 cessurum
1063 527 1177 575 loco,
1205 527 1241 564 δε
1269 524 1410 576 gratias
1433 524 1494 574 egi
1516 524 1764 563 humanitatis
1786 524 1884 562 illius
1906 523 2076 562 nomine.

156 580 232 619 Sed
258 579 513 628 torquebatur
539 578 690 617 animus
717 579 756 617 in
781 591 829 617 eo
857 580 947 618 loco
977 577 1334 628 vehementissime,
1364 578 1451 616 cum
1479 590 1552 615 nec
1579 577 1750 628 linguam
1774 579 1976 626 callerem,
2004 588 2077 614 nec

155 635 296 672 ducem
331 632 517 670 haberem
544 631 688 671 itineris
716 631 755 670 in
784 633 868 670 solo
895 631 1114 682 incognito:
1143 632 1242 670 adeo
1271 637 1312 669 vt
1338 630 1414 668 iam
1443 629 1700 669 deliberatum
1728 637 1826 669 esset
1853 636 2009 668 noctem
2038 628 2076 666 in

154 685 294 736 palude
334 684 512 734 proxima
551 684 616 724 vbi
657 683 780 735 pridie
820 685 986 734 fueram,
1015 684 1239 735 transigere.
1280 685 1393 722 Haec
1421 683 1615 734 cogitante
1643 696 1724 732 me,
1752 696 1844 722 ecce
1871 681 2078 732 Brugensis

153 739 216 778 ille
239 737 402 776 nuncius
424 737 603 788 aduenit,
628 750 770 788 rogans
794 737 994 776 communi
1014 737 1212 776 Ecclesiae
1236 735 1393 775 nomine
1416 736 1455 774 in
1478 737 1615 775 vrbem
1629 737 1804 785 veniam,
1829 737 1864 773 &
1880 747 2079 784 exponens

153 790 337 842 postulati
364 802 511 830 causas.
540 792 593 829 At
619 803 693 841 ego
722 794 860 829 contra
887 792 937 829 de
965 790 1039 829 alia
1064 790 1126 829 via
1153 790 1281 839 aliqua
1308 789 1581 840 consulebam,
1613 802 1662 827 ne
1693 789 1787 827 mihi
1813 790 1960 838 Brugas
1989 798 2078 825 eun-

153 845 246 883 dum
276 850 388 882 esset.
436 843 613 894 Amplius
641 843 806 883 instante
833 843 996 895 nuncio,
1038 846 1073 882 Sc
1108 856 1176 893 per
1202 845 1332 881 Deum
1360 848 1560 880 auctorem
1588 841 1804 881 vocationis
1832 842 1943 880 huius
1970 841 2080 878 obse-

153 904 306 947 crante,
341 896 464 935 victus
489 896 780 947 importunitate
811 896 1001 947 hominis,
1024 895 1208 946 respondi
1232 909 1294 933 me
1316 894 1413 933 scire
1437 895 1675 944 perieulum,
1701 895 1810 945 quod
1830 895 1893 933 ille
1912 895 2080 943 negabat

154 949 490 990 constantissime:
533 949 564 988 si
604 961 680 999 qua
723 955 852 988 tamen
886 949 1099 988 commoda
1126 947 1223 987 ratio
1250 947 1486 986 inueniretur
1513 947 1781 986 dissimulandi
1809 948 1885 986 mei
1912 950 1947 985 δε
1974 945 2079 984 vrbis

152 1003 365 1053 ineundae,
394 1016 456 1042 me
484 1002 612 1053 potius
639 1002 678 1040 in
702 1002 774 1041 iter
792 1003 971 1041 daturum
993 1015 1093 1050 esse,
1122 1003 1240 1051 quam
1255 999 1553 1039 commissurum
1568 1007 1609 1038 vt
1623 1012 1738 1039 causa
1751 1000 1908 1051 publica
1922 1006 2080 1049 propter

154 1056 370 1096 absentiam
411 1069 538 1094 meam
579 1055 729 1094 deserta
759 1062 872 1094 esset.
899 1056 969 1094 Ille
998 1054 1229 1093 exhilaratus
1256 1052 1448 1102 promisso
1477 1052 1690 1092 rimabatur
1718 1053 1868 1104 omnia,
1896 1054 1932 1091 Sc
1959 1052 2079 1090 modo

153 1112 255 1160 huc,
296 1109 418 1148 modo
458 1108 548 1147 illuc
589 1121 673 1147 sese
715 1109 989 1157 conuertebat,
1030 1114 1070 1145 vt
1099 1106 1202 1144 viam
1231 1105 1419 1156 aliquam,
1462 1105 1493 1143 si
1523 1107 1645 1155 forte,
1683 1106 1860 1155 aperiret.
1900 1106 2080 1143 Tandem

154 1175 243 1202 cum
271 1162 532 1201 caementario
561 1167 769 1212 structore,
798 1160 865 1211 qui
891 1160 931 1198 in
959 1159 1183 1210 propinquo
1211 1159 1400 1197 caedebat
1426 1158 1594 1208 lapides,
1618 1158 1847 1209 paciscitur,
1869 1171 1931 1196 me
1955 1164 2080 1196 vestes

154 1229 260 1254 meas
302 1215 342 1253 in
381 1217 472 1253 loco
515 1214 739 1252 relicturum
775 1214 879 1263 apud
911 1212 1124 1262 hospitem,
1161 1214 1196 1250 δε
1228 1211 1483 1249 commodato
1512 1211 1684 1250 vestibus
1710 1210 1828 1261 ipsius
1857 1212 2081 1249 abusurum.

154 1271 212 1307 Ita
244 1275 423 1318 ornatus,
452 1278 542 1305 cum
568 1267 637 1306 illo
666 1265 765 1304 duce
792 1265 956 1316 itineris,
986 1264 1136 1304 excurri
1159 1267 1306 1314 Brugas
1336 1263 1625 1313 diligentissime
1652 1267 1758 1312 (nam
1782 1263 1987 1314 ingruebat
1999 1276 2081 1301 ves-

154 1324 263 1372 pera)
292 1322 327 1358 &
347 1319 591 1358 intromissus
613 1318 654 1356 in
668 1320 805 1357 vrbem
818 1320 971 1368 portula
986 1317 1214 1368 pertransiui
1230 1323 1432 1367 Vtramque
1447 1317 1664 1355 custodiam
1674 1347 1684 1366 ,
1700 1317 1908 1355 seruiturus
1923 1322 2084 1354 structu-

153 1388 218 1413 rae
238 1373 371 1423 templi
391 1371 564 1411 Domini.
591 1371 918 1411 Commodissime
938 1375 1033 1411 vero
1047 1371 1148 1410 inter
1161 1370 1363 1423 [custodias
1384 1369 1467 1409 illas
1483 1371 1589 1408 Deus
1603 1382 1773 1420 prospex
1788 1375 1868 1408 erat
1884 1369 1934 1407 de
1948 1370 1988 1418 (f.
2009 1370 2083 1416 18.)

154 1427 301 1466 artifice
341 1426 512 1475 quodam
550 1427 605 1474 (vt
633 1425 789 1474 opinor)
816 1424 1004 1476 Brugensi
1031 1424 1137 1463 ciue:
1182 1423 1248 1473 qui
1277 1423 1381 1461 viam
1408 1423 1605 1462 sternebat
1631 1423 1877 1473 imprudens,
1917 1428 1960 1459 vt
1990 1421 2084 1459 citra

156 1478 424 1530 quaestionem
467 1485 531 1516 aut
571 1478 880 1517 controuersiam
919 1490 989 1528 per
1031 1491 1095 1516 eas
1136 1476 1426 1515 transmitterer.
1467 1477 1537 1514 Ille
1578 1475 1682 1514 enim
1723 1476 1886 1514 alterum
1912 1488 1975 1513 me
2002 1486 2086 1512 esse

157 1540 281 1583 ratus,
319 1531 488 1570 vicinum
518 1531 659 1582 credo,
700 1537 766 1569 aut
793 1530 988 1582 plebeium
1019 1530 1093 1570 sibi
1132 1529 1370 1568 familiariter
1396 1536 1552 1580 notum,
1581 1529 1751 1567 Flandro
1779 1541 1960 1567 sermone
1987 1539 2086 1566 voce

156 1585 324 1624 maxima
363 1583 618 1635 acclamauit,
657 1585 788 1623 bonam
833 1590 1051 1634 vesperam,
1095 1588 1307 1633 compater:
1350 1584 1386 1621 &
1425 1583 1542 1621 falsus
1571 1581 1756 1633 opinione
1784 1581 2085 1631 imprudensque

155 1638 288 1678 fefellit
316 1637 537 1687 custodias,
566 1649 710 1687 magno
740 1637 940 1676 Ecclesiae
967 1637 1195 1675 commodo,
1223 1638 1283 1674 Ita
1312 1635 1519 1685 superueni
1548 1634 1729 1674 fratribus
1747 1633 1996 1673 haerentibus
2011 1632 2088 1671 mei

155 1690 465 1741 exspectatione,
507 1691 542 1728 &
583 1690 699 1729 rebus
740 1690 915 1740 ipsorum
955 1689 1154 1740 consului,
1195 1695 1312 1739 prout
1354 1688 1516 1739 gratiam
1552 1688 1668 1727 nobis
1697 1694 1755 1726 est
1780 1687 1938 1738 largitus
1967 1688 2085 1725 Deus.

156 1745 275 1795 Apud
314 1746 462 1794 Brugas
503 1743 639 1783 diebus
679 1743 827 1793 aliquot
867 1742 1130 1793 consumptis,
1172 1741 1334 1781 salutaui
1369 1743 1525 1791 fratres,
1566 1744 1602 1780 δε
1636 1741 1891 1791 Antuerpiam
1934 1751 2089 1778 euersus

157 1809 260 1837 sum:
303 1796 369 1835 vbi
407 1803 560 1847 praeter
599 1796 827 1846 opinionem
866 1810 929 1836 me
970 1798 1172 1835 exclusum
1214 1795 1389 1845 comperi
1424 1796 1475 1834 ab
1506 1793 1705 1833 Ecclesiae
1731 1793 1834 1832 illius
1861 1791 2087 1831 ministerio.

156 1853 259 1890 Nam
286 1851 376 1888 cum
404 1850 495 1888 inde
521 1851 571 1888 ab
600 1850 779 1901 Augusto
809 1862 964 1901 mense,
992 1860 1071 1899 quo
1099 1849 1371 1888 Iconoelastae
1398 1847 1543 1898 passim
1570 1847 1809 1898 irruperant,
1855 1845 2089 1885 seditionum

157 1907 193 1943 &
220 1913 440 1954 pugnarum
468 1909 593 1942 metus
620 1901 887 1954 impenderet,
917 1904 1042 1942 fuerat
1078 1901 1419 1941 Gubernatoribus
1449 1900 1610 1951 singulis
1638 1901 1887 1949 mandatum,
1915 1905 1957 1937 Vt
1983 1911 2089 1936 com-

156 1957 276 1996 moda
303 1955 565 1994 transactione
593 1955 861 2006 tranquillitati
888 1956 1068 2006 publicae
1099 1957 1358 1994 consulerent.
1392 1956 1487 1992 Hoc
1515 1953 1678 1992 consilio
1707 1951 1962 1991 Aurasiorum
1989 1950 2090 2001 prin-

156 2023 270 2060 ceps,
296 2008 559 2060 Burggrauius
585 2010 641 2057 (vt
664 2011 824 2058 vocant)
853 2020 921 2048 seu
941 2009 1174 2047 Vicecomes
1201 2007 1513 2057 Antuerpianus,
1542 2013 1647 2045 certa
1668 2005 1794 2056 capita
1816 2003 2092 2044 conuentionis

156 2063 257 2102 inter
271 2061 377 2100 ciues
391 2060 586 2111 Vtrimque
600 2062 682 2102 fieri
697 2069 924 2111 curauerat,
951 2061 1332 2111 transactionemque
1353 2059 1489 2110 statui,
1511 2061 1619 2109 cujus
1642 2057 1913 2098 transactionis
1928 2058 2093 2096 habetur

159 2116 381 2166 exemplum
406 2114 601 2165 integrum
628 2116 669 2154 in
698 2115 852 2155 Gallico
880 2115 1176 2165 Martyrologio.
1204 2115 1308 2152 Nam
1325 2127 1372 2152 ex
1387 2126 1434 2152 eo
1449 2120 1628 2162 tempore
1642 2117 1722 2150 non
1736 2112 1880 2150 licebat
1892 2109 2091 2149 Ecclesiae

159 2168 448 2218 Antuerpianae
475 2174 630 2206 nostrae
657 2170 786 2219 plures
815 2169 969 2207 duobus
995 2167 1195 2206 Ministros
1223 2168 1386 2216 habere,
1421 2176 1566 2215 eosque
1593 2165 1818 2217 indigenas,
1845 2171 1911 2203 aut
1938 2162 2092 2202 ciuitate

161 2223 330 2261 donatos
357 2220 485 2271 aliqua
511 2221 550 2259 in
577 2221 730 2272 Belgio,
771 2222 807 2259 &
837 2221 904 2271 qui
931 2220 1129 2271 stipulanti
1155 2219 1325 2269 Principi
1353 2218 1551 2258 dedissent
1577 2219 1713 2257 fidem:
1757 2228 1834 2267 qua
1859 2218 1945 2268 lege
1973 2216 1996 2264 ij
2027 2215 2093 2265 qui

163 2282 245 2313 tum
285 2274 325 2312 in
367 2275 459 2312 loco
487 2275 670 2326 aderant,
712 2274 816 2325 prius
845 2277 963 2324 quam
991 2273 1234 2313 reuertissem
1260 2272 1419 2323 Brugis,
1464 2271 1593 2310 vocati
1620 2272 1672 2310 ad
1697 2271 1941 2320 Principem,
1979 2268 2092 2307 iusiu-

167 2328 333 2366 randum
373 2326 463 2365 fidei
504 2327 543 2365 in
583 2327 852 2367 transactionis
890 2329 996 2378 leges
1040 2327 1273 2365 iurauerant.
1315 2326 1448 2374 Quum
1488 2324 1617 2374 itaque
1653 2323 1734 2363 dies
1761 2323 1909 2373 aliquot
1934 2322 1973 2360 in
2001 2323 2091 2360 loco

169 2380 317 2420 otiosus
343 2379 545 2431 vixissem,
572 2393 700 2431 neque
728 2394 880 2419 moram
906 2380 947 2418 in
975 2379 1055 2419 otio
1084 2380 1208 2429 (quod
1235 2379 1430 2429 rogabant
1456 2377 1524 2428 illi)
1553 2379 1651 2416 ferre
1677 2378 1784 2416 bona
1811 2376 1888 2414 fide
1915 2387 2091 2425 possem,

169 2433 346 2471 Ecclesia
385 2434 605 2482 postulante
645 2447 694 2473 ne
735 2435 871 2473 saltem
913 2447 960 2472 ex
987 2432 1147 2483 regione
1175 2432 1354 2482 Belgica,
1393 2437 1434 2470 Vt
1461 2437 1586 2469 metus
1614 2437 1720 2480 erat,
1761 2429 2012 2478 excederem,
2052 2427 2091 2464 in

170 2497 306 2536 agrum
347 2485 670 2536 Limburgensem
711 2486 801 2526 veni
842 2486 1007 2526 Octobri
1040 2498 1192 2536 mense,
1232 2486 1281 2523 de
1308 2483 1663 2534 Antuerpianorum
1690 2484 1851 2521 fratrum
1880 2479 2089 2526 sententia,

168 2546 251 2577 tota
276 2551 362 2577 mea
389 2539 625 2588 supellectile
652 2539 808 2578 libraria
834 2553 880 2578 ac
906 2538 1085 2578 vestiaria
1113 2539 1218 2588 apud
1243 2538 1330 2576 illos
1357 2543 1570 2576 asseruata:
1601 2550 1648 2575 ex
1675 2547 1754 2586 quo
1778 2535 1919 2574 deinde
1933 2535 2091 2582 factum,

165 2598 208 2630 vt
244 2590 461 2630 vniuersam
487 2591 593 2630 illam
620 2591 849 2632 amitterem.
907 2592 1002 2631 Dies
1029 2592 1216 2642 agebatur
1243 2590 1427 2630 Octobris
1456 2588 1808 2640 decimusquartus,
1849 2598 1970 2638 quum
1998 2587 2092 2623 Ant-

168 2645 302 2695 verpia
327 2645 524 2694 profectus
552 2656 654 2684 sum:
695 2645 883 2697 postridie
918 2645 958 2684 in
986 2656 1122 2694 agrum
1149 2644 1473 2693 Limburgensem
1501 2643 1607 2693 veni,
1648 2642 1715 2681 vbi
1743 2654 1806 2679 me
1834 2640 1926 2689 varij
1955 2641 2092 2677 fluctus

167 2704 415 2747 exceperunt.
454 2698 556 2736 Nam
591 2698 760 2748 primum
788 2705 828 2738 vt
855 2698 996 2748 pedem
1022 2699 1182 2736 Heruae
1209 2696 1408 2747 posuimus
1435 2696 1486 2744 (is
1513 2707 1634 2746 pagus
1664 2701 1720 2734 est
1747 2694 1862 2733 laude
1890 2703 2091 2731 caseorum

168 2750 207 2789 in
248 2749 384 2801 Belgio
424 2752 459 2789 &
502 2751 714 2790 Germania
749 2751 926 2801 celebris)
954 2751 1138 2790 tumultus
1166 2750 1204 2789 in
1233 2749 1321 2789 vico
1350 2755 1506 2788 exortus
1533 2755 1611 2788 est:
1653 2748 1722 2787 sed
1750 2746 1926 2786 continui
1953 2758 2015 2784 me
2043 2745 2092 2782 ab

2046 2809 2093 2836 eo
