2334 3020
240 69 288 100 VI
1049 67 1453 100 PRAEFATIO.

242 184 332 236 legi
352 183 588 237 superbum
617 183 809 224 maxime
824 182 1189 237 philosophorum
1204 195 1360 236 genus3
1380 182 1567 224 hominis
1583 195 1686 224 vero
1701 181 1894 223 arbitrio
1915 180 2067 223 frivola
2083 182 2174 236 ple-

240 256 422 297 rumque
458 242 598 297 plebis
630 243 863 284 insolentia
894 242 1173 296 imperitique
1200 242 1318 297 vulgi
1356 243 1497 284 rabies
1529 256 1705 283 cursum
1736 256 1876 283 rerum
1902 248 2034 296 atque
2051 256 2175 284 even-

240 310 333 344 tum
361 304 625 345 moderatori
658 304 893 357 assignant.
923 303 1039 344 Hinc
1056 309 1157 344 ante
1174 302 1397 344 saeculum
1415 303 1502 344 fere
1527 309 1655 344 atrox
1673 304 1755 344 ista
1772 303 1950 357 diraque
1971 303 2015 343 in
2033 301 2175 344 Gallia

239 377 380 405 rerum
405 364 573 405 exstitit
604 364 895 404 commutatio
920 377 1054 416 quae,
1086 364 1237 404 omnia
1257 362 1452 405 humana
1478 364 1624 405 divina
1650 377 1807 417 susque
1829 365 1973 417 deque
1990 368 2173 414 vertens,

238 436 327 464 non
357 428 532 465 tantum
555 437 645 464 rem
669 423 852 473 civilem,
884 429 929 464 at
960 436 1062 464 vero
1086 424 1331 465 universam
1359 423 1688 474 humanitatem,
1712 423 1772 465 sic
1798 423 1992 465 revoluta
2009 429 2176 477 pertur-

239 483 358 525 bavit
385 486 500 533 rota,
529 490 576 525 ut
602 484 648 525 in
680 483 873 524 reublica
896 483 1046 537 populi
1079 483 1281 535 arbitrio,
1315 483 1362 524 in
1386 484 1474 525 vita
1502 483 1656 525 morali
1692 497 1895 525 sensuum
1927 484 2173 533 dictamini,

237 545 280 584 in
311 544 517 586 societate
549 544 769 586 certamini
801 545 1151 593 commodorum,
1179 545 1223 584 in
1246 545 1536 585 sacrosanctis
1568 544 1755 598 denique
1780 545 1960 586 rationis
1991 543 2173 598 placito,

238 603 499 645 diiudicandi
547 605 612 645 ius
648 604 901 645 inviolabile
932 610 975 645 et
1023 606 1302 646 moderamen
1346 605 1672 646 concederetur.
1725 605 1901 646 Etenim
1951 603 2036 646 hoc
2082 617 2174 647 ma-

237 664 357 705 xime
388 670 432 706 et
463 665 589 705 unice
622 663 706 705 fere
738 663 863 704 huius
897 664 1242 706 conturbationis
1274 664 1430 714 duces,
1474 678 1573 706 cum
1605 665 1718 705 inter
1749 665 1911 715 civiles,
1949 670 2041 707 turn
2063 665 2174 707 inter

237 724 525 778 philosophos
567 725 846 778 spectabant,
895 731 942 766 ut
984 739 1040 767 ex
1076 725 1295 765 humanae
1327 724 1566 765 voluntatis
1599 725 1743 766 radice
1774 739 1887 779 eque
1919 725 2174 767 mortalium

238 784 396 838 ingenii
428 785 640 839 principio
670 790 880 839 tanquam
913 799 1052 827 novus
1092 789 1391 840 procrearetur
1423 785 1574 826 mundi
1600 791 1819 838 aspectus,
1848 799 1962 827 nova
1994 787 2174 828 omnino

237 858 316 897 pro
344 844 531 885 hominis
554 845 692 886 lubitu
710 846 962 887 conderetur
978 846 1176 895 societas,
1199 858 1318 888 nova
1334 845 1523 899 denique
1541 844 1721 886 oriretur
1736 844 1974 900 theologia,
1994 847 2039 887 in
2056 847 2175 888 cuius

236 905 417 958 templo,
451 906 576 959 pulso
608 920 781 959 prorsus
809 906 986 948 mirifice
1008 907 1164 956 fallaci,
1183 912 1230 947 ut
1245 905 1437 955 aiebant,
1462 905 1515 946 de
1532 910 1719 959 peccato
1745 906 1917 948 somnio
1934 907 2173 949 exstincto-

235 978 320 1018 que
347 964 507 1007 Christi
532 965 708 1018 lumine,
745 966 959 1008 Rationis
989 970 1226 1008 Humanae
1252 965 1449 1007 humana
1475 965 1744 1019 perfectione
1775 967 2057 1019 praecinctae
2088 966 2173 1009 col-

236 1024 429 1067 lucerent
470 1025 715 1080 lampades.
763 1025 884 1080 Quid
930 1027 1087 1068 mirum
1132 1027 1267 1068 talem
1315 1027 1555 1068 amentiam
1601 1025 1784 1066 iamiam
1815 1026 1972 1079 cuique
2003 1028 2173 1080 optimo

236 1085 508 1127 inexorabile
554 1088 621 1127 sui
667 1086 943 1128 instillavisse
981 1088 1155 1129 odium?
1210 1086 1374 1140 Fragili
1405 1086 1570 1128 scilicet
1605 1091 1740 1139 atque
1777 1092 1990 1140 perpetuo
2024 1088 2175 1128 mobili

238 1147 442 1199 imposita
487 1145 691 1188 volubilis
743 1147 909 1188 arbitrii
958 1149 1033 1189 axi
1090 1148 1202 1189 bene
1244 1146 1504 1201 placideque
1549 1147 1871 1200 conquievisset
1919 1146 2175 1190 universitas

235 1209 397 1248 rerum!
446 1206 646 1248 Profecto
689 1207 815 1248 nimis
844 1207 954 1249 haec
986 1208 1200 1249 insaniam
1238 1208 1486 1261 mentisque
1517 1206 1775 1261 perolebant
1805 1206 2008 1249 delirium
2040 1221 2175 1261 quam

237 1272 283 1308 ut
309 1267 508 1320 ingenuis
535 1267 695 1309 diutius
719 1268 1019 1322 probarentur.
1043 1269 1159 1309 Hinc
1182 1282 1290 1309 mox
1313 1268 1370 1309 ab
1388 1265 1774 1322 „imaginatione''‚
1793 1267 1848 1308 de
1864 1281 1951 1321 qua
1968 1268 2172 1318 diximuS,

235 1326 293 1367 ad
324 1326 560 1369 historiam
586 1329 889 1382 undecumque
922 1342 1135 1370 recursus.
1169 1326 1365 1369 Sufficiat
1397 1329 1440 1368 in
1473 1328 1728 1369 memoriam
1756 1327 1923 1382 inclyta
1953 1327 2100 1369 Burkii
2132 1334 2175 1370 et

235 1385 393 1438 Gentii‚
449 1387 678 1429 Niebuhrii
723 1394 767 1429 et
813 1387 1049 1443 Savignyi,
1096 1388 1262 1430 Halleri
1305 1395 1347 1430 et
1385 1386 1562 1439 Steinii,
1609 1387 1819 1437 aliorum,
1854 1400 2060 1430 revocare
2092 1400 2172 1429 no-

235 1446 371 1498 mina,
405 1454 454 1489 ut
486 1462 626 1490 novae
657 1447 815 1490 dehinc
846 1447 1133 1500 „historicae”
1170 1462 1281 1502 quae
1312 1448 1555 1490 celebratur
1586 1447 1733 1490 scolae
1765 1448 2050 1491 intaminatus
2079 1448 2172 1490 uni-

237 1506 391 1560 cuique
423 1508 620 1550 renideat
651 1508 868 1563 splendor.

295 1567 349 1608 II.
413 1567 575 1609 Errant
605 1574 752 1610 tamen
771 1600 781 1619 ,
829 1567 1006 1623 quibuS,
1038 1574 1086 1610 ut
1117 1581 1143 1610 a
1175 1568 1286 1609 facie
1313 1568 1576 1618 coniiciunt,
1625 1581 1777 1611 omnes
1805 1570 1893 1610 iam
1923 1567 1998 1623 qui
2028 1568 2174 1623 pristi-

237 1641 339 1668 nam
384 1628 540 1669 faciem
587 1629 783 1670 societati
816 1642 1027 1682 reponere
1073 1630 1302 1677 studeant,
1346 1628 1509 1670 idcirco
1562 1641 1695 1670 unam
1743 1642 1920 1683 quoque
1968 1629 2173 1671 eandem-

235 1701 319 1740 que
366 1689 447 1729 sibi
494 1689 679 1731 traxisse
725 1690 919 1730 videntur
965 1689 1136 1730 faciem.
1206 1689 1534 1742 Retrospiciunt
1585 1690 1762 1742 quidem
1813 1703 1979 1739 omnes,
2021 1702 2173 1731 omnes

237 1761 387 1800 presso
427 1750 539 1802 pede
571 1749 762 1790 minusve
794 1750 923 1791 celeri
955 1750 1093 1803 gradu
1132 1749 1508 1803 retrogradiuntur
1535 1749 1617 1802 ipsi
1644 1763 1881 1803 secumque
1922 1750 2081 1791 ducere
2111 1763 2174 1791 re-

235 1814 420 1848 trorsum
437 1810 578 1860 minis,
607 1810 833 1860 illecebris,
857 1810 1041 1863 scriptis,
1060 1823 1185 1850 suam
1202 1815 1418 1850 conantur
1434 1815 1639 1858 aetatem,
1662 1834 1720 1840 —
1743 1810 1818 1851 alii
1835 1824 1938 1851 vero
1955 1809 2039 1851 alio
2057 1810 2176 1851 citati

236 1868 434 1919 stimulo,
464 1869 552 1910 alio
585 1870 658 1911 alii
691 1876 952 1924 spectantes.
986 1870 1080 1910 Imo
1113 1869 1426 1923 quadripertita
1453 1871 1811 1911 commodissime
1832 1870 2040 1911 historica
2065 1870 2174 1912 haec

238 1941 350 1981 quae
382 1930 626 1983 appellatur
658 1931 778 1971 scola
809 1930 1015 1970 dividitur
1047 1935 1123 1970 aut
1153 1935 1311 1983 sponte
1341 1930 1487 1983 potius
1513 1930 1716 1971 dilabitur
1756 1931 1865 1984 ipsa.
1913 1929 2024 1972 Sunt
2056 1931 2174 1972 enim

240 1988 312 2041 qui
346 1990 402 2030 ad
429 1989 738 2042 popularium,
768 1995 870 2031 sunt
896 1990 967 2043 qui
1002 1990 1058 2030 ad
1077 1989 1421 2039 christianismi,
1451 1996 1553 2031 sunt
1583 1990 1656 2043 qui
1688 1990 1744 2032 ad
1771 1990 1985 2031 classicae
2005 1991 2172 2041 aetatis,

239 2054 342 2089 sunt
383 2050 573 2102 denique
615 2051 687 2104 qui
729 2050 786 2091 ad
827 2051 962 2091 totius
1004 2050 1211 2091 universi
1235 2050 1434 2103 origines
1474 2049 1711 2093 reflectunt.
1770 2050 1839 2091 Illi
1881 2064 1992 2103 quos
2033 2052 2177 2105 primo

241 2108 460 2149 nominavi
498 2109 619 2159 loco,
668 2124 692 2150 e
731 2110 986 2159 mundanis,
1020 2111 1092 2163 qui
1135 2115 1278 2159 erant,
1320 2110 1488 2162 patriae
1534 2124 1684 2151 amore
1730 2111 1905 2160 imbuti,
1949 2111 2178 2153 clamitant

242 2168 490 2221 populares,
524 2183 590 2218 ne,
619 2171 752 2210 totius
786 2170 901 2211 orbis
935 2170 1116 2220 incolae,
1149 2184 1254 2210 suae
1281 2170 1423 2223 gentis
1455 2171 1569 2211 cives
1595 2183 1690 2212 esse
1721 2171 1947 2220 desinant,
1981 2171 2175 2225 linguam

240 2228 409 2268 interim
458 2230 668 2281 patriam,
707 2231 850 2283 patria
889 2230 984 2270 iura
1031 2236 1166 2283 atque
1210 2230 1425 2281 instituta,
1474 2244 1737 2284 proavorum
1785 2230 2002 2282 facinora,
2049 2231 2176 2272 dulce

242 2288 385 2327 natale
416 2289 557 2329 solum
587 2303 640 2330 ne
669 2290 901 2343 negligere,
937 2290 1026 2329 imo
1063 2290 1297 2343 despicere,
1332 2296 1531 2343 pergant,
1565 2291 1850 2332 obtestantes.
1884 2289 2008 2343 Quos
2025 2296 2176 2332 contra

241 2347 499 2400 politissima
518 2350 663 2401 potius
680 2350 948 2402 antiquitatis
965 2349 1128 2402 pellicit
1145 2355 1349 2391 venustas
1367 2364 1501 2403 quam
1518 2352 1745 2404 penatium
1763 2350 1950 2404 impellit
1964 2352 2172 2401 studium,

242 2408 294 2457 ii,
330 2407 440 2448 ultra
469 2410 611 2461 gentis
638 2410 849 2463 origines,
878 2409 1079 2450 Athenas
1112 2423 1189 2450 nos
1226 2410 1503 2464 Romamque
1536 2412 1771 2462 reducunt,
1805 2417 1853 2451 ut
1882 2411 1924 2451 in
1955 2412 2077 2454 suavi
2104 2412 2179 2453 illa

245 2473 288 2507 et
328 2481 537 2517 amoena,
595 2483 679 2522 qua
721 2470 984 2522 Areopagus
1024 2469 1127 2510 olim
1170 2470 1418 2523 Forumque
1461 2471 1599 2511 fructa
1634 2472 1739 2521 sint,
1783 2472 1898 2511 vitae
1930 2472 2175 2513 urbanitate

244 2527 368 2566 nobis
399 2541 575 2581 quoque
607 2530 722 2569 vitae
755 2530 992 2582 perfectum
1021 2529 1279 2579 exhibeant,
1308 2532 1641 2581 commendent,
1671 2533 1901 2585 imponant
1932 2532 2173 2585 exemplar.

243 2586 392 2626 Altius
435 2589 565 2629 etiarn
607 2589 722 2629 viam
763 2595 1007 2642 repetentes
1041 2589 1237 2638 ultimae,
1281 2604 1412 2643 quam
1454 2591 1769 2644 significabam,
1796 2591 1946 2632 classis
1976 2592 2176 2633 homines

242 2647 299 2687 ad
324 2646 455 2699 ipsius
482 2654 665 2688 naturae
696 2662 925 2702 rerumque
946 2650 1142 2690 omnium
1163 2651 1399 2691 deveniunt
1423 2651 1629 2705 origines,
1663 2658 1728 2702 ut,
1762 2650 2009 2693 Stoicorum
2043 2652 2176 2692 instar

2056 2716 2173 2751 vete-
