2334 3020
766 120 982 147 russas
1023 119 1461 149 THEOLOGICAE.
2003 128 2078 164 323

196 238 228 275 7.
284 226 426 265 Libere
454 226 607 276 disponi
635 226 819 275 dicimus,
849 227 940 276 quia
967 228 1075 266 Deus
1103 240 1259 277 prorsus
1289 228 1395 266 nulla
1424 241 1464 268 re
1490 231 1551 267 vel
1577 230 1711 269 caussa
1741 231 1833 271 foris
1849 233 2084 273 adueniente

138 281 292 329 cogitur
319 287 384 318 aut
411 279 621 330 impellitur
648 280 697 318 ad
728 281 845 319 talem
874 293 1002 318 rerum
1032 280 1335 320 ordinationem.

192 336 227 371 8.
283 335 487 383 Potenter,
529 331 621 383 quia
657 334 765 371 nullo
802 333 836 372 ei
864 335 1020 384 labore,
1050 342 1116 373 aut
1146 334 1231 373 nisu
1260 343 1318 373 est
1345 347 1464 385 opus,
1498 343 1536 373 vt
1565 338 1808 376 voluntatem
1839 350 1949 377 suam
1977 352 2083 378 exse-

139 395 291 437 quatur,
331 386 400 424 sed
440 385 590 435 omnia,
631 398 732 436 quae
758 388 856 436 vult,
886 388 922 425 δε
950 387 1062 425 sicuti
1091 388 1188 439 vult,
1217 388 1365 438 absque
1395 389 1472 427 vllo
1501 389 1660 440 negotio
1690 390 1789 441 agit,
1822 404 1950 441 neque
1980 393 2083 432 actio

139 439 220 478 eius
248 439 428 489 impediri
456 446 521 477 aut
549 438 737 478 concitari
768 439 843 478 vlla
871 440 957 491 lege
988 447 1128 490 potest.

194 506 230 541 9.
285 494 409 542 Bene,
452 492 543 543 quia
583 492 710 531 bonus
754 494 854 531 bene
882 506 1037 543 semper
1064 493 1162 544 agit,
1192 500 1274 532 tum
1303 506 1463 545 quoque
1492 506 1582 533 cum
1611 503 1778 546 peccant
1804 496 2084 550 instrumenta,

137 544 278 595 quibus
307 545 358 583 ad
388 545 516 594 operis
544 545 602 584 sui
630 546 954 596 exsequutionem
985 546 1020 584 ei
1048 547 1174 585 visum
1203 554 1261 585 est
1289 547 1354 586 vti.

196 612 253 636 10.
310 598 558 637 Prouidentia
597 599 694 637 haec
733 599 772 637 in
815 600 1077 638 Communem
1118 603 1154 639 δι
1195 600 1438 651 Singularem
1479 614 1526 639 ex
1553 602 1651 640 thesi
1680 602 1808 653 sexta,
1838 602 2010 654 itemque
2040 605 2078 644 in

137 652 390 700 Generalem,
420 652 456 689 &
484 651 702 701 Specialem
729 655 836 691 recte
866 652 1062 692 diuiditur.

195 718 253 746 11,
309 704 512 743 Generalis
539 718 584 743 ea
612 706 808 757 statuitur,
839 706 915 756 qua
943 707 1134 744 mundum
1159 707 1403 756 vniuersum,
1425 707 1465 745 id
1481 714 1538 746 est
1553 707 1686 746 omnia
1700 720 1800 758 quae
1817 721 1934 760 supra
1950 714 2081 752 caelos

136 764 242 807 sunt,
271 759 307 795 δε
336 769 436 807 quae
465 757 561 796 caeli
589 765 792 808 terraeque
819 759 967 797 ambitu
995 759 1255 808 continentur,
1286 759 1381 810 regit
1410 768 1526 810 atque
1557 762 1798 801 moderatur.

196 824 253 849 12.
309 811 492 860 Specialis
521 810 595 860 qua
625 812 839 850 humanum
866 824 1010 863 genus,
1039 812 1257 851 Ecclesiam
1286 820 1416 852 autem
1441 825 1552 852 suam
1568 814 1826 867 peculiariter,
1847 817 2082 869 &singulari

137 864 310 914 quodam
338 863 485 913 gratiae
514 864 688 903 salutaris
718 866 839 904 modo
869 866 1029 904 sustinet
1057 879 1104 904 ac
1132 867 1337 916 gubernat.

195 930 254 966 13.
309 918 454 955 Modus
482 919 601 967 porro
629 918 771 968 agendi
798 918 836 956 in
864 919 1150 969 gubernatione
1178 931 1307 958 rerum
1336 918 1390 957 ita
1417 919 1702 971 consideratur,
1725 928 1767 960 vt
1792 921 1885 961 alias
1901 923 1948 962 sit
1967 925 2080 964 Ordi-

136 970 286 1021 narius,
315 969 407 1008 alias
434 971 785 1010 Extraordinarius.

194 1037 251 1071 14.
306 1023 535 1063 Ordinarius
577 1030 651 1075 est,
681 1025 840 1074 quando
869 1031 952 1063 turn
981 1037 1051 1075 per
1079 1038 1138 1075 se,
1166 1024 1258 1075 quia
1286 1032 1343 1064 est
1371 1025 1605 1076 principium
1635 1038 1846 1066 commune
1882 1029 2079 1082 omnium,

135 1083 217 1115 tum
246 1089 313 1126 per
341 1076 469 1115 media
497 1076 578 1115 siue
605 1089 761 1116 caussas
791 1078 981 1117 secundas
1010 1081 1033 1116 a
1061 1092 1102 1117 se
1130 1077 1350 1127 ordinatas,
1381 1079 1542 1117 effectus
1569 1079 1657 1118 illos
1686 1081 1887 1133 producit,
1914 1083 1963 1121 ad
1979 1096 2079 1133 quos

134 1136 322 1168 consueto
366 1138 526 1168 naturae
567 1131 705 1169 ordine
746 1138 834 1169 sunt
876 1132 1065 1182 idoneae,
1108 1139 1225 1181 atque
1266 1134 1289 1170 a
1317 1133 1406 1170 Deo
1435 1133 1572 1171 factae.
1616 1134 1798 1184 Exempli
1827 1136 1985 1183 caussa,
2015 1145 2076 1184 vt,

133 1196 215 1221 cum
240 1189 312 1232 per
339 1185 521 1222 alimenta
549 1185 664 1223 vitam
692 1185 793 1222 hamc
822 1191 995 1223 nostram
1023 1190 1222 1236 sustentat,
1241 1192 1323 1236 per
1349 1187 1620 1225 medicamenta
1647 1188 1801 1225 morbos
1815 1189 1976 1239 depellit,
1995 1192 2078 1231 &a

192 1248 251 1286 15.
307 1236 645 1275 Extraordinarius
673 1244 743 1287 est,
772 1249 861 1275 cum
891 1244 1044 1287 praeter
1071 1250 1323 1277 communem
1351 1245 1511 1277 naturae
1540 1241 1709 1290 Legem,
1733 1239 1817 1279 sine
1832 1242 1969 1281 mediis
1986 1257 2078 1283 con-

134 1294 272 1339 traque
313 1289 461 1340 media,
503 1292 539 1328 &
571 1302 823 1329 communem
850 1290 959 1329 illum
988 1290 1166 1330 ordinem
1195 1293 1217 1330 a
1245 1304 1285 1330 se
1313 1292 1554 1344 institutum,
1584 1305 1740 1332 caussas
1767 1296 1959 1335 secundas
1988 1299 2010 1335 a
2039 1311 2080 1336 se

133 1343 332 1381 ordinatas
361 1344 554 1393 gubernat
582 1345 617 1382 &
645 1343 787 1395 dirigit.

191 1398 250 1436 16.
304 1397 443 1446 Neque
470 1396 574 1435 enim
602 1397 653 1434 ad
681 1410 727 1435 ea
755 1408 855 1447 quae
883 1409 954 1447 per
981 1408 1051 1436 sua
1077 1397 1207 1436 media
1238 1397 1434 1437 ordinarie
1462 1399 1560 1437 fiunt
1586 1400 1763 1450 alligatus
1789 1408 1847 1439 est
1861 1402 1987 1453 Deus,
2010 1405 2079 1442 sed

132 1449 185 1487 ita
226 1462 453 1488 caussarum
488 1450 747 1488 secundarum
777 1450 988 1489 ministerio
1017 1451 1153 1502 vtitur,
1183 1458 1223 1489 vt
1252 1451 1369 1490 etiam
1399 1452 1528 1504 aliter,
1558 1455 1593 1492 &
1620 1454 1696 1492 alio
1724 1455 1847 1493 modo
1876 1469 2011 1506 agere,
2042 1460 2078 1497 &

132 1502 305 1541 actiones
334 1502 525 1554 ipsarum,
553 1504 886 1554 quandocumque
912 1504 984 1554 ipsi
1012 1504 1159 1556 visum,
1187 1504 1363 1544 inhibere
1391 1505 1523 1555 possit.

191 1567 247 1604 17.
304 1558 475 1594 Rursum
503 1556 616 1595 huius
643 1556 913 1607 prouidentiae
941 1559 1082 1596 modus
1110 1565 1177 1596 aut
1202 1559 1457 1597 Immediatus
1486 1567 1561 1609 est,
1590 1566 1657 1598 aut
1684 1560 1892 1600 Mediatus.
1937 1565 2076 1602 Imme-

133 1609 280 1660 diatus,
309 1621 398 1647 cum
427 1610 536 1648 Deus
564 1611 669 1648 solus
697 1611 793 1661 agit,
821 1617 862 1649 vt
890 1617 947 1649 est
970 1611 1202 1661 principium
1228 1611 1355 1650 omnis
1379 1613 1476 1651 boni
1498 1613 1536 1651 in
1561 1612 1719 1652 natura:
1748 1615 1945 1654 Mediatus
1960 1621 2076 1667 vero,

131 1675 253 1712 quum
281 1663 360 1713 agit
388 1676 457 1713 per
485 1676 546 1701 res
574 1670 742 1714 creatas,
774 1671 812 1702 vt
841 1664 970 1702 media
998 1665 1274 1704 Prouidentiae
1301 1665 1422 1716 ipsius
1451 1666 1702 1706 subiacentia.

189 1719 248 1754 18.
303 1715 473 1755 Proinde
502 1717 717 1755 secundum
745 1717 937 1756 internam
965 1718 1071 1756 illam
1099 1724 1338 1769 aeternamq.
1368 1719 1560 1758 rationem
1588 1732 1688 1770 opus
1715 1721 2073 1762 Prouidentiaeim-

132 1769 344 1808 mediatum
359 1776 435 1808 est:
461 1770 675 1808 secundum
691 1771 1014 1820 exsequutionem
1030 1774 1123 1810 vero
1136 1772 1250 1823 illius,
1266 1772 1481 1811 mediatum
1496 1774 1531 1811 δι
1547 1773 1817 1812 immediatum
1835 1788 1918 1814 esse
1933 1784 2075 1826 potest.

188 1837 246 1873 19.
301 1824 358 1860 Ea
397 1826 489 1862 vero
526 1823 600 1861 Dei
640 1823 743 1862 actio
781 1835 882 1874 quae
921 1838 991 1874 per
1029 1825 1157 1863 media
1186 1826 1245 1872 fit,
1277 1826 1472 1864 interdum
1503 1840 1573 1877 per
1600 1828 1727 1875 bona,
1757 1827 1953 1867 interdum
1980 1834 2074 1870 vero

129 1888 198 1925 per
226 1883 409 1926 corrupta
436 1877 472 1914 &
500 1876 638 1915 vitiosa
665 1876 921 1916 instrumenta
948 1879 1162 1929 peragitur:
1191 1891 1443 1930 nequaquam
1473 1887 1603 1918 tamen
1628 1881 1750 1931 magis
1777 1881 1953 1921 minusve
1971 1884 2076 1922 bona

130 1929 385 1967 existimanda
413 1937 489 1979 est,
519 1931 588 1968 sed
617 1931 903 1982 qualecumque
931 1931 978 1970 sit
1007 1943 1218 1982 organum,
1246 1932 1322 1971 Dei
1350 1945 1450 1983 opus
1479 1933 1517 1971 in
1547 1933 1614 1972 illo
1645 1934 1898 1985 &perillum
1924 1949 2076 1987 semper

129 1982 344 2032 optimum,
371 1982 639 2033 iustissimum,
669 1985 705 2022 &
733 1984 1018 2023 sanctissimum
1046 1987 1359 2036 agnoscendum.

185 2049 246 2074 20.
301 2037 392 2074 Non
434 2035 538 2075 enim
578 2037 628 2074 ab
668 2036 925 2088 instrumenti,
955 2039 1025 2077 sed
1052 2041 1102 2077 ab
1129 2038 1250 2089 ipsius
1277 2039 1353 2077 Dei
1382 2039 1580 2091 bonitate,
1609 2040 1816 2092 sapientia,
1845 2041 2009 2094 iustitia,
2040 2045 2075 2082 &

129 2088 382 2140 rectitudine,
411 2089 566 2128 bonitas
596 2089 820 2129 diuinorum
849 2103 1013 2142 operum
1041 2092 1199 2143 pendet.

184 2156 246 2180 21.
301 2143 383 2181 Etsi
411 2149 540 2181 autem
568 2143 666 2181 haec
693 2143 768 2182 Dei
799 2144 1049 2184 Prouidentia
1077 2145 1239 2184 omnino
1268 2145 1522 2185 immutabilis
1551 2154 1628 2198 est,
1658 2153 1790 2186 tamen
1819 2150 1966 2186 nullam
1984 2149 2076 2188 sim-

129 2195 282 2245 pliciter
324 2196 438 2235 rebus
479 2196 646 2246 imponit
686 2197 978 2248 necessitatem,
1022 2198 1116 2249 quin
1158 2199 1319 2250 quaeuis
1361 2211 1478 2238 causa
1517 2201 1690 2239 secunda
1732 2214 1803 2251 pro
1840 2201 1909 2240 sua
1938 2203 2076 2241 natura

128 2256 329 2299 operetur,
370 2255 497 2299 eoque
537 2250 634 2288 aliae
660 2251 906 2300 necessario,
935 2253 1032 2290 aliae
1060 2252 1334 2303 contingenter
1360 2254 1396 2291 &
1423 2253 1545 2292 libere
1573 2261 1710 2304 agant,
1739 2256 1859 2305 idque
1888 2257 1912 2293 a
1941 2255 2074 2294 diuina

129 2302 392 2352 prouidentia,
423 2317 469 2341 ex
497 2303 574 2353 qua
602 2303 790 2353 quicquid
819 2304 966 2355 euenit,
996 2313 1062 2343 aut
1089 2305 1364 2356 contingenter
1392 2306 1541 2357 euenit,
1571 2314 1637 2345 aut
1665 2307 1900 2346 necessario.

185 2369 244 2397 22,
301 2357 401 2394 Nam
438 2356 478 2394 id
505 2356 662 2395 diuinae
689 2357 963 2397 Prouidentiae
991 2371 1090 2408 opus
1119 2366 1177 2398 est
1205 2359 1600 2410 praestantissimum,
1628 2362 1738 2411 quod
1766 2374 1904 2400 omnes
1932 2363 2075 2412 gradus

128 2408 311 2458 producit
353 2409 520 2457 entium,
561 2417 602 2448 vt
632 2418 788 2450 vocant.
824 2413 886 2449 Ac
914 2411 1080 2461 proinde
1106 2412 1189 2451 aliis
1217 2414 1333 2452 rebus
1362 2413 1608 2463 praeparauit
1636 2426 1791 2453 caussas
1819 2415 2077 2466 necessarias,

127 2470 168 2500 vt
207 2462 427 2502 necessario
463 2463 681 2514 euenirent,
708 2464 791 2502 aliis
821 2465 1113 2516 contingentes,
1141 2473 1183 2504 vt
1211 2479 1282 2516 pro
1319 2466 1549 2505 conditione
1577 2479 1738 2507 caussae
1766 2468 1986 2520 euenirent,
2014 2471 2075 2508 vel

129 2526 350 2553 caussarum
381 2515 717 2555 intercedentium.

184 2581 244 2617 23.
300 2568 508 2608 Distinctio
549 2577 680 2608 autern
721 2571 971 2610 Necessitatis
1013 2571 1155 2610 vtiliter
1195 2571 1261 2610 hic
1303 2572 1506 2623 retinetur,
1550 2574 1629 2625 qua
1671 2573 1880 2625 dupliciter
1908 2577 1932 2613 a
1961 2576 2076 2615 nobis

129 2621 416 2673 consideratur,
448 2623 650 2674 nimirum,
679 2631 746 2662 aut
773 2625 988 2674 Absolute,
1018 2632 1084 2663 aut
1113 2638 1160 2664 ex
1188 2625 1410 2676 hypothesi.

182 2687 243 2722 24.
299 2677 512 2715 Absolute:
544 2689 633 2715 curn
662 2677 886 2727 simpliciter
913 2691 960 2716 ex
997 2690 1154 2717 caussae
1181 2690 1273 2718 suae
1301 2679 1484 2729 naturaff.
1517 2682 1697 2729 1781)1·es
1725 2681 1836 2718 aliter
1865 2694 1905 2720 se
1930 2682 2075 2720 habere

127 2740 208 2766 non
245 2735 396 2779 potest,
431 2736 549 2779 atque
577 2730 674 2768 haec
702 2732 725 2768 a
753 2731 1002 2770 Scholasticis
1031 2732 1265 2782 quibusdam
1295 2733 1582 2783 Consequentis
1611 2734 1689 2772 dici
1717 2736 1841 2783 solet,
1872 2741 1932 2784 vt,
1961 2737 2074 2773 Deus

130 2794 205 2819 non
225 2787 359 2834 potest
383 2786 542 2821 mutari.

1912 2853 1971 2892 25.
2016 2843 2075 2879 Ex
