2334 3020
797 111 1012 140 THESES
1054 109 1486 138 THEOLOGICAE.
2038 111 2107 148 171

176 226 388 276 vituperet:
418 223 487 261 sed
515 220 712 270 Vtriusque
741 221 873 271 simul,
903 219 1063 270 quando
1091 218 1272 257 voluntas
1299 224 1438 267 sponte
1465 216 1638 267 seqnitur
1653 216 1793 255 mentis
1806 215 2004 256 iudicium.
2034 217 2116 255 His

176 281 306 329 itaque
344 276 481 328 positis
513 275 673 313 liberum
709 276 914 313 arbitrium
946 271 1127 313 definitur
1154 272 1315 309 facultas
1342 269 1495 309 animae
1524 271 1573 309 ab
1602 269 1712 308 omni
1739 269 1945 309 coactione
1969 270 2115 321 libera,

177 333 366 371 Voluntas
394 330 519 378 dicta,
549 338 649 377 quae
677 329 701 365 a
725 327 864 366 mentis
881 326 1026 366 iudicio
1040 330 1273 376 praeeunte,
1297 322 1370 362 sibi
1385 323 1517 362 omnia
1532 323 1754 374 proposita,
1776 325 1855 361 tam
1873 323 2116 373 expetenda,

177 388 294 435 quam
311 381 528 433 respuenda
539 411 549 430 ,
564 383 705 430 sponte
719 388 786 419 aut
800 380 945 430 expetit
959 387 1024 418 aut
1038 378 1198 429 respuit,
1214 383 1279 416 aut
1293 377 1391 415 inter
1405 377 1664 416 dubitandum
1679 382 1887 426 Vtrumque
1903 376 2117 427 suspendit.

231 453 267 486 4.
323 436 417 475 Tria
457 434 572 473 nobis
608 433 646 471 in
675 435 750 472 hac
778 433 1007 472 definitione
1036 439 1247 471 occurrunt
1275 430 1470 469 notanda:
1513 432 1544 468 I.
1589 429 1836 480 Subiectum,
1864 435 1904 468 vt
1932 431 2116 477 Creator,

179 492 401 530 Creaturae.
444 490 494 526 II.
540 486 750 525 Obiectum
778 488 929 526 bonum
957 493 1023 525 aut
1051 486 1216 533 malum,
1245 484 1363 534 idque
1391 490 1457 522 aut
1484 490 1687 522 externum
1716 490 1782 521 aut
1809 482 2018 522 internum.
2045 485 2117 521 III.

177 547 301 583 Actus
329 542 396 593 qui
424 539 602 580 consistit
631 539 668 577 in
701 539 785 591 ipsa
814 540 1030 591 electione,
1058 538 1177 588 idque
1204 537 1244 575 in
1272 537 1475 587 seligendo
1505 548 1625 574 vnum
1653 549 1701 575 ex
1729 536 1885 574 duobus
1914 537 1976 574 vel
2001 535 2117 586 pluri-

178 599 270 647 bus,
312 597 374 635 vel
414 593 713 643 amplectendo,
755 596 791 632 ἃ*
832 593 1076 643 repudiando
1117 602 1236 630 vnum
1269 590 1431 640 aliquod
1459 589 1717 640 propositum.
1761 590 1822 627 De
1850 590 1938 627 Deo
1967 589 2120 638 quoties

176 651 341 689 liberum
372 647 574 687 arbitrium
604 646 870 696 praedicatur,
900 653 966 685 aut
993 645 1161 684 vniuoce
1189 643 1228 682 id
1257 644 1318 694 fit,
1348 643 1439 694 quia
1467 641 1653 692 quicquid
1677 648 1733 681 est
1758 641 1799 680 in
1812 643 1899 680 Deo
1915 643 2022 681 Deus
2039 649 2120 692 est,

179 703 274 742 nihil
301 701 561 751 accidentale,
590 700 659 738 sed
689 699 906 739 essentialia
934 699 1084 750 omnia,
1109 704 1174 736 aut
1199 696 1445 747 praedicatur
1467 697 1650 747 figurate3
1675 702 1740 733 aut
1762 695 1885 746 falso,
1906 694 1938 733 si
1963 695 2122 745 quidem

178 755 335 806 proprie
378 753 552 793 definitio
592 752 706 791 liberi
746 752 891 802 arbitrij
935 752 1162 803 accipiatur.
1203 750 1384 801 Figurate
1426 751 1514 788 Deo
1557 748 1675 788 tribui
1703 760 1820 798 posse
1849 748 2125 794 concedimus,

179 809 300 848 inodo
330 807 542 857 accipiatur
568 806 692 845 bene:
720 806 878 857 proprie
908 810 1001 845 vero
1031 804 1121 855 (nisi
1149 804 1262 852 falso)
1293 802 1368 841 dici
1398 815 1478 840 non
1507 808 1659 852 potest,
1688 802 1797 840 Deus
1821 800 1966 840 etenim
1982 801 2125 851 simpli-

179 862 351 901 cisfimus
383 867 460 910 est,
490 861 525 898 Sc
553 859 719 909 proinde
748 873 828 898 non
857 859 1117 908 compositus,
1145 870 1194 895 ne
1223 856 1381 906 quidem
1411 868 1458 894 ex
1486 854 1662 894 subiecto
1692 857 1726 893 &
1743 854 1967 893 accidente:
1996 856 2122 893 Actus

179 913 506 965 simplicissimus,
547 912 662 962 igitur
706 914 853 950 nullam
897 912 1111 950 ἀλλοίωσιν
1152 909 1390 960 importans,
1418 914 1554 958 vtpote
1585 914 1762 946 aeternus
1794 909 1830 946 ἃ
1859 906 2122 946 immutabilis.

179 969 250 1007 Est
292 967 462 1017 denique
506 966 589 1016 ipsa
633 965 812 1016 bonitas,
854 977 933 1004 non
963 976 1057 1014 ergo
1084 965 1234 1001 bonum
1262 962 1504 1012 improbare,
1532 968 1598 999 aut
1625 962 1771 998 malum
1799 960 1940 1011 eligere
1969 967 2121 1012 potest,

179 1022 268 1060 cum
298 1020 469 1070 seipsum
498 1031 641 1069 negare
671 1031 752 1057 non
780 1018 915 1069 possit.
944 1017 1009 1055 Ad
1037 1018 1188 1055 bonum
1216 1015 1331 1065 igitur
1359 1016 1466 1053 Deus
1488 1013 1710 1052 liberrimus
1725 1021 1804 1064 est,
1833 1027 1866 1052 2.
1889 1015 1988 1052 Tim.
2006 1027 2041 1053 2.
2062 1027 2121 1063 13.

181 1074 245 1112 Ad
285 1075 431 1112 malum
472 1075 566 1111 vero
596 1072 703 1110 nullo
732 1079 915 1122 respectu
939 1070 1038 1108 liber
1065 1082 1148 1108 esse
1176 1074 1327 1118 potest,
1355 1068 1444 1105 cum
1472 1066 1514 1105 id
1541 1073 1702 1105 naturae
1731 1066 1812 1105 eius
1839 1066 2121 1116 perfectissima

181 1127 355 1166 conditio
385 1125 532 1176 exigat,
563 1131 605 1163 vt
632 1126 778 1163 malum
807 1126 916 1163 bono
945 1129 1184 1172 anteponere
1214 1120 1376 1160 omnino
1406 1133 1487 1158 non
1517 1119 1651 1169 possit.

235 1191 269 1230 5.
325 1181 534 1218 Creaturae
573 1184 662 1216 sunt
703 1184 769 1216 aut
801 1176 1012 1215 inuisibiles
1040 1181 1082 1213 vt
1107 1174 1269 1225 Angeli,
1299 1180 1365 1212 aut
1392 1171 1562 1212 visibiles
1591 1178 1632 1210 vt
1661 1171 1852 1211 homines.
1895 1174 1985 1210 Iud.
2016 1175 2051 1210 6.
2084 1187 2117 1210 2.

180 1235 254 1271 Pr.
286 1247 320 1271 2.
350 1246 386 1281 3.
414 1233 528 1270 Iomz.
559 1234 594 1269 8.
625 1243 688 1277 44.
729 1231 890 1269 Illorum
921 1242 967 1268 ea
993 1228 1064 1266 fuit
1087 1227 1265 1266 conditio
1282 1226 1322 1265 in
1337 1233 1436 1264 statu
1453 1224 1661 1264 creationis
1675 1231 1717 1263 vt
1731 1224 1935 1263 sanctitate
1949 1227 2122 1276 perfecta

181 1286 326 1336 ornati,
355 1284 477 1335 gratia
503 1283 577 1322 Dei
607 1296 675 1321 eos
705 1289 966 1332 sustentante,
995 1282 1147 1319 tantum
1178 1280 1218 1318 in
1244 1281 1396 1318 bonum
1426 1278 1619 1330 procliues
1635 1278 1850 1329 extiterint,
1872 1278 2012 1317 eadem
2027 1282 2120 1318 vero

178 1338 383 1377 deficiente
411 1337 535 1388 gratia
562 1339 586 1374 a
613 1338 722 1374 bono
750 1337 800 1374 ad
828 1337 973 1374 malum
1002 1335 1097 1373 falsa
1124 1333 1254 1383 aliqua
1282 1332 1535 1383 persuasione
1563 1332 1738 1382 decepti,
1768 1345 1850 1370 sese
1873 1330 1986 1370 insita
2009 1331 2121 1371 liber-

178 1399 255 1430 tate
296 1397 525 1430 conuertere
558 1389 708 1440 possint
735 1396 776 1427 vt
804 1402 852 1427 ex
880 1394 1023 1427 euentu
1050 1386 1186 1437 liquet)
1215 1387 1316 1425 adeo
1346 1393 1387 1425 vt
1418 1385 1484 1436 qui
1513 1384 1785 1437 perstiterunt,
1814 1384 1853 1423 in
1881 1384 2121 1434 perfectione

180 1444 345 1483 naturali
389 1446 412 1481 a
450 1444 538 1481 Deo
579 1442 802 1481 confirmati
844 1441 941 1493 sint,
975 1454 1048 1479 nec
1075 1441 1152 1479 iam
1182 1440 1393 1490 quicquam
1421 1439 1494 1477 nisi
1521 1441 1653 1477 sancte
1685 1438 1804 1488 idque
1831 1437 1952 1476 libere
1981 1437 2121 1476 velint:

178 1497 237 1536 Illi
279 1500 372 1536 vero
414 1495 555 1545 quibus
597 1497 704 1534 Deus
744 1495 907 1545 gratiam
949 1505 1059 1533 suam
1093 1493 1327 1545 substraxit,
1356 1495 1405 1532 ab
1434 1491 1614 1543 originali
1643 1491 1847 1531 sanctitate
1876 1491 2122 1542 deficientes,

178 1555 296 1600 seque
323 1560 481 1600 prorsus
511 1555 827 1599 corrumpentes,
855 1548 952 1587 nihil
974 1560 1055 1586 non
1079 1548 1179 1586 velle
1201 1546 1352 1598 possint
1380 1547 1489 1597 quod
1517 1545 1671 1584 diuinae
1696 1544 1887 1584 voluntati
1912 1551 2122 1596 repugnet,

179 1604 297 1653 idque
323 1603 362 1641 in
391 1608 594 1640 aeternum
623 1604 658 1640 &
686 1601 847 1652 proprio
879 1612 958 1641 suo
986 1607 1110 1640 motu.

231 1657 268 1695 6.
322 1655 518 1694 Homines
555 1655 762 1704 dupliciter
800 1654 1096 1694 considerantur
1125 1656 1148 1691 a
1175 1653 1312 1702 nobis,
1340 1654 1403 1692 vel
1431 1660 1471 1691 vt
1499 1652 1633 1701 crea(f.
1667 1651 1847 1703 1650.)ti,
1875 1652 1937 1690 vel
1965 1658 2006 1689 vt
2034 1657 2124 1702 post

179 1709 416 1748 creationem
456 1707 568 1758 lapsi.
611 1709 745 1746 Homo
788 1715 942 1747 creatus
981 1708 1082 1747 inter
1122 1707 1229 1746 dona
1258 1706 1400 1745 eximia
1428 1713 1508 1745 tam
1537 1704 1715 1755 corporis
1743 1707 1862 1754 quam
1891 1703 2010 1743 animi
2039 1704 2074 1743 ei
2102 1707 2125 1742 a

177 1763 265 1801 Deo
302 1768 479 1801 creatore
515 1762 683 1811 collata,
719 1774 766 1800 ea
795 1761 866 1800 fuit
891 1760 1038 1810 arbitrij
1066 1760 1245 1799 libertate
1273 1759 1491 1811 praeditus,
1518 1765 1561 1798 vt
1588 1772 1636 1798 ex
1663 1772 1704 1797 se
1733 1771 1844 1797 mens
1874 1760 1909 1796 &
1937 1759 2120 1796 voluntas

177 1827 267 1854 cum
301 1815 379 1854 Dei
405 1816 607 1853 voluntate
635 1816 752 1864 plane
783 1814 1022 1865 consentire,
1051 1813 1191 1863 illiusq.
1221 1813 1386 1864 imperio
1415 1813 1498 1852 sine
1526 1813 1604 1851 vlla
1632 1813 1841 1850 affectuum
1871 1822 1961 1849 cum
1989 1817 2121 1850 mente

176 1869 281 1907 lucta
309 1871 344 1907 &
372 1867 628 1919 repugnantia
657 1868 822 1906 omnino
851 1868 990 1918 subijci
1017 1867 1236 1919 potuerint3
1266 1874 1397 1905 tamen
1425 1865 1643 1916 mutabilis,
1674 1864 1727 1903 ita
1754 1872 1796 1903 vt
1823 1877 1979 1914 semper
2002 1877 2127 1914 oppo-

177 1921 292 1960 situm
319 1920 400 1960 eius
429 1921 536 1971 quod
563 1922 724 1960 volebat
752 1929 818 1960 aut
844 1921 1014 1960 faciebat
1040 1922 1141 1959 velle
1170 1928 1235 1959 aut
1253 1922 1381 1959 facere
1393 1919 1585 1970 potuerit,
1607 1919 1810 1970 praeclaro
1826 1917 1967 1956 mentis
1982 1917 2126 1956 iudicio

177 1974 262 2013 falsi
302 1974 462 2013 alicuius
503 1974 598 2012 boni
640 1974 796 2013 obiecta
838 1974 967 2025 specie
1008 1981 1217 2024 corrupto,
1246 1980 1364 2023 atque
1391 1975 1492 2012 adeo
1522 1984 1591 2011 sua
1619 1978 1759 2022 sponte
1787 1971 1977 2021 deficere,
2005 1972 2126 2010 Posse

135 2049 144 2057 -
179 2027 322 2066 etenim
362 2027 398 2066 ei
439 2027 601 2065 dederat
640 2029 768 2078 Deus,
810 2029 909 2066 velle
950 2034 1080 2067 autem
1108 2028 1217 2077 quod
1246 2034 1380 2077 posset
1408 2025 1570 2065 arbitrio
1599 2037 1670 2064 suo
1699 2024 1907 2074 reliquerat
1933 2023 2125 2075 liberum,

179 2081 287 2130 quod
329 2082 391 2119 vel
433 2080 602 2119 maxime
645 2095 692 2119 ex
728 2081 916 2120 mandato
955 2080 1097 2131 liquet,
1133 2082 1223 2130 Qua
1252 2082 1313 2118 die
1338 2081 1561 2130 comederis,
1590 2079 1785 2116 moriendo
1813 2079 2005 2116 morieris.
2048 2078 2125 2116 Sed

177 2133 251 2172 sibi
280 2133 434 2172 relictus
458 2135 603 2185 homo,
632 2134 843 2173 desistente
870 2134 946 2173 Dei
971 2134 1193 2184 particulari
1221 2132 1345 2184 gratia
1374 2132 1546 2183 efficaci,
1571 2132 1714 2170 Satana
1728 2131 1938 2180 suadente,
1962 2129 2122 2169 &intel-

175 2188 322 2225 lectum
349 2186 519 2225 hominis
548 2187 761 2226 mendaciis
790 2187 1122 2226 circumueniente
1152 2188 1186 2225 &
1216 2188 1449 2232 offuscante,
1479 2186 1638 2224 tandem
1667 2195 1893 2233 persuasus,
1924 2184 1959 2221 &
1987 2185 2124 2222 labens

176 2240 253 2278 Dei
280 2240 508 2279 mandatum
537 2239 743 2290 violando,
772 2242 939 2280 Satanae
968 2239 1275 2290 obtemperauit,
1305 2251 1459 2278 summo
1488 2239 1598 2277 bono
1627 2237 1797 2287 seipsum
1811 2237 2006 2287 priuando
2021 2238 2117 2275 mul-

178 2292 225 2331 tis
268 2292 428 2332 miseriis
471 2293 688 2332 obnoxium
717 2294 827 2343 fecit,
861 2299 981 2344 se'que
1010 2296 1045 2333 ὃς
1073 2305 1185 2332 suum
1214 2295 1270 2342 (vt
1298 2293 1470 2342 loquitur
1497 2290 1737 2343 Augustinus
1764 2290 1804 2329 in
1832 2291 2038 2328 Easclzirz'd.
2066 2291 2123 2329 ad

178 2347 369 2385 Laurent.
397 2352 480 2396 cap.
509 2347 589 2395 30.)
615 2347 818 2386 arbitrium
846 2347 1028 2398 perdidit.
1548 2346 1550 2348 ’

233 2410 267 2448 7.
322 2401 417 2438 Post
457 2401 628 2449 lapsum,
667 2400 873 2451 dupliciter
901 2400 939 2439 in
967 2399 1129 2439 homine
1157 2399 1325 2438 liberum
1353 2398 1557 2438 arbitrium
1585 2396 1873 2447 consideratur,
1902 2397 1964 2435 vel
1992 2402 2034 2435 vt
2061 2402 2119 2434 est

177 2451 218 2490 in
253 2452 335 2510 'hac
371 2452 469 2503 vita,
497 2454 560 2491 vel
587 2461 629 2492 vt
655 2453 696 2492 in
723 2456 861 2492 futura.
891 2456 1065 2492 Rursum
1093 2453 1132 2491 in
1160 2454 1235 2491 hac
1262 2452 1341 2490 vita
1367 2465 1440 2503 pro
1468 2451 1619 2490 ratione
1647 2449 1912 2490 subiectorum
1940 2448 2118 2488 bifariam

178 2504 383 2556 acclpitur,
425 2507 487 2544 vel
527 2512 569 2544 vt
610 2514 667 2545 est
695 2507 734 2545 in
762 2507 989 2546 hominibus
1017 2506 1273 2557 regeneratis,
1302 2507 1365 2544 vel
1391 2505 1431 2543 in
1459 2504 1504 2543 iis
1532 2505 1600 2555 qui
1626 2517 1706 2543 non
1736 2510 1826 2542 sunt
1854 2501 2068 2553 regenerati
2095 2505 2119 2540 a

179 2558 282 2596 Deo.
310 2560 356 2596 In
384 2571 464 2597 non
493 2559 729 2609 regeneratis
757 2561 858 2599 adeo
886 2560 963 2599 Dei
990 2560 1141 2610 imago,
1172 2570 1273 2609 quae
1301 2565 1384 2597 tum
1412 2558 1452 2596 in
1480 2557 1620 2597 mentis
1640 2559 1728 2595 luce
1743 2563 1825 2594 tum
1840 2556 1879 2594 in
1893 2557 2117 2605 voluntate,

178 2610 421 2661 aliarumque
449 2611 617 2661 partium
645 2612 877 2652 rectitudine
906 2614 1138 2664 apparebat,
1168 2611 1375 2651 obliterata
1403 2618 1480 2660 est,
1504 2618 1545 2651 vt
1568 2610 1770 2650 sanctitate
1792 2609 1946 2659 penitus
1973 2608 2122 2659 deleta,

178 2663 288 2722 dona
329 2665 650 2715 supernaturalia,
691 2678 806 2704 verus
847 2679 960 2706 amor
1000 2666 1095 2717 Dei,
1126 2665 1271 2704 iustitia
1298 2666 1333 2703 &
1361 2664 1499 2704 similia
1526 2664 1688 2715 amissa,
1716 2661 1906 2701 naturalia
1934 2667 2119 2711 corrupta

180 2723 270 2755 slnt.
300 2716 408 2755 Hinc
435 2717 674 2770 ignorantia,
703 2721 738 2758 δι
766 2720 960 2758 dubitatio
990 2719 1030 2758 in
1058 2725 1204 2757 mente:
1235 2718 1273 2756 in
1302 2719 1502 2757 voluntate
1531 2718 1692 2760 odiosus
1716 2715 2121 2766 contemptus&con-

181 2769 352 2809 tumacia
379 2770 565 2810 aduersus
594 2773 745 2824 Deum,
773 2785 894 2823 praua
923 2771 1122 2812 inclinatio
1151 2773 1202 2811 ad
1230 2773 1377 2811 malum
1404 2776 1592 2822 meraque
1620 2770 1671 2810 ad
1698 2771 1848 2809 bonurn
1876 2767 2119 2860 impogentia.

1923 2823 1972 2860 Se
2002 2844 2004 2847 v
2028 2822 2119 2859 cum
