2334 3020
746 100 963 130 THESES
1004 103 1435 132 THEOLOGICAE.
1972 107 2048 145 225

113 209 311 260 dubitant,
341 217 407 248 aut
435 222 482 248 ex
510 210 639 259 aliqua
669 209 933 259 superstitiosa
960 209 1146 259 opinione
1176 211 1377 261 laborant,
1407 224 1486 250 non
1517 217 1574 249 est
1589 222 1818 260 concessus,
1842 212 1932 260 quia
1948 215 2054 262 quod

114 263 278 310 faciunt,
309 278 355 303 ex
384 264 460 302 fide
490 276 568 302 non
598 262 765 312 faciunt,
798 264 909 300 li’om.
946 276 1002 310 14.
1035 273 1068 312 5.
1106 277 1162 310 14.
1197 277 1254 301 22.
1290 279 1349 314 23.

167 320 202 355 8.
261 318 373 355 Haec
400 323 531 355 autem
562 316 719 355 libertas
748 315 852 353 circa
881 329 941 354 res
970 317 1119 354 medias
1147 329 1227 354 non
1256 330 1409 368 semper
1437 319 1472 355 &
1502 315 1645 366 vbique
1674 317 1808 354 locum
1836 318 1966 366 habet,
1985 320 2054 358 sed

113 370 286 408 coerceri
316 376 442 420 potest
472 372 506 408 &
537 370 674 419 debet,
704 376 786 407 tum
817 368 853 406 in
882 382 1048 419 genere,
1079 377 1160 407 tum
1190 369 1227 407 in
1257 371 1399 421 specie.
1431 372 1478 408 ln
1503 383 1645 419 genere
1671 383 1740 419 per
1767 371 1893 419 legem
1925 372 2059 410 Chari-

116 423 223 473 tatis,
253 436 352 472 quae
380 423 584 461 Catholica
612 430 687 473 est,
719 424 752 460 81
783 422 918 472 exigit,
949 430 988 460 vt
1018 423 1178 460 fratrum
1201 422 1466 472 infirmorum,
1490 422 1608 473 quiin
1625 423 1802 461 doctrina
1819 425 2057 475 Euangelica

114 476 308 526 rudiores,
352 477 386 514 &
430 477 479 514 de
521 476 709 515 libertatis
753 486 843 513 suae
886 475 1157 525 praerogatiua
1199 489 1277 514 non
1308 478 1398 516 satis
1424 476 1557 515 edocti
1584 483 1691 525 sunt,
1720 476 1818 514 ratio
1846 478 2055 516 habeatur:

114 530 226 568 Rom.
261 542 319 576 14.
356 542 386 567 1.
422 542 479 578 13.
515 541 573 579 15.
608 543 663 579 19.
697 542 756 566 20.
789 541 851 567 21.
879 530 928 566 ὅγ’
961 539 1019 578 15.
1053 542 1084 567 1.
1117 542 1150 566 2.
1186 542 1218 567 1.
1252 531 1343 569 Cor.
1373 533 1408 569 8.
1438 544 1474 580 9.
1508 542 1566 579 13.
1596 530 1646 566 &³
1675 543 1711 579 9.
1747 543 1803 566 12.
1838 543 1898 568 22.
1930 532 2059 570 &²10.

116 595 176 628 24.
210 584 270 620 28.
302 595 362 631 29.
391 594 455 630 32.
484 596 547 632 33.
583 584 714 621 Galat.
747 592 781 631 5.
812 595 870 631 13.
903 594 951 620 ne
982 581 1197 631 quidquam
1226 584 1440 634 ἀδιάφορον
1468 595 1536 633 per
1565 594 1624 632 se,
1654 583 1737 632 fiat,
1765 594 1844 632 quo
1860 584 2058 622 destruan-

113 641 194 683 tur,
239 636 301 672 vel
329 646 408 672 non
438 636 522 684 fiat,
551 647 630 685 quo
659 635 925 674 aedificentur.
955 636 1008 672 Vt
1036 643 1166 673 autem
1195 643 1327 685 pateat
1355 637 1447 685 quid
1477 635 1558 673 fieri
1586 636 1647 674 vel
1675 648 1756 673 non
1786 635 1866 674 fieri
1895 637 2057 687 debeat,

113 700 266 737 sempei
296 699 344 724 ex
374 688 449 725 Dei
479 690 600 726 verbo
630 688 883 726 iudicandum
913 694 990 726 est:
1020 695 1061 725 vt
1090 688 1195 726 enim
1225 688 1319 738 quid
1347 689 1488 739 prosit
1521 688 1687 726 ch‘trltas
1702 687 1847 727 1ud1cat
1861 689 1938 739 510,
1963 668 2057 740 quid

113 740 245 786 liceat,
291 740 387 778 fides
430 741 676 779 determinat.
720 740 931 778 Sciendum
974 748 1103 778 autem
1147 748 1223 792 est,
1251 741 1344 779 licet
1370 754 1444 780 nos
1473 741 1653 792 proximo
1682 743 2058 794 accommodemus,

110 794 329 831 libertatem
370 793 622 832 nihilominus
661 806 820 831 manere
863 792 1071 838 illibatam
1101 806 1214 832 vsum
1239 796 1514 833 tantummodo
1544 794 1738 845 restringi:
1774 809 1804 833 1.
1840 797 1927 835 Cor.
1955 810 1992 846 9.
2021 811 2057 844 4.

117 857 269 896 1519.
301 859 361 883 22.
394 846 501 885 aliud
529 847 634 885 enim
661 854 719 885 est
746 846 925 895 libertas,
954 845 1060 884 aliud
1088 847 1276 885 libertatis
1304 859 1407 886 vsus.
1431 850 1533 886 Nam
1562 848 1718 886 libertas
1746 849 1784 886 in
1815 849 2057 888 conscientia

112 907 191 948 est,
220 900 255 937 &
284 900 412 937 Deum
443 900 618 950 respicit:
648 912 738 938 vsus
765 902 897 937 autem
927 906 983 937 est
1011 899 1050 936 in
1080 901 1197 938 rebus
1227 901 1395 939 externis
1425 904 1459 940 &
1487 900 1689 950 negotium
1717 902 1835 940 habet
1863 915 1944 941 non
1961 915 2053 941 cum

110 954 196 990 5010
225 953 331 1002 Deo,
360 953 430 991 sed
458 953 703 1003 hominibus,
726 952 830 1012 apud
857 963 957 1002 quos
985 964 1066 990 non
1095 953 1228 991 onmia
1257 954 1489 1005 expediunt,
1518 954 1609 992 licet
1633 955 1765 992 omnia
1787 954 1949 1006 liceant,
1966 967 2056 995 cum

112 1006 291 1044 libertate
320 1006 508 1044 vtendum
536 1019 618 1045 non
647 983 715 1056 sit⁷,
744 1005 817 1044 nisi
844 1004 1042 1044 aedificet:
1078 1020 1110 1044 1
1144 1006 1472 1045 Cor.6.12.&=
1505 1021 1563 1045 10.
1596 1020 1657 1056 23.
1686 1009 1798 1045 Rom.
1836 1022 1894 1056 14.
1929 1023 1989 1060 19.
2025 1024 2058 1049 1.

114 1059 204 1097 Cor.
239 1072 298 1097 10.
329 1070 389 1107 27.
423 1061 482 1098 28.

164 1126 200 1162 9.
256 1113 426 1151 Ρο003111
451 1113 567 1164 igitur
595 1113 662 1162 qui
689 1112 911 1163 importune
941 1113 977 1150 &
1007 1112 1279 1162 intempestiue
1308 1119 1459 1152 vtentes
1486 1124 1554 1152 sua
1579 1113 1757 1152 libertate
1771 1113 1952 1154 fratribus
1969 1122 2058 1154 sunt

111 1165 367 1217 offendicu103
404 1168 551 1205 Mattlc.
595 1169 652 1205 18.
691 1167 726 1204 6.
767 1177 803 1215 7.
842 1167 936 1203 Luc.
983 1177 1040 1214 17.
1076 1179 1106 1203 1.
1140 1179 1174 1204 2.
1203 1167 1317 1205 Rom.
1353 1180 1410 1213 14.
1447 1178 1505 1217 15.
1549 1180 1580 1205 1.
1615 1167 1704 1204 Cor.
1735 1169 1770 1205 8.
1805 1181 1864 1206 11.
1899 1181 1959 1207 12.
1988 1169 2055 1218 qui

110 1218 276 1257 aliorum
307 1219 567 1258 conscientias
595 1227 741 1258 temere
769 1218 965 1258 iudicant:
993 1220 1106 1257 Rom.
1143 1232 1200 1266 14.
1231 1232 1266 1269 3.
1300 1233 1358 1258 10.
1378 1224 1598 1280 13.qusque
1615 1219 1871 1259 Vtilitatem&
1888 1220 2059 1271 quietem

110 1283 220 1309 suam
264 1272 404 1323 magis,
440 1285 557 1322 quam
594 1273 761 1323 proximi
788 1271 1102 1310 aedificationem
1131 1279 1383 1332 quaerentes,
1412 1273 1451 1311 in
1479 1273 1559 1312 eius
1589 1284 1658 1311 vsu
1687 1272 1889 1312 simulant:
1924 1275 2061 1314 Galat.

113 1327 465 1365 2.11.12.&0c.
508 1325 575 1365 Sin
602 1333 732 1366 autem
762 1337 852 1363 cum
881 1325 1110 1364 Pharisaicis
1138 1327 1174 1364 &
1202 1326 1394 1376 peruersis
1423 1326 1650 1365 hominibus
1678 1327 1879 1377 negotium
1906 1327 1977 1379 sit,
2007 1329 2056 1366 ad

111 1389 248 1416 eorum
277 1379 462 1417 malitiam
490 1380 776 1418 retundendam
803 1378 961 1418 libertas
990 1386 1101 1429 parta
1129 1378 1294 1418 sollicite
1324 1386 1382 1418 est
1410 1380 1618 1419 asserenda
1647 1381 1968 1431 &defendenda,
1985 1394 2060 1420 nec

111 1443 249 1469 eorum
289 1433 485 1482 tyrannidi
523 1434 558 1471 &
595 1432 734 1472 abusui
770 1431 1034 1482 subiicienda,
1070 1445 1117 1470 ex
1146 1432 1311 1471 consilio
1341 1433 1507 1484 Christi,
1535 1432 1799 1472 Pharisaicum
1828 1434 2057 1473 scandalum

110 1495 251 1534 susque
293 1486 419 1535 deque
463 1487 690 1525 habendum
728 1485 883 1534 docuit,
912 1487 1061 1524 Mattlc.
1101 1499 1158 1532 14.
1200 1497 1258 1536 15
1292 1488 1327 1525 &
1365 1488 1546 1538 exemplo
1575 1486 1706 1537 Ρ31111,
1734 1487 1800 1536 qui
1830 1487 2057 1526 3111301113-

109 1537 272 1577 ciendos
301 1539 477 1577 infirmos
504 1539 758 1578 Timotheum
787 1539 946 1589 quidem
975 1538 1242 1590 circumcidit,
1270 1541 1355 1579 Act.
1387 1541 1445 1579 16.
1474 1554 1511 1590 3.
1541 1539 1674 1578 Titum
1695 1544 1808 1586 vero,
1832 1553 1882 1579 ne
1898 1553 1938 1579 se
1952 1541 2058 1580 falsis

109 1590 291 1630 fratribus
328 1593 591 1643 submitteret,
630 1595 665 1632 &
702 1603 838 1632 eorum
868 1604 1040 1630 errorem
1068 1593 1289 1642 approbare
1318 1594 1354 1631 &
1383 1595 1618 1632 confirmare
1644 1592 1864 1644 ν1(10101111,
1891 1594 2056 1633 circum

110 1644 240 1682 cidere
270 1646 329 1684 vel
359 1645 589 1684 circumcidi
617 1645 755 1685 noluit.
790 1647 924 1684 Galat.
957 1659 991 1684 2.
1020 1658 1057 1695 3.
1087 1659 1123 1693 4.
1154 1657 1190 1696 5.

178 1710 236 1736 10.
291 1700 343 1736 In
370 1701 488 1749 specie
516 1703 609 1739 vero
634 1711 764 1738 rerum
786 1698 1001 1738 mediarum
1023 1711 1113 1737 usus
1138 1706 1343 1738 coercetur
1358 1713 1427 1749 per
1442 1699 1782 1748 constitutionem,
1799 1712 1898 1750 quae
1915 1700 2060 1751 duplex

110 1758 183 1800 est,
215 1751 375 1800 politica
403 1754 439 1791 &
466 1753 755 1792 Ecclesiastica.
785 1751 867 1790 Etsi
896 1752 998 1790 enim
1026 1752 1185 1803 proprie
1214 1754 1320 1792 solus
1348 1754 1455 1793 Deus
1484 1752 1746 1792 conscientias
1776 1752 1890 1805 ligat,
1918 1753 2060 1805 Magis-

109 1810 230 1843 tratus
259 1811 407 1856 tamen,
437 1807 596 1855 quando
626 1805 882 1857 Reipublicae
910 1806 1019 1843 bono
1050 1805 1196 1856 aliquid
1223 1819 1294 1856 per
1322 1819 1364 1845 se
1387 1808 1601 1858 ἁδιαφορον
1615 1805 1698 1844 fieri
1711 1806 1836 1857 iubet,
1853 1808 1915 1846 vel
1930 1814 2057 1855 vetat,

110 1858 145 1894 &
173 1858 350 1896 Ecclesia
377 1866 536 1909 propter
560 1861 743 1901 εὐταξίαν
771 1861 806 1898 81
833 1858 1169 1910 aedificationem,
1199 1861 1303 1910 leges
1332 1860 1480 1909 aliquas
1510 1861 1559 1898 de
1586 1861 1702 1899 rebus
1730 1860 1867 1899 mediis
1897 1860 2055 1911 condit3

109 1912 194 1950 Act.
243 1923 303 1962 15.
348 1915 409 1951 28.
447 1926 507 1962 29.
544 1925 663 1951 nemo
692 1912 916 1951 rebellionis
945 1912 1075 1950 studio
1105 1912 1200 1950 citra
1227 1921 1436 1963 peccatum
1464 1912 1509 1952 iis
1538 1913 1714 1952 resistere
1742 1920 1882 1963 potest.
1912 1916 1948 1952 &
1977 1915 2057 1952 hoc

111 1973 168 2002 est
205 1965 312 2014 quod
342 1966 482 2004 Paulus
509 1965 652 2016 inquit,
681 1967 793 2004 Rom.
830 1979 888 2015 13.
919 1976 953 2015 5.
983 1965 1244 2004 Potestatibus
1272 1966 1651 2017 supereminentibus
1673 1979 1833 2005 necesse
1849 1973 1906 2006 est
1920 1966 2059 2005 subiici

110 2025 270 2067 propter
297 2019 595 2069 conscientiam,
625 2031 725 2069 quae
753 2019 966 2058 rebellione
993 2018 1127 2058 nostra
1155 2019 1343 2058 damnum
1371 2020 1531 2070 patitur,
1547 2033 1621 2058 nec
1635 2026 1766 2058 tamen
1782 2020 1848 2058 tali
1862 2032 1955 2059 casu
1971 2033 2057 2070 pro-

108 2070 189 2119 prie
216 2071 373 2110 libertas
402 2072 664 2111 conscientiae
686 2073 917 2123 impeditur,
939 2073 1262 2122 quandoquidem
1286 2086 1368 2112 non
1384 2073 1467 2123 ipsa
1482 2073 1551 2111 sed
1567 2080 1771 2111 externum
1786 2085 1886 2124 opus
1900 2073 2055 2124 ligatur.

170 2137 228 2163 11.
283 2125 396 2173 Quae
432 2125 484 2164 ita
524 2133 612 2164 sunt
653 2126 925 2176 intelligenda,
963 2132 1004 2163 vt
1040 2138 1101 2164 res
1139 2126 1292 2165 mediae
1319 2140 1400 2165 non
1429 2125 1654 2176 simpliciter
1681 2126 1949 2177 intelligantur
1976 2126 2057 2165 sieri

110 2178 370 2228 necessariae,
411 2180 481 2217 sed
522 2181 674 2217 tantum
710 2190 915 2229 quovsque
952 2191 993 2216 se
1030 2179 1366 2230 circumstantiae,
1408 2181 1460 2218 ob
1498 2191 1594 2229 quas
1628 2179 1838 2218 necessitas
1866 2179 2058 2230 imperata

111 2237 187 2279 est,
217 2243 258 2269 50
289 2232 520 2270 extendunt:
558 2232 700 2282 quibus
727 2232 986 2282 cessantibus,
1011 2239 1120 2271 extra
1148 2244 1282 2271 casum
1310 2232 1483 2271 scandali
1512 2233 1547 2270 81
1576 2232 1790 2271 destinatae
1813 2232 2061 2283 rebellionis,

111 2292 270 2333 propter
298 2297 510 2323 commune
537 2287 708 2337 bonum,
737 2299 819 2324 non
847 2292 1004 2336 peccat,
1033 2285 1099 2335 qui
1128 2293 1266 2325 contra
1294 2286 1591 2325 constitutiones
1619 2285 1709 2324 istas
1732 2286 1878 2325 fecerit.
1909 2286 2056 2325 Modus

111 2350 204 2387 ergo
233 2337 378 2388 vbique
405 2339 595 2377 tenendus
624 2347 700 2390 est,
731 2352 805 2378 nec
835 2346 981 2377 temere
1010 2338 1203 2377 eiusmodi
1231 2341 1337 2390 leges
1360 2340 1593 2389 mutandae,
1618 2352 1693 2378 nec
1708 2340 1955 2390 pertinaciter
1970 2340 2057 2378 reti-

110 2391 262 2428 nendae
297 2399 398 2430 sunt.
441 2393 589 2430 Verum
617 2394 715 2431 haec
743 2392 877 2431 omnia
905 2393 955 2430 ad
984 2391 1114 2430 media
1142 2394 1175 2430 &
1205 2392 1462 2431 indifferentia
1489 2394 1640 2430 tantum
1670 2400 1759 2431 sunt
1788 2392 2057 2444 extendenda,

110 2455 192 2481 non
230 2444 407 2483 vlterius:
446 2445 538 2495 quia
565 2445 707 2484 nullius
735 2444 961 2484 offendiculi
989 2452 1054 2483 aut
1082 2445 1244 2495 periculi
1271 2446 1408 2495 causa,
1438 2447 1499 2484 vel
1527 2446 1636 2495 quod
1665 2447 1771 2485 Deus
1799 2447 1906 2485 iubet
1935 2446 2054 2506 negli-

111 2497 304 2547 gendum,
334 2500 407 2536 veh
424 2499 533 2548 quod
564 2498 747 2549 prohibet
775 2498 999 2537 faciendum
1029 2507 1103 2536 est:
1133 2498 1303 2549 ideoque
1330 2512 1404 2538 nec
1434 2501 1474 2548 (f.
1511 2499 1656 2548 1697)
1645 2512 1686 2537 111
1703 2499 1866 2550 gratiam
1885 2499 2055 2550 proximi

111 2550 218 2587 Deus
261 2551 541 2602 offendendus,
583 2554 731 2591 Mattlz.
768 2563 805 2602 5.
842 2566 902 2602 29.
937 2565 1000 2601 30.
1031 2553 1081 2589 ὣ·
1114 2565 1170 2589 10.
1201 2566 1263 2602 34.
1295 2564 1357 2603 35.
1386 2554 1483 2591 Luc.
1517 2566 1575 2599 14.
1607 2554 1668 2591 26.
1702 2554 1816 2591 Rom.
1845 2566 1882 2603 3.
1913 2555 1949 2591 8.
1978 2566 2054 2591 nec

111 2602 354 2652 Magistratui
382 2611 518 2643 contra
546 2605 620 2644 Dei
649 2607 814 2644 verbum
843 2605 937 2655 quid
967 2605 1169 2655 statuenti,
1199 2607 1234 2644 &
1263 2606 1420 2645 facienti
1445 2605 1526 2644 vim
1549 2605 1818 2657 conscientiis,
1836 2606 2055 2657 parendum

112 2662 188 2703 est,
217 2657 299 2694 Act.
330 2670 367 2704 4.
401 2671 460 2708 19.
492 2671 552 2696 20.
583 2659 633 2697 &⁰
663 2670 697 2708 5.
730 2673 791 2709 29.

175 2721 231 2746 12.
288 2711 428 2748 Errant
457 2712 623 2761 proinde
652 2712 891 2762 grauissime.

171 2774 202 2798 1.
257 2763 470 2813 Libertini,
501 2765 566 2814 qui
595 2772 798 2815 praetextu
826 2765 1035 2803 Libertatis
1062 2765 1326 2815 Christianae,
1349 2765 1456 2804 omni
1482 2765 1730 2804 distinctione
1745 2767 2056 2813 sublata,totam

1064 2833 1112 2868 29
1912 2821 2057 2868 Legem
