2334 3020
797 132 1008 159 THESES
1049 128 1480 157 THEOLOGICAE.
2038 129 2106 167 153

177 242 363 280 denotare
398 241 592 290 putamus)
629 238 772 289 quippe
802 240 892 276 clim
921 237 1066 276 creatio
1091 236 1138 275 sit
1166 247 1264 285 opus
1294 233 1470 272 trinitatis
1500 233 1550 271 ad
1580 240 1687 271 extra
1715 234 1771 282 (vt
1800 236 1957 282 vocant)
1989 234 2110 273 tribus

178 306 335 344 quoque
363 292 537 344 personis
563 292 770 341 competit,
798 299 952 329 seruato
983 298 1111 327 tamen
1141 289 1280 327 ordine
1309 301 1354 325 ac
1384 287 1504 325 modo
1534 285 1571 323 in
1600 286 1826 335 operando,
1855 285 1909 323 ita
1936 295 1974 324 vt
2001 289 2109 325 Pater

179 360 246 397 per
275 346 394 385 filium
423 348 457 385 δι
486 346 549 395 Sp.
580 346 785 392 Sanctum,
816 344 913 382 filius
941 346 964 381 a
988 345 1099 381 Patre
1128 354 1196 392 per
1223 342 1289 391 Sp.
1319 342 1356 379 S.
1384 342 1471 377 loa.
1508 353 1536 377 1.
1566 352 1601 388 3.
1635 340 1714 377 Col.
1748 353 1778 376 1.
1810 340 1866 376 16.
1897 339 2057 388 Spiritus
2073 342 2111 379 S.

177 403 200 437 a
231 401 356 449 Patre¹
381 400 416 437 &
458 398 536 436 filio
577 397 779 436 creauerit.
821 400 915 435 Gen.
950 409 980 434 1.
1012 409 1046 434 2.
1075 397 1156 433 lob.
1187 407 1250 443 33.
1280 407 1315 440 4.
1351 395 1418 431 Ps.
1448 405 1511 442 33.
1541 393 1577 430 6.
1608 391 1787 430 tribuitur
1815 391 1974 440 quidem
2004 394 2105 431 Patri

179 453 249 490 soli
277 451 422 490 creatio
451 451 489 489 in
518 451 699 500 symbolo
728 451 816 489 fidei
845 456 1021 498 nostrae,
1051 456 1090 486 vt
1119 451 1152 487 ἃ
1183 448 1261 485 filio
1276 443 2106 495 Redemptio,&SpirituiS.sanctificatio,

179 506 220 554 (f.
253 506 380 554 1636.)
421 504 487 542 sed
529 505 605 542 hoc
646 504 687 541 fit
725 503 815 552 quia
856 502 894 540 in
927 514 1062 540 eorum
1099 513 1264 550 persona
1300 499 1473 549 proxime
1515 498 1601 535 illae
1629 497 1802 535 actiones
1843 498 2106 537 terminantur.

178 557 356 607 Sequitur
391 558 518 605 Finis,
551 557 617 606 qui
653 557 796 606 duplex
823 564 899 605 est,
929 554 1056 604 operis
1083 556 1118 591 &
1147 553 1359 603 operantis:
1389 553 1537 602 operis,
1567 558 1604 588 vt
1634 550 1766 588 omnia
1793 549 1871 588 suis
1900 549 2109 590 inseruiant

179 610 331 660 vsibus,
360 609 565 659 praecipue
594 612 684 648 vero
714 608 824 647 saluti
852 608 1010 657 aliisque
1038 605 1384 645 commoditatibus
1413 604 1614 642 hominum
1640 602 1858 642 &maxime
1875 604 2108 642 electorum:

183 666 277 701 (jen.
313 676 344 701 1.
375 665 435 701 28.
465 665 532 700 Ps.
564 665 599 700 8.
633 675 666 710 7.
694 663 796 700 Heb.
829 675 862 700 2.
900 673 934 710 7.
963 664 999 699 8.
1041 659 1144 698 Finis
1186 659 1382 710 operantis
1423 664 1479 695 est
1521 656 1619 694 illius
1656 655 1802 705 gloria,
1831 668 1921 693 nam
1951 669 1999 694 ex
2027 665 2111 696 toto

175 728 293 765 opere
335 715 541 753 creationis
581 714 817 753 admirabilis
859 714 932 752 Dei
962 714 1129 763 bonitas,
1161 711 1347 762 sapientia
1375 712 1410 748 δι
1440 709 1613 759 potentia
1642 710 1818 755 elucent,
1854 710 1949 747 Gen.
1986 723 2014 746 1.
2045 724 2109 759 31.

176 769 244 807 Ps.
279 781 362 816 104.
395 782 455 815 24.
484 769 581 807 Pro.
617 770 674 806 16.
704 782 739 815 4.
768 769 850 806 [er.
886 781 943 806 10.
977 780 1035 804 11.
1072 779 1127 803 i2.
1159 776 1323 815 quarum
1351 762 1497 813 agnitio
1522 760 2111 812 &celebrati0,corde,lingua

174 823 208 859 δι
238 834 374 871 opere,
411 830 450 859 vt
485 820 691 871 praecipue
729 820 950 859 hominibus
979 822 1014 858 &
1042 818 1201 869 Angelis
1228 817 1430 861 conuenit,
1461 815 1512 853 ita
1544 814 1752 853 creationis
1780 826 1922 863 scopus
1952 815 2107 855 vltimus

174 873 320 912 existit:
363 874 561 912 hominem
604 873 716 924 igitur
757 880 916 924 propter
958 885 998 910 se
1039 871 1184 910 creauit
1217 872 1345 919 Deus,
1375 868 1524 917 reliqua
1552 867 1685 906 omnia
1715 873 1873 916 propter
1903 867 2104 906 hominem

174 939 273 976 quae
301 927 339 965 in
368 928 441 965 hac
472 926 719 965 vniuersitate
748 934 835 965 sunt

228 980 264 1026 4'.
319 981 489 1018 Caussae
515 979 686 1018 internae
716 987 947 1029 sequuntur,
975 976 1133 1016 materia
1160 975 1307 1014 scilicet
1336 977 1371 1012 δι
1400 975 1537 1011 forma.
1568 972 1733 1010 Materia
1762 972 2046 1023 praeexistens,
2063 988 2108 1012 ex

176 1044 252 1081 qua
280 1034 385 1071 Deus
416 1032 603 1071 mundum
631 1033 733 1070 hunc
762 1031 924 1076 creauit,
953 1032 1057 1068 nulla
1085 1028 1170 1067 fuit:
1199 1029 1317 1077 idque
1346 1027 1543 1066 vocabulo
1568 1024 1726 1063 creandi
1751 1026 1875 1073 (quod
1899 1025 1937 1063 in
1954 1027 2111 1076 propria

174 1098 242 1123 sua
269 1085 548 1136 significatione
576 1085 876 1135 productionem
905 1086 927 1122 a
955 1096 1036 1121 non
1064 1087 1156 1121 esse‘
1176 1081 1226 1119 ad
1254 1093 1336 1118 esse
1363 1086 1493 1117 notat:
1526 1091 1615 1115 nam
1639 1079 1728 1115 cum
1744 1078 1851 1115 Deus
1870 1079 1973 1116 solus
1990 1088 2107 1118 aeter-

174 1150 245 1176 nus
282 1138 411 1186 initio,
448 1140 543 1188 fine,
571 1142 606 1176 δε
637 1138 882 1176 successione
912 1149 1046 1174 carens
1075 1136 1110 1172 &
1140 1133 1367 1172 immortalis
1395 1131 1461 1181 sit,
1497 1146 1509 1168 1
1550 1131 1646 1168 Tim.
1676 1131 1712 1169 6.
1747 1131 1805 1167 16.
1836 1131 2044 1181 omniaque
2073 1134 2108 1170 ἃ

173 1190 254 1229 sine
281 1192 510 1241 exceptione
540 1190 776 1240 condiderit,
805 1189 995 1239 sequitur,
1027 1200 1107 1226 non
1136 1200 1182 1225 ex
1211 1185 1372 1224 materia
1400 1184 1528 1233 aliqua
1550 1190 1731 1232 aeterna,
1753 1183 1875 1220 multe
1892 1183 2018 1222 minus
2035 1185 2108 1223 Dei

172 1244 354 1292 essentia,
382 1244 450 1282 sed
478 1247 499 1282 e
526 1244 646 1282 nihilo
676 1251 859 1292 tanquam
888 1242 1055 1280 termino
1083 1239 1258 1290 potentia
1288 1238 1360 1277 Dei
1389 1236 1577 1276 extitisse:
1607 1236 1673 1273 Ps.
1704 1248 1767 1285 33.
1797 1248 1832 1283 9.
1861 1237 1973 1275 Rom.
1992 1251 2028 1284 4.
2051 1251 2107 1286 ¹7·

174 1298 275 1335 Heb.
324 1309 380 1335 11.
422 1310 458 1346 3.
500 1298 656 1346 Itaque,
701 1295 889 1345 quicquid
923 1302 1000 1344 est,
1037 1293 1132 1331 illud
1158 1301 1223 1330 aut
1252 1291 1494 1333 immediate,
1528 1296 1567 1326 vt
1596 1289 1771 1337 caelum,
1800 1295 1923 1338 terra,
1955 1292 2105 1340 angeli,

172 1349 319 1388 anima:
349 1358 414 1387 aut
443 1349 630 1396 mediate,
660 1355 700 1386 vt
727 1348 821 1386 alia.
852 1347 999 1386 ratione
1028 1346 1153 1396 prima
1185 1344 1389 1393 materiae,
1418 1355 1466 1382 ex
1493 1342 1615 1380 nihilo
1632 1347 1827 1379 emanant.
1857 1342 1960 1379 Nam
1975 1356 2104 1382 rerum

172 1414 448 1452 corporearum
485 1401 682 1440 materiam
713 1404 845 1450 (quam
872 1401 1004 1438 Moses
1031 1401 1121 1438 tohu
1151 1399 1187 1436 &
1215 1400 1332 1446 belm,
1360 1396 1421 1445 alij
1447 1397 1563 1433 clzaos
1586 1396 1804 1443 appellant,
1835 1395 1944 1433 LXX
1970 1396 2108 1434 ἀκατα-

172 1455 383 1504 σκὲυαςον,
410 1455 445 1492 &
474 1454 703 1504 Philosophi
731 1455 922 1504 ἄμορφον,
952 1453 1142 1503 ἀνείδεον,
1173 1451 1464 1500 ἁσχημάτιςον.
1490 1453 1629 1487 ἑποιον
1658 1447 1773 1485 fuisse
1793 1446 1988 1496 dixerunt)
2007 1450 2110 1487 Deus

172 1519 218 1544 ex
246 1506 367 1546 nihilo
397 1507 501 1557 prius
529 1507 568 1545 in
597 1515 774 1557 tempore
803 1507 1000 1553 condidit,
1031 1512 1071 1542 vt
1099 1517 1146 1543 ex
1174 1516 1220 1541 ea
1247 1503 1410 1541 visibilia
1439 1501 1571 1540 omnia
1598 1503 1620 1537 a
1644 1500 1860 1549 priuatione
1884 1499 1922 1538 in
1938 1502 2105 1540 formam

171 1561 385 1598 naturalem
414 1562 668 1609 produceret:
699 1559 799 1597 vnde
830 1559 966 1598 melius
994 1558 1032 1596 in
1062 1557 1258 1608 Scriptura
1285 1558 1391 1595 Deus
1415 1555 1631 1604 appellatur
1646 1554 1827 1603 ποιητής,
1844 1553 1972 1602 quiex
1989 1555 2109 1593 nihilo

170 1611 314 1661 aliquid
344 1613 478 1658 faciat,
508 1615 626 1663 quam
654 1616 677 1651 a
707 1614 868 1650 Platone
897 1613 932 1650 δι
960 1610 1187 1661 Philosoph.
1218 1610 1470 1660 δημιουργὸς,
1501 1606 1567 1657 qui
1597 1618 1644 1643 ex
1670 1605 1892 1644 inordinato
1908 1607 2013 1645 aliud
2030 1616 2109 1645 tan-

170 1671 253 1702 tum
294 1666 447 1704 ordinet
480 1667 515 1704 &
544 1666 765 1704 constituat.
801 1667 900 1704 lust.
928 1666 1059 1703 llIart.
1087 1664 1126 1702 in
1154 1663 1222 1701 lib.
1252 1663 1403 1699 exhort.
1431 1661 1482 1699 ad
1517 1662 1628 1698 (ient.
1659 1659 1865 1707 Physicum
1896 1662 1987 1698 vere
2016 1660 2109 1699 illud

169 1717 343 1768 axioma,
384 1732 432 1757 ex
471 1720 591 1757 nihilo
625 1720 725 1757 m‘lzil
740 1721 815 1768 fit,
844 1718 935 1767 quia
966 1717 1173 1766 Physicum
1202 1722 1353 1753 tantum
1382 1721 1455 1764 est,
1486 1724 1693 1762 rerumque
1721 1713 1954 1750 naturalium
1984 1715 2110 1752 ordini

169 1770 405 1820 constituto,
446 1785 527 1811 non
564 1780 694 1810 autem
729 1770 1003 1810 constituendo
1041 1768 1245 1817 conuenit,
1273 1767 1337 1806 hic
1364 1780 1444 1805 non
1475 1766 1647 1815 obtinet,
1676 1764 1741 1802 vbi
1771 1765 1819 1803 de
1849 1766 2046 1805 creatione
2075 1769 2110 1805 δι

169 1824 341 1873 potentia
369 1824 514 1863 Diuina
544 1828 676 1874 (quam
706 1824 935 1874 Philosophi
966 1823 1212 1874 ignorarunt)
1242 1833 1372 1860 sermo
1401 1827 1472 1859 est.

224 1888 258 1926 5.
315 1879 430 1916 Nunc
457 1878 507 1916 de
533 1880 681 1916 Forma
713 1877 925 1916 videamus.
954 1879 1075 1915 Prout
1103 1876 1217 1927 igitur
1246 1873 1453 1913 creationis
1481 1872 1594 1910 huius
1623 1871 1723 1909 duae
1748 1877 1837 1908 sunt
1858 1879 2007 1920 partes,
2025 1887 2111 1922 pro-

169 1929 302 1968 ductio
331 1943 481 1980 rerum,
511 1933 546 1970 δι
574 1930 856 1980 sapientissima
888 1943 1021 1968 earum
1051 1928 1254 1979 dispositio
1285 1929 1370 1966 Deo
1399 1933 1562 1975 Vtraque
1590 1922 1769 1974 propria,
1799 1925 1882 1961 lob.
1901 1929 1987 1973 9.‹5.
2017 1928 2110 1966 lisa.

173 1996 236 2029 40.
267 1996 326 2021 22.
356 1985 406 2021 ἔφ’
435 1997 498 2031 44.
530 1997 590 2031 24.
634 1984 697 2022 Sic
725 1983 840 2022 etiam
875 1985 1000 2021 forma
1028 1983 1108 2021 duo
1136 1984 1234 2020 haec
1261 1978 1554 2030 complectitur,
1582 1977 1932 2026 consideraturque
1962 1978 2110 2018 interne

168 2036 203 2072 δι
232 2040 413 2075 externe:
435 2038 582 2074 interne
609 2036 647 2074 in
676 2037 810 2075 abdita
838 2035 949 2074 liuius
979 2035 1235 2074 vniuersitatis
1266 2033 1302 2071 vi
1330 2034 1365 2071 δι
1395 2040 1552 2071 natura:
1583 2031 1756 2077 eoetemb,
1785 2029 1822 2066 in
1850 2031 1994 2081 modo,
2012 2035 2110 2070 mul-

171 2088 354 2137 titudine,
398 2089 641 2137 diuersitate,
678 2091 711 2128 ἃ
749 2089 1038 2139 pulchritudine
1070 2102 1200 2127 rerum
1227 2086 1404 2126 omnium
1432 2084 1700 2133 conditarum,
1730 2094 1810 2120 non
1842 2090 1920 2121 tam
1952 2093 2110 2134 propter

171 2142 272 2180 coeli
301 2145 335 2180 δι
364 2142 602 2192 reliquorum
634 2142 902 2181 sublunarium
931 2143 1136 2192 pulchram
1165 2142 1326 2191 faciem,
1354 2151 1472 2189 quam
1502 2144 1663 2187 propter
1677 2135 1916 2185 aptissimam
1932 2139 2106 2178 omnium

172 2193 208 2231 in
240 2207 299 2244 se,
327 2196 362 2232 δι
390 2195 489 2233 inter
518 2209 558 2234 se
587 2197 785 2247 εὐταξίαν,
813 2199 968 2246 φιλίαν,
997 2198 1032 2234 δε
1059 2199 1281 2243 κοινωνίαν,
1317 2194 1367 2231 ab
1395 2205 1473 2230 vno
1497 2192 1563 2229 illo
1592 2189 1718 2239 primo
1748 2191 1783 2227 δε
1824 2191 2106 2239 perfectissimo

176 2248 272 2285 Ente
302 2248 494 2287 liberrime
522 2262 570 2286 ex
597 2248 716 2298 ipsius
744 2248 951 2298 sapientia,
980 2248 1153 2287 bonitate
1181 2249 1216 2286 &
1245 2246 1419 2297 potentia
1446 2246 1677 2296 profectam:
1711 2242 1813 2280 vnde
1840 2245 2002 2284 mansus
2034 2249 2103 2285 La-

175 2299 263 2337 tinis
304 2303 327 2338 a
369 2302 533 2351 puritate
573 2304 607 2340 &
650 2301 839 2340 munditie
875 2301 1001 2340 dictus
1038 2309 1114 2349 est,
1147 2302 1251 2339 Plz'tz.
1289 2302 1352 2340 lib.
1384 2314 1417 2338 2.
1446 2305 1530 2350 cap.
1560 2311 1596 2346 3.
1625 2303 1664 2334 vt
1693 2299 1727 2335 &
1756 2296 1917 2334 Graecis
1947 2302 2105 2349 u'erpaoe,

174 2354 339 2401 Etymol.
381 2369 483 2403 mag.
518 2357 642 2392 Arist.
672 2356 715 2392 ‹le
742 2356 902 2405 mundo,
937 2361 1019 2404 cap.
1049 2356 1087 2394 6.
1115 2356 1214 2405 παρὰ
1245 2355 1286 2391 τὸ
1317 2357 1485 2402 κοσμεῖν,
1517 2351 1537 2388 ὁ
1565 2352 1609 2388 τὰ
1639 2365 1761 2388 nauta
1789 2349 1830 2385 ἐν
1857 2350 1979 2400 ἑαυτῷ
2010 2355 2104 2399 ἔχων

177 2408 448 2455 κεκοσμημένη.
491 2409 693 2446 Hactenus
721 2408 771 2446 de
799 2407 956 2446 caussis.

229 2461 265 2496 6.
320 2462 514 2508 Azssll‘ectam
555 2468 684 2498 autem
725 2473 772 2498 ex
807 2460 914 2498 hisce
951 2461 1076 2499 causis
1113 2460 1347 2510 productum
1374 2466 1430 2498 est
1459 2455 1648 2504 mundus,
1677 2457 1744 2505 qui
1772 2457 1865 2494 nibil
1894 2465 1950 2496 est
1979 2458 2106 2503 aliud.

175 2513 292 2558 quam
335 2513 578 2561 superiorum
621 2513 924 2563 inferiorumque
966 2526 1199 2564 compageS,
1236 2514 1271 2551 &
1313 2513 1468 2561 σύςημα
1496 2524 1544 2548 ex
1573 2510 1702 2560 coela,
1731 2518 1852 2560 terra,
1879 2512 1914 2548 δι
1944 2513 2107 2551 caeteris

175 2564 306 2610 rebus,
347 2577 446 2613 quae
484 2565 522 2604 in
564 2566 606 2604 iis
648 2565 814 2604 existunt
851 2567 1109 2616 pulcherrime
1137 2566 1237 2604 inter
1264 2578 1305 2604 se
1334 2565 1537 2603 ordinatae
1566 2563 1601 2599 δι
1628 2562 1876 2613 distributae,
1904 2564 1927 2599 a
1956 2565 2042 2603 Deo
2072 2567 2107 2603 δι

175 2625 335 2666 propter
362 2620 489 2656 Deum
519 2626 833 2669 coagmentatum
863 2622 898 2658 &
927 2627 1216 2659 conseruatum.
1244 2620 1469 2657 Dim'siones
1498 2626 1627 2655 rerum
1651 2625 1868 2655 creatarum
1883 2627 1988 2654 nunc
2003 2617 2106 2657 vide·

174 2682 284 2707 amus
294 2680 308 2716 ,¹
335 2678 374 2708 vt
401 2679 483 2709 tum
516 2672 627 2710 huius
656 2673 782 2711 effecti
808 2680 1004 2721 naturam,
1021 2681 1102 2711 tum
1119 2671 1321 2710 efficientis
1336 2670 1607 2710 excellentiam
1622 2681 1670 2708 eo
1688 2670 1822 2708 melius
1839 2669 2107 2719 intelligamus.

176 2723 318 2760 Partes
345 2727 438 2774 erge
466 2725 600 2763 mundi
629 2726 728 2762 <luae
749 2733 858 2772 sunt,
887 2728 1038 2764 caelum
1068 2728 1103 2764 δι
1131 2733 1254 2772 terra,
1283 2731 1399 2774 prout
1426 2736 1490 2761 eas
1518 2720 1663 2773 passim
1688 2723 1888 2772 Scriptura
1910 2725 2108 2774 proponit.

175 2775 243 2812 Ps.
278 2788 362 2823 124.
393 2780 428 2815 8.
457 2780 524 2816 Ps.
558 2791 643 2827 134.
672 2791 708 2828 3.
737 2780 808 2818 Es.
837 2791 900 2828 37.
934 2781 993 2817 16.
1020 2777 1144 2828 iisque
1173 2777 1336 2817 vocibus
1365 2779 1593 2828 plerumque
1623 2777 1904 2822 συνεκδοχικῶς
1919 2788 1980 2814 res
1994 2778 2108 2816 etiam

1973 2844 2110 2869 omnes
