2334 3020
275 118 351 167 360
820 126 888 152 DE
929 125 1210 154 POLITIAE
1250 126 1414 155 Mosrs
1454 126 1646 157 OBSER.

268 240 395 281 tuum,
423 240 463 270 vt
491 237 639 270 reatum
668 231 865 282 sanguinis
893 245 974 271 non
1002 232 1180 282 imponas
1209 233 1343 271 domui
1367 240 1467 274 tuae.
1496 236 1617 286 Item,
1647 236 1708 272 Ne
1737 241 1818 273 esto
1847 235 2199 277 v1r1le1nstrumen

268 293 350 324 tum
378 297 493 334 super
521 284 745 335 faeminam,
776 297 903 344 neque
930 285 1081 323 induito
1110 285 1168 323 vir
1196 293 1342 324 vestem
1358 287 1559 325 faeminae.
1587 287 1687 326 Ibid.
1702 302 1738 326 v
1756 298 1791 337 5.
1806 288 2041 338 Principium
2056 292 2200 341 duplex

270 340 482 377 secundnm
524 340 688 375 formam
726 338 884 376 rationis
920 346 1098 376 aeternae
1125 340 1176 376 ad
1206 340 1343 377 harum
1371 342 1501 390 legum
1529 341 1809 379 institutionem
1836 343 2022 391 pertinet·
2066 346 2197 382 Vnum

271 398 347 441 est,
384 391 719 449 quemadmodum
755 392 989 429 laedendum
1023 404 1104 429 non
1142 405 1244 430 6556;
1287 394 1482 444 Alterum,
1521 394 1683 432 honeste
1711 394 1932 432 viuendum.
1976 396 2091 444 Quae
2119 397 2198 436 duo

270 444 458 503 principia
491 443 564 493 ipsi
597 444 863 482 Iurisconsulti
886 444 998 503 olim,
1028 445 1205 493 quamuis
1233 445 1456 505 ignorantes
1485 447 1635 498 Deum,
1664 448 1768 485 velut
1796 447 1992 486 columina
2019 451 2055 487 &
2082 450 2198 489 bases

267 498 356 535 iuris
385 496 543 534 humani
570 505 794 546 posuerunt.
824 499 883 535 Ex
911 497 1039 547 priore
1066 498 1133 535 illo
1159 498 1350 548 principio
1380 499 1580 538 conclusio
1608 501 1706 538 haec
1727 503 1824 550 pure
1839 501 2061 539 conficitur:
2091 504 2198 553 Ergo

269 550 364 587 nihil
393 562 471 599 quo
500 550 601 587 laedi
634 550 838 600 quisquam
866 551 989 600 possit
1016 550 1343 590 committendum
1367 565 1466 590 6556·
1496 554 1531 590 81
1561 553 1862 604 particulariter,
1892 554 1982 603 (11113
2012 556 2196 604 Syrarum

267 603 422 641 aedium
449 616 495 641 ea
521 603 591 640 fuit
618 604 735 654 ratio,
765 611 806 641 vt
834 604 871 641 in
899 611 1003 642 tecto
1031 616 1163 642 earum
1193 605 1404 643 commode
1432 607 1631 644 ambulare
1658 619 1811 657 posses,
1840 619 1921 645 non
1949 607 2066 647 fuisse
2089 622 2197 647 com-

266 656 496 694 mittendum
533 664 572 694 vt
613 656 689 694 vita
718 657 947 706 cuiusquam
978 657 1027 695 de
1054 664 1160 695 tecto
1189 657 1487 707 periclitaretur:
1517 660 1848 708 quemadmodum
1877 660 2038 698 omnine>
2067 661 2199 700 fuisset

266 716 515 759 euenturum,
556 709 587 747 si
630 716 731 747 tecta
766 710 1024 748 ambulatoria
1052 710 1243 749 eiusmodi
1269 710 1428 750 fuissent
1456 714 1648 762 &Magorum
1678 713 1713 750 &
1741 711 1970 751 loricatione
1996 721 2064 752 aut
2091 727 2199 764 repa-

267 762 365 812 gulis
407 762 446 800 in
488 762 678 800 ambitum
713 763 886 813 ipsorum
923 763 1144 801 caruissent.
1187 765 1247 802 Ex
1283 764 1498 814 posteriore
1525 771 1655 803 autem
1682 765 1874 815 principio
1904 767 2105 806 conclusio
2133 769 2198 806 illa

265 815 442 865 procedit
468 818 563 865 pure
593 828 708 865 quam
741 818 848 856 Deus
878 817 1061 876 imperat:
1092 817 1254 855 honeste
1284 818 1517 869 viuendum3
1547 818 1652 869 Ergo
1682 821 1718 857 &
1744 820 1926 857 honestas
1945 821 2199 859 conenienter

267 875 426 906 naturae
467 871 682 907 secundum
728 870 918 909 rationem
954 871 1141 919 cuiusque
1181 872 1397 909 naturalem
1432 871 1472 908 in
1508 878 1593 909 toto
1630 871 1731 910 vitae
1758 871 1954 923 instituto,
1983 875 2018 911 &
2045 874 2085 911 in
2113 873 2197 923 ipsa

267 934 425 971 quoque
461 922 589 971 specie
619 925 718 960 vitae
748 924 914 961 colenda
942 930 999 962 est
1027 923 1328 973 diligentissime.
1373 925 1463 973 Quo
1491 931 1721 974 argumento
1750 924 1867 963 etiam
1896 924 1936 963 in
1962 932 2196 965 testamento

265 987 372 1013 nouo
411 978 615 1024 persancte
656 977 833 1014 Vtebatur
866 978 1028 1027 Paulus,
1066 978 1157 1014 cum
1185 978 1234 1015 de
1263 990 1380 1015 coma
1407 977 1458 1015 ad
1486 977 1711 1017 Corinthios
1739 978 1936 1016 scriberet.
1978 980 2099 1029 Apud
2125 992 2198 1018 vos

265 1028 371 1078 ipsos
397 1028 582 1074 iudicate,
613 1041 707 1066 num
737 1031 922 1068 decorum
951 1037 1008 1068 est
1034 1031 1234 1068 mulierem
1263 1043 1342 1069 non
1373 1036 1549 1080 opertam
1576 1032 1706 1069 Deum
1734 1029 1870 1069 orare?
1897 1044 1998 1070 anne
2021 1034 2062 1080 (f.
2081 1034 2198 1082 1505)

267 1089 405 1119 natura
446 1082 606 1131 quidem
648 1083 730 1131 ipsa
764 1084 841 1121 hoc
879 1096 948 1121 vos
975 1084 1110 1131 docet,
1140 1083 1248 1132 quod
1275 1083 1358 1121 viro
1387 1083 1546 1133 quidem
1574 1091 1773 1122 comatum
1803 1097 1887 1122 6556
1914 1084 2099 1123 dedecori
2128 1085 2196 1133 sit,

266 1134 416 1173 mulieri
459 1142 595 1173 contra
622 1143 818 1174 comatam
848 1150 930 1175 esse
961 1135 1116 1175 decori?
1156 1139 1258 1175 Nam
1289 1149 1404 1175 coma
1432 1149 1503 1186 pro
1532 1137 1722 1176 velamine
1750 1138 1841 1176 data
1865 1144 1922 1176 est
1950 1138 1995 1176 ei.
2043 1151 2076 1177 1.
2102 1139 2195 1177 Cor.

270 1202 327 1225 11.
363 1201 420 1237 13.
455 1201 511 1235 14.
546 1200 605 1238 15.
645 1190 782 1227 Statuit
809 1190 914 1228 enim
942 1191 1155 1240 Apostolus
1183 1190 1345 1240 vestigia
1371 1190 1493 1228 Mosis
1521 1190 1710 1241 imitatus,
1751 1198 1931 1229 naturam
1959 1191 2085 1241 ipsam
2116 1204 2196 1230 non

267 1242 394 1278 solum
422 1242 536 1291 aequi
564 1243 678 1293 60111,
707 1243 960 1281 verumetiam
988 1243 1221 1294 honestatis,
1250 1243 1422 1292 itemque
1444 1243 1609 1294 ordinis,
1640 1244 1675 1281 &
1703 1243 1845 1293 speciei
1873 1244 1924 1282 ad
1945 1246 2197 1283 honestatem

267 1294 492 1344 pertinentis
533 1296 786 1334 certissimam
814 1296 1037 1346 magistram
1067 1309 1170 1343 esse,
1208 1308 1286 1346 quo
1315 1309 1362 1334 ex
1388 1296 1581 1347 principio
1609 1299 1714 1335 recte
1743 1296 2012 1348 concluditur,
2053 1310 2127 1336 nos
2157 1297 2197 1335 in

269 1348 420 1386 ratione
461 1348 556 1386 boni
595 1349 630 1385 &
670 1350 823 1387 honesti
859 1350 1072 1388 imitatores
1100 1357 1260 1387 naturae
1284 1362 1368 1388 esse
1397 1358 1596 1401 oportere,
1636 1363 1717 1388 non
1743 1357 1873 1388 autem
1901 1363 1942 1388 re
1970 1357 2037 1389 aut
2064 1350 2194 1401 speeie

268 1402 491 1439 conuellere
522 1402 694 1440 instituta
721 1402 786 1440 illa
814 1410 994 1452 naturae,
1023 1403 1130 1441 6111115
1159 1410 1295 1441 auctor
1323 1404 1444 1441 Deus.

319 1454 566 1492 Immutabile
605 1463 660 1493 est
696 1457 869 1494 secundo
900 1456 1040 1506 modo,
1069 1456 1255 1506 quicquid
1282 1456 1323 1494 in
1349 1456 1498 1506 legibus
1527 1456 1582 1494 sic
1610 1456 1832 1494 ordinatum
1861 1463 1918 1494 est
1944 1456 2123 1507 obiecto,
2155 1463 2196 1495 vt

267 1508 414 1545 ratione
451 1509 556 1545 certa
584 1509 726 1546 feratur
753 1510 804 1547 ad
832 1521 1041 1548 commune
1069 1511 1240 1568 bonum,
1282 1510 1496 1547 secundum
1526 1510 1690 1547 eandem
1715 1511 1883 1548 formam
1909 1510 2070 1548 rationis
2097 1508 2197 1548 illius

264 1568 468 1620 aeternae,
498 1572 616 1610 quam
644 1562 921 1600 adumbrauit
913 1576 951 1600 in
974 1570 1128 1613 natura,
1145 1563 1263 1600 autin
1280 1564 1402 1601 verbo
1418 1562 1603 1612 expressit
1618 1564 1736 1601 Deus.
1761 1564 1877 1601 Thes.
1898 1563 1955 1601 16
1980 1564 2059 1600 Est
2070 1568 2194 1600 autem

262 1627 325 1651 szc
352 1615 573 1652 ordzlzatzzm
600 1617 751 1652 umam
777 1616 926 1666 obtecti,
953 1617 1137 1665 quicquid
1158 1617 1214 1653 all
1236 1618 1376 1654 uastam
1404 1617 1464 1664 leg
1443 1617 1684 1665 ‹s'zz‘zmlc‘mque
1717 1617 1894 1653 obtectum
1922 1617 2083 1654 actzoms
2110 1617 2193 1664 lege

264 1674 388 1717 zmpm
389 1673 476 1705 atae
501 1669 667 1719 respzczt.
698 1668 798 1706 Cum
828 1682 931 1706 enim
960 1671 1081 1707 homo
1109 1669 1160 1707 ad
1188 1669 1383 1707 actionem
1412 1675 1522 1707 natus
1550 1669 1615 1719 sit,
1646 1670 1681 1707 &
1710 1670 1793 1707 Lex
1821 1669 1919 1707 inter
1947 1670 2126 1707 homines
2141 1669 2188 1707 sit

267 1720 466 1758 actionum
495 1722 656 1770 arbitra,
691 1729 732 1759 vt
760 1722 861 1760 actio
885 1735 965 1760 non
994 1722 1153 1780 quaeuis
1180 1721 1219 1759 in
1249 1721 1425 1780 quosuis,
1466 1725 1489 1759 3
1518 1721 1734 1771 quibusuis,
1776 1728 1843 1760 aut
1870 1723 2187 1771 quandocunque

267 1772 392 1811 visum
419 1774 532 1811 fuerit
559 1774 799 1825 perficiatur,
827 1776 895 1812 scd
923 1775 1051 1825 potius
1079 1776 1177 1813 haec
1204 1776 1328 1826 actio,
1356 1775 1396 1812 in
1423 1776 1527 1812 hunc
1552 1777 1587 1813 &
1611 1776 1660 1813 ab
1690 1777 1779 1824 hoc,
1808 1776 1927 1834 idque
1955 1776 2033 1813 hoc
2057 1775 2195 1826 modo,

266 1827 357 1864 1060
401 1828 436 1864 81
476 1833 653 1886 ternpore
691 1828 877 1877 praestari
918 1830 1079 1878 debeat,
1122 1830 1157 1866 &
1184 1828 1249 1866 illa
1276 1829 1325 1866 ab
1354 1828 1437 1866 illo:
1481 1827 1628 1878 optime
1655 1828 1854 1877 prospexit
1881 1829 2006 1878 Deus,
2037 1834 2075 1866 vt
2106 1829 2193 1878 lege

264 1880 435 1917 humana
475 1880 674 1918 actionum
715 1880 870 1919 obiecta
902 1883 1004 1919 insta
1034 1883 1084 1919 (ἰν
1111 1883 1280 1930 legi'tzma
1311 1881 1674 1931 determinarentur,
1701 1881 1741 1919 id
1769 1888 1849 1931 est,
1879 1882 2063 1919 materiae
2090 1880 2196 1919 61163

266 1944 362 1982 quas
389 1940 673 1983 occuparentur
701 1934 872 1973 actiones
901 1936 985 1984 lege
1012 1934 1234 1984 imperatae.
1264 1936 1348 1973 Has
1376 1938 1469 1973 vero
1495 1935 1674 1972 materias
1702 1934 1783 1973 51116
1812 1911 1966 1973 obiecta
1984 1935 2086 1972 iusta
2100 1935 2194 1982 legi-

266 1988 431 2035 tima‘que
453 1988 718 2038 appellamus,
746 1988 837 2047 quia
864 1995 1070 2037 Vtrumque
1098 2000 1196 2038 opus
1225 1994 1282 2026 est
1309 1987 1348 2025 in
1365 1987 1529 2026 obiectis
1544 1987 1745 2026 actionum
1759 1995 1979 2026 nostrarum
1993 1987 2195 2036 omnibus,

267 2046 349 2076 tum
377 2046 418 2077 vt
445 2042 547 2078 zusta
576 2040 730 2078 obiecta
757 2041 857 2091 sint,
885 2041 926 2079 id
953 2049 1029 2091 est,
1059 2053 1106 2078 ex
1140 2048 1278 2079 natura
1304 2041 1416 2092 iuris,
1443 2040 1578 2091 aequi,
1606 2041 1719 2091 boni,
1747 2041 1798 2079 ad
1826 2048 2001 2078 actiones
2015 2040 2097 2078 illas
2112 2052 2196 2099 per-

267 2091 428 2130 tinentia
455 2094 671 2132 secundum
699 2101 878 2132 naturam
906 2070 1083 2132 aeternae
1111 2093 1229 2144 illius,
1271 2095 1307 2132 &
1335 2094 1539 2145 naturalis,
1569 2096 1603 2132 &
1632 2093 1786 2132 diuinae
1814 2093 1927 2144 legis:
1969 2100 2053 2131 turn
2081 2093 2197 2132 etiam

267 2152 308 2183 vt
334 2147 503 2194 legitima
531 2146 626 2197 sint,
667 2146 707 2184 id
731 2155 806 2198 est,
835 2154 876 2185 vt
900 2149 986 2197 lege
1013 2148 1183 2185 humana
1210 2159 1319 2185 suam
1348 2148 1517 2185 habeant
1545 2146 1931 2198 determinationem,
1959 2147 1994 2185 &
2023 2147 2194 2184 humano

269 2198 406 2236 ordine
447 2199 680 2239 sanciantur.
734 2201 782 2238 Id
824 2200 925 2239 enim
967 2200 1041 2238 nisi
1081 2200 1275 2251 obtineat,
1316 2200 1398 2238 fieri
1434 2213 1514 2238 non
1550 2206 1699 2250 potest,
1740 2200 1834 2249 quin
1861 2201 1951 2238 loco
1981 2198 2127 2238 ordinis
2155 2198 2194 2236 in

269 2251 454 2290 societate
481 2254 650 2291 humana
678 2254 972 2304 pernecessarij,
1000 2253 1196 2292 horribilis
1224 2266 1352 2292 rerum
1382 2253 1558 2291 omnium
1587 2253 1770 2291 succedat
1784 2252 2040 2303 perturbatio.
2064 2251 2193 2290 Huius

269 2304 324 2342 rei
368 2307 545 2355 exempla
584 2308 649 2355 (ne
686 2307 837 2357 longius
866 2309 1061 2345 3663111115)
1091 2320 1137 2345 ex
1164 2307 1208 2344 iis
1236 2307 1326 2356 ipsis
1357 2307 1536 2357 depromi
1563 2313 1728 2356 possunt
1756 2318 1854 2355 (11136
1879 2308 1967 2344 ante
1994 2305 2034 2343 in
2060 2306 2192 2343 locum

268 2357 437 2407 primum
465 2359 709 2399 adduximus.
737 2362 837 2398 Nam
866 2362 955 2397 cum
983 2360 1035 2397 ita
1062 2361 1169 2398 Deus
1197 2359 1384 2409 praecipit
1411 2361 1461 2398 de
1487 2367 1647 2398 auctore
1671 2359 1940 2409 apostasiaein
1957 2359 2192 2397 Iudaeorum

268 2417 402 2469 gente:
431 2413 492 2449 Ne
520 2413 668 2461 parcito
698 2415 834 2451 oculus
863 2421 950 2451 tuus
978 2413 1053 2464 illi,
1081 2425 1208 2477 neque
1236 2413 1439 2451 clementia
1467 2413 1604 2462 vtitor,
1640 2424 1767 2462 neque
1795 2414 1922 2451 celato
1949 2411 2080 2461 illurn,
2125 2411 2194 2449 sed

270 2463 430 2502 0111111110
453 2465 624 2504 occidito
653 2465 780 2504 illum:
810 2479 946 2504 manus
972 2474 1038 2504 tua
1065 2466 1234 2515 primum
1262 2474 1344 2504 esto
1373 2473 1510 2504 contra
1538 2441 1667 2516 11111111,
1695 2473 1737 2504 vt
1764 2473 1890 2504 morte
1904 2464 2050 2503 afficias
2064 2441 2194 2514 illum,

269 2519 405 2575 postea
431 2521 525 2556 vero
556 2531 691 2556 manus
719 2520 835 2557 totius
863 2519 1016 2570 populi,
1045 2520 1080 2556 &
1109 2520 1250 2557 obrues
1278 2519 1386 2557 illurn
1411 2517 2194 2569 131)ιά1611511311111101131111;(1111301136-

270 2569 357 2607 siuit
384 2577 421 2608 te
451 2572 642 2620 depellere
671 2575 692 2609 3
726 2575 873 2610 16110113
898 2574 984 2610 Deo
1010 2580 1100 2624 tuo,
1130 2572 1196 2623 qui
1224 2572 1356 2610 eduxit
1382 2579 1419 2610 te
1447 2577 1467 2610 6
1496 2579 1598 2610 terra
1624 2572 1806 2630 AEgypti,
1835 2574 1907 2610 &c.
1936 2572 2051 2609 Deut.
2077 2583 2136 2619 13.
2154 2572 2190 2607 8.

272 2635 399 2681 9.10.
443 2624 542 2662 Cum
570 2625 662 2663 item
690 2624 829 2663 dicitur
856 2626 1075 2663 Exod.22.
1110 2628 1168 2664 18.
1212 2625 1558 2684 Praestigiatricem
1586 2637 1633 2663 ne
1661 2626 1762 2662 511135
1789 2624 1937 2674 viuere,
1975 2625 2010 2661 &
2034 2621 2193 2672 similia,

269 2675 411 2713 iustum
439 2677 636 2716 obiectum
664 2678 953 2736 legitimumque
981 2678 1160 2716 definitur
1187 2679 1494 2727 accuratissime,
1528 2678 1568 2715 in
1598 2679 1706 2726 quod
1735 2654 1942 2727 stringatui·
1969 2676 2122 2726 gladius
2151 2676 2187 2712 &

270 2728 454 2766 iudicium
494 2738 716 2769 exerceatur
755 2732 984 2769 auctoritate
1022 2732 1112 2769 Dei:
1156 2731 1255 2769 adeo
1297 2739 1337 2769 vt
1374 2744 1454 2769 non
1482 2731 1678 2781 potuerint
1704 2731 1921 2788 1513611136,
1962 2731 2052 2767 cum
2080 2729 2184 2786 leges

268 2780 358 2819 istas
400 2782 589 2833 principio
630 2790 782 2822 sanctas
825 2797 908 2823 esse
950 2787 984 2823 &
1026 2785 1287 2822 immutabiles
1329 2790 1634 2835 cognoscerent,
1676 2796 1755 2822 non
1784 2784 1919 2832 exequi
1948 2781 2182 2821 sententiam

2079 2846 2197 2884 quam
