2334 3020
265 84 314 129 84
904 91 972 117 DE
1012 92 1159 118 VERA
1201 93 1557 120 THEOLOGIA.

263 195 376 237 suae?
406 198 535 245 Quam
563 196 613 234 ad
640 209 723 234 rem
756 196 828 234 tria
854 204 943 234 sunt
971 197 1010 235 in
1038 197 1180 236 horum
1208 199 1437 237 effectorum
1458 199 1720 237 declaratione
1734 199 1867 249 paucis
1882 201 2185 249 comprehensa:

262 263 403 301 genus,
438 249 601 299 modus,
630 256 748 297 atque
778 248 942 288 duratio.
972 250 1107 288 Genus
1136 251 1365 288 effectorum
1394 251 1552 302 triplex:
1583 252 1866 303 Sanctimonia,
1893 252 1933 290 in
1947 253 2189 306 nobisipsis,

263 317 333 353 per
374 301 558 352 Spiritum
599 300 915 339 sanctificationis
953 304 976 339 a
1012 304 1100 340 Deo
1129 310 1434 352 repraesentata:
1462 303 1605 343 iustitia
1632 318 1724 355 erga
1752 318 1908 355 omnes,
1938 317 2050 344 suum
2078 308 2187 358 Deo,

263 367 375 394 suum
403 354 542 403 cuique
570 353 762 392 tribuenst
792 356 827 392 δε
855 354 1036 404 subiecti,
1064 356 1371 405 effectorumque
1399 356 1439 394 in
1462 358 1637 396 subiecto
1659 371 1833 408 congrua
1856 358 2055 408 perfectio.
2070 371 2188 409 quam

262 420 334 446 nos
369 407 432 445 hic
460 406 618 456 quidem
648 405 866 444 desiderare
894 406 933 444 in
959 420 1160 457 praesens,
1189 421 1345 458 sperare
1372 408 1412 446 in
1438 410 1608 448 futurum
1636 423 1862 461 possumus;
1891 411 1960 449 sed
1985 424 2068 450 non
2097 415 2187 451 ante

264 474 311 499 ex
346 461 449 498 facto
494 461 607 509 plene
640 470 908 509 assequemur,
937 462 1056 509 quam
1083 460 1376 511 migrauerimus
1404 462 1454 499 ad
1480 462 1695 501 Dominum
1724 472 1924 502 auctorem
1952 464 2188 516 sanctitatis,

260 512 444 563 iustitiae,
472 514 508 551 &
535 511 783 562 perfectionis
811 519 978 550 nostrae.
1008 514 1154 551 Modus
1183 522 1261 552 est:
1290 515 1400 563 qued
1427 515 1705 564 perfectissime
1733 518 1817 555 face
1831 516 1896 554 illa
1910 517 2188 566 perfectissima

261 565 432 604 veritatis
459 564 612 603 diuinae
640 564 691 602 ad
718 565 856 603 effecta
883 564 948 603 illa
976 565 1196 617 dirigimur,
1225 566 1532 616 deducimurque
1559 568 1700 606 virtute
1727 570 1824 619 Dei,
1854 569 1986 608 onmia
2009 569 2048 608 in
2063 571 2189 608 omni-

259 620 333 658 bus
361 617 568 668 operantis.
597 629 610 655 1
641 618 730 656 Cor.
764 631 822 656 12.
855 631 914 656 11.
942 618 1107 657 Duratio
1134 621 1227 658 vere
1257 622 1291 658 &
1318 620 1554 670 perpetuitas
1581 621 1739 659 istarum
1760 621 1944 660 virtutum
1967 626 2014 661 ee
2029 623 2188 661 demon-

261 678 420 721 stratur,
449 670 555 720 qued
581 671 681 708 haec
708 670 892 709 attributa
919 671 1134 722 effectaque
1163 672 1298 711 doceri
1325 686 1394 723 per
1421 672 1554 712 omnia
1582 673 1745 712 dicimus
1772 676 1847 713 hac
1873 682 2006 714 nostra
2019 676 2187 715 Theolo-

260 724 343 776 gia,
371 735 471 773 quae
498 724 581 761 sola
607 725 700 761 uere
729 730 787 761 est
815 723 1014 773 sapientia.

314 777 391 815 Sed
427 776 476 814 de
515 776 594 814 hoc
633 777 724 814 loco
765 777 884 814 Thesi
924 788 1053 816 XXXII.
1094 777 1271 827 proxime
1312 786 1499 828 sequente
1532 778 1673 817 dicturi
1701 791 1843 820 sumus.
1878 781 1937 818 Ea
1967 780 2022 820 sic
2049 781 2185 820 habet:

260 831 398 879 Itaque
436 830 530 866 llaec
576 829 804 878 Theologiae
845 843 922 868 vna
958 836 1028 881 est,
1065 832 1114 868 ἔφ’
1150 837 1327 881 aeterna,
1363 833 1412 869 &²
1439 833 1702 870 immutabilis:
1732 847 1821 870 nam
1850 835 1955 882 quod
1976 847 2109 873 verum
2135 841 2192 873 est

261 883 474 921 necessaris>
507 883 603 919 idem
633 888 689 920 est
713 884 926 920 necessari&
953 895 1090 930 vmlm;
1117 885 1223 933 quod
1243 887 1382 922 iustum
1412 885 1461 922 ἔφ’
1487 891 1676 936 sanctum,
1709 887 1753 922 id
1773 888 1912 924 iustum
1940 887 1990 924 &²
2017 893 2188 926 sanctum

262 947 455 984 nunqnam
494 947 573 972 esse
613 948 688 972 non
706 941 855 985 potest,
897 937 1002 985 quod
1035 938 1192 986 deniqne
1221 937 1445 988 perfectum
1488 939 1689 975 secundem
1726 939 1877 989 Deum,
1913 940 2008 976 idem
2037 946 2093 978 est
2117 954 2190 977 om-

261 989 351 1026 m'no
391 1000 436 1025 ac
476 994 624 1038 semper
661 988 904 1026 inmutabile.
949 990 1068 1027 Hanc
1112 990 1404 1029 conclusionem
1444 990 1661 1040 quaestioni
1696 990 1745 1029 de
1785 992 1912 1029 forma
1951 992 2192 1043 Theologiae

262 1047 420 1078 nostrae
447 1038 596 1078 idcirco
624 1040 845 1091 atteximus,
874 1042 982 1090 quod
1009 1048 1168 1081 naturae
1195 1044 1231 1081 &
1258 1042 1475 1081 conditioni
1501 1044 1581 1082 eius
1603 1044 1701 1082 haec
1724 1044 1795 1082 tria
1809 1043 2047 1083 conueniunt
2061 1048 2191 1084 neces-

261 1092 376 1131 sarie.
417 1093 611 1143 Primum,
651 1093 760 1142 qued
800 1093 914 1132 vnica
954 1100 1011 1132 est
1050 1096 1149 1133 haec
1189 1095 1425 1146 Theologia,
1467 1108 1548 1134 non
1586 1103 1716 1134 autem
1748 1098 1877 1146 plures
1904 1096 2003 1135 illius
2031 1098 2194 1137 formae.

263 1145 503 1192 Secundum,
541 1145 648 1194 quod
684 1152 840 1184 aeterna
874 1152 931 1185 est
959 1147 1181 1199 duratione,
1209 1162 1289 1187 non
1319 1155 1448 1187 autem
1476 1151 1533 1197 (vt
1561 1148 1777 1198 cognitioni
1799 1163 1846 1187 ac
1876 1149 2045 1188 scientae
2073 1151 2194 1189 cuiuis

262 1200 456 1237 humanae
482 1198 625 1236 accidit
651 1198 875 1248 plurimum)
903 1201 1149 1249 temporaria.
1191 1201 1387 1252 Tertium,
1416 1203 1525 1251 qued
1552 1204 1588 1240 ἃ
1615 1201 1655 1240 in
1684 1215 1746 1252 se,
1775 1204 1811 1240 ἃ
1838 1201 1877 1240 in
1906 1203 2087 1241 omnibus
2115 1204 2192 1242 suis

263 1251 456 1302 partibus,
494 1251 673 1301 adeoque
711 1251 868 1302 singulis
895 1259 953 1290 est
980 1253 1248 1293 immutabilis:
1277 1267 1359 1293 non
1388 1261 1519 1293 autem
1545 1255 1684 1293 infesta
1712 1267 1759 1293 ex
1787 1256 1866 1293 vllo
1895 1267 1987 1294 casu
2013 1256 2191 1295 mutatio-

263 1304 390 1343 nibus.
429 1304 605 1355 Etenim,
637 1309 680 1342 vt
716 1306 804 1343 ante
833 1304 1079 1357 dicebamus,
1109 1320 1170 1346 res
1198 1308 1355 1357 quidem
1383 1314 1589 1347 concretae
1616 1307 1852 1357 misturaque
1879 1308 2008 1358 aliqua
2035 1322 2193 1359 compo-

264 1357 358 1396 sitae
397 1356 546 1395 variant
585 1368 768 1401 numero..
809 1363 1007 1409 tempore,
1047 1362 1083 1398 δε
1123 1361 1225 1399 mille
1267 1360 1564 1399 mutationibus:
1606 1373 1666 1398 res
1706 1364 1800 1399 vere
1839 1361 2076 1413 abstractae,
2112 1363 2193 1401 siue

264 1411 413 1449 formae
454 1422 585 1448 rerum
625 1409 666 1447 in
705 1411 901 1449 abstracto
942 1410 1087 1463 dictae,
1128 1425 1243 1463 supra
1286 1426 1446 1452 omnem
1486 1413 1741 1452 mutationem
1779 1414 2002 1464 longissime
2033 1422 2192 1454 euectae

264 1468 371 1501 sunt:
407 1474 520 1501 verus
548 1462 652 1500 enim
680 1468 870 1513 mutatur,
897 1464 966 1502 sed
992 1476 1193 1515 nunquam
1214 1466 1376 1516 veritas,
1406 1468 1441 1504 ἃ
1462 1468 1497 1504 T
1499 1467 1689 1516 heologus
1703 1473 1892 1517 mutatur,
1908 1468 1977 1506 sed
1991 1479 2192 1518 nunquam

263 1515 495 1565 Theologia.
523 1516 661 1554 Homo
690 1527 811 1565 quum
838 1527 971 1567 verus,
998 1525 1064 1557 aut
1090 1520 1316 1569 Theologus
1343 1520 1578 1570 appellatur,
1607 1526 1674 1558 aut
1695 1518 1916 1570 iustuS,aut
1931 1527 2103 1571 sanctus,
2120 1523 2192 1559 &c.

263 1569 453 1607 rationem
479 1568 599 1607 habet
624 1568 808 1607 materiae
835 1570 1047 1622 mutabilis,
1079 1583 1157 1621 qua
1182 1573 1321 1622 homo,
1351 1572 1420 1610 sed
1434 1573 1601 1610 formam
1618 1573 1744 1611 solem
1759 1572 2060 1611 accidentariam
2074 1575 2193 1612 habet

263 1620 453 1672 veritatis,
481 1620 743 1671 Theologiae,
770 1622 1068 1675 sanctimoniae,
1095 1624 1258 1663 iustitiae
1286 1627 1358 1664 &c‚
1386 1636 1504 1674 purae
1531 1632 1660 1663 autem
1685 1625 1773 1663 illae
1796 1627 1966 1676 formae,
1987 1639 2035 1664 ex
2050 1626 2190 1676 quibus

263 1674 364 1724 veri,
399 1676 435 1712 ἅν.
470 1674 682 1724 Theologi,
711 1676 747 1713 &
773 1675 913 1725 sancti,
943 1678 979 1715 &
1005 1676 1093 1715 iusti
1120 1678 1441 1728 denominantur,
1469 1679 1518 1716 ab
1547 1678 1656 1716 omni
1681 1678 1774 1716 vitio
1802 1678 2051 1728 incorruptae
2079 1685 2187 1717 sunt:

263 1727 434 1777 singulae
461 1739 581 1766 vnum
605 1733 693 1765 sunt
719 1727 865 1777 aliquid
891 1741 960 1778 per
988 1742 1045 1779 se,
1073 1729 1246 1780 singulae
1272 1738 1452 1769 aeternae
1474 1733 1510 1769 &
1531 1731 1802 1769 immutabiles.
1830 1730 1947 1769 Ratio
1962 1732 2074 1769 huius
2089 1733 2191 1770 affir-

264 1779 442 1819 mationis
468 1786 644 1830 nostrae,
672 1792 719 1818 ex
748 1786 884 1819 natura
911 1781 1009 1820 illius
1037 1784 1186 1822 formae
1213 1795 1331 1833 quam
1359 1783 1600 1834 Theologiae
1627 1783 1922 1834 adscripsimus,
1948 1786 1983 1822 δε
2003 1785 2192 1823 conditio-

263 1833 376 1871 nibus
401 1832 612 1884 adiunctiS,
642 1833 811 1882 petenda
832 1841 901 1873 est.
928 1835 1117 1886 formam,
1143 1843 1186 1874 vt
1213 1838 1302 1875 ante
1330 1836 1574 1885 dicebamus,
1589 1836 1830 1886 Theologiae
1845 1843 2001 1875 nostrae
2017 1837 2189 1876 attribui-

264 1897 349 1924 mus
373 1885 574 1924 veritatem
601 1885 795 1937 diuinamg
824 1886 931 1925 cuius
959 1889 1126 1927 veritatis
1152 1895 1229 1928 tres
1257 1888 1500 1928 conditiones
1527 1888 1740 1927 adiecimus
1770 1889 2026 1940 necessarias,
2049 1893 2190 1940 nempe

263 1938 467 1985 iustitiam,
494 1937 756 1988 sanctitatem,
785 1941 820 1977 δι
844 1941 1137 1989 perfectionem.
1178 1944 1238 1980 Ex
1263 1942 1342 1981 istis
1369 1942 1526 1992 singulis
1557 1942 1751 1980 ducuntur
1777 1949 2022 1994 argumenta,
2050 1944 2190 1993 quibus

266 1991 413 2041 unitas,
439 1990 643 2030 aeternitas
671 1993 706 2029 δι
736 1991 1026 2032 immutabilitas
1055 1995 1296 2044 Theologiae
1323 1995 1435 2032 huius
1449 1996 1714 2034 confirmatur.
1741 1996 1801 2032 Ex
1816 1995 1976 2034 veritate
1991 2008 2193 2046 argumen-

266 2050 348 2082 tum
376 2044 528 2082 ducitur
554 2044 794 2082 huiusmodi:
824 2046 946 2094 Quod
975 2058 1108 2085 verum
1136 2054 1193 2086 est
1219 2047 1453 2096 necessarie,
1481 2047 1585 2085 idem
1606 2048 1822 2087 necessarie
1844 2055 1900 2087 est
1915 2055 2192 2100 vnum,aeter-

265 2108 437 2147 naeque,
466 2099 501 2135 &
527 2096 776 2135 immutabilis
803 2098 990 2138 veritatis:
1031 2101 1182 2139 Veritas
1219 2107 1349 2139 autem
1381 2113 1473 2139 vera
1502 2106 1558 2138 est
1585 2100 1822 2139 necessarie:
1856 2103 1946 2139 Vna
1974 2108 2030 2140 est
2055 2102 2192 2152 igitur,

267 2156 441 2199 aeterna,
469 2151 505 2187 δι
531 2148 790 2188 immutabilis.
836 2151 943 2199 Quid
970 2152 1074 2191 enim
1101 2154 1226 2192 verius
1255 2151 1437 2192 veritate?
1465 2159 1531 2191 aut
1557 2153 1650 2202 quid
1677 2160 1757 2191 tam
1785 2166 1919 2192 verum
1947 2155 2191 2206 necessarie,

266 2204 384 2251 quam
410 2198 575 2240 veritas?
601 2202 850 2251 Necessarie,
871 2203 911 2242 id
934 2217 1018 2244 esse
1033 2206 1216 2258 dicimus,
1231 2213 1272 2245 vt
1286 2205 1503 2245 Aristotelis
1517 2212 1670 2244 vtamur
1683 2207 1833 2257 verbis,
1849 2208 1957 2257 quod
1971 2220 2124 2257 semper
2137 2208 2190 2246 ita

266 2261 323 2294 est
343 2262 386 2292 vt
414 2261 492 2305 est,
515 2267 589 2292 nec
609 2254 717 2293 aliter
737 2268 777 2293 se
791 2256 934 2295 habere
949 2265 1095 2308 potest,
1119 2259 1199 2298 siue
1215 2259 1458 2309 contingere:
1474 2259 1731 2297 necessarium
1746 2260 1848 2298 enim
1865 2262 1916 2311 τῷ
1932 2260 2187 2310 ἐνδεχομένῳ,

267 2306 509 2358 contingenti
542 2313 600 2345 est
636 2307 870 2357 oppositum.
911 2312 1060 2349 Verum
1095 2320 1224 2351 autem
1257 2313 1495 2363 appellamus
1523 2311 1709 2361 quicquid
1735 2320 1811 2361 est,
1841 2318 1957 2362 prout
1984 2312 2025 2349 in
2053 2319 2188 2350 nostro

265 2360 464 2398 intellectu
492 2366 566 2410 est,
595 2359 675 2398 siue
702 2359 941 2400 intellectum
967 2377 1009 2403 re
1035 2365 1138 2416 ipsa,
1165 2364 1246 2403 siue
1274 2368 1331 2414 (ut
1358 2365 1412 2403 ita
1438 2364 1627 2412 dicamus)
1655 2364 1907 2415 intelligibile.
1936 2365 2036 2403 Cum
2058 2371 2188 2403 autem

265 2412 332 2451 h‘ic
358 2424 518 2463 agamus
544 2425 626 2450 non
655 2412 704 2450 de
732 2426 777 2451 ea
804 2415 982 2467 veritate,
1011 2429 1110 2466 quae
1136 2418 1283 2468 percipi
1309 2418 1481 2455 humano
1501 2417 1699 2455 intellectu
1713 2425 1862 2468 potest,
1879 2418 1948 2456 sed
1963 2418 2012 2456 de
2027 2418 2187 2456 veritate

267 2465 419 2517 diuina,
447 2464 593 2504 infinite
621 2465 824 2504 modulum
851 2467 1068 2508 intellectus
1094 2471 1215 2509 nostri
1240 2477 1464 2520 superante:
1493 2471 1574 2508 Res
1601 2472 1693 2508 vere
1715 2471 2019 2520 diuinae,prout
2033 2469 2188 2508 diuinae

267 2526 373 2569 sunt,
401 2518 563 2556 omnino
590 2518 631 2556 in
659 2530 699 2555 se
727 2519 994 2560 necessitatem
1022 2524 1192 2562 habeant
1219 2524 1372 2562 diuinae
1398 2522 1584 2560 veritatis:
1614 2524 1736 2561 multe
1763 2523 1884 2574 magis
1905 2523 2000 2561 illud
2014 2522 2086 2561 sibi
2100 2535 2188 2572 pro-

266 2572 368 2609 fecte
391 2570 588 2609 vindicant
613 2570 722 2620 quod
750 2571 798 2609 de
826 2574 985 2613 veritate
1012 2582 1192 2623 naturae,
1221 2584 1287 2615 aut
1314 2575 1473 2614 veritate
1497 2582 1626 2613 creata
1648 2576 1844 2626 statuitur,
1867 2577 2009 2625 nempe
2024 2582 2065 2614 vt
2079 2576 2187 2624 quod

266 2635 400 2661 verum
427 2630 484 2662 est
510 2623 726 2662 necessarie
752 2623 791 2661 in
819 2625 896 2664 hoc
922 2640 1061 2678 genere
1089 2628 1242 2668 diuiuae
1269 2629 1645 2679 supernaturalisque
1665 2628 1855 2679 veritatis,
1871 2629 1976 2667 idem
1992 2627 2039 2666 sit
2054 2640 2184 2666 neces-

231 2717 234 2720 *
268 2675 368 2714 sarie
395 2688 536 2722 vnum,
565 2679 600 2715 &
628 2681 850 2726 aeternum,
877 2681 912 2717 δι
939 2680 1179 2720 immutabile
1205 2682 1369 2732 vnitate,
1395 2681 1639 2727 aeternitate,
1669 2681 2027 2720 &immutabilitate
2042 2680 2183 2729 simpli-

267 2728 439 2779 cissima,
467 2729 557 2778 quia
583 2727 714 2767 diuina
742 2735 811 2769 est.
839 2731 1184 2779 Quemadmodum
1211 2741 1341 2773 autem
1367 2734 1465 2772 haec
1492 2733 1590 2771 ratio
1613 2734 1854 2784 Theologiae
1868 2740 2020 2772 nostrae
2043 2734 2180 2771 confir-

2057 2793 2183 2823 matur
