2334 3020
827 112 1093 139 rRANclscr
1131 111 1261 145 JUNII
1304 110 1427 137 vi'rA.
2031 95 2112 149 25'

163 236 245 273 me,
281 224 316 260 &
359 227 447 260 ante
478 221 634 259 Curiam
663 221 970 269 promulgatum,
1008 225 1048 256 vt
1075 218 1246 268 quisquis
1275 224 1474 256 auctorem
1502 217 1632 256 breuis
1660 216 1770 254 vnius
1797 215 1948 266 scripti,
1977 216 2084 265 quod

163 289 249 314 mea
278 287 394 312 manu
422 281 526 324 erat,
555 272 824 323 cognouisset,
852 272 1038 310 indicium
1067 272 1209 310 faceret
1237 270 1495 321 Magistratui:
1524 272 1559 308 &
1589 282 1660 319 pro
1689 269 1833 308 indicio
1856 270 1933 307 hoc
1949 269 2084 307 floreni

161 328 341 378 trecenti,
381 326 649 377 quadringenti
676 326 1046 375 pronunciabantur.
1084 324 1262 363 Tandem
1289 326 1382 362 vero
1410 336 1480 373 per
1508 324 1773 372 exploratores
1802 323 1837 360 &
1865 321 2082 360 emissarios

163 380 365 419 consilium
407 380 509 417 istud
549 385 812 429 procuratum.
852 380 1022 416 Venerat
1064 378 1135 416 sub
1177 379 1292 416 finem
1326 376 1416 414 anni
1447 375 1670 414 Ludouicus
1697 376 1841 414 Comes
1871 375 2082 413 Nassauius

161 433 436 483 Antuerpiam,
477 432 512 469 δε
554 432 603 470 de
645 431 819 470 oratione
859 432 1027 480 quadam
1067 444 1136 481 per
1176 443 1238 468 me
1274 429 1416 479 scripta
1443 430 1493 467 ad
1521 428 1798 478 Hispaniarum
1826 430 1978 478 Regem
2006 440 2078 477 pro

159 487 336 524 libertate
361 484 517 535 publica
544 486 578 522 &
606 484 860 534 abrogatione
887 483 1121 534 Inquisitorij
1150 482 1266 521 edicti
1292 481 1498 521 nobiscum
1527 482 1746 520 clanculum
1776 483 2004 519 contulerat.
2031 481 2078 518 Id

160 538 344 587 emissarij
381 550 497 576 canes
534 537 705 587 odorati,
741 536 1098 576 commodissimam
1140 535 1330 574 rationem
1358 535 1692 585 excogitauerunt,
1735 540 1777 572 vt
1803 534 1851 572 de
1878 546 1941 571 me
1969 536 2075 571 certo

161 597 455 641 cognoscerent.
483 589 702 628 Submissus
730 590 832 628 enim
862 598 919 628 est
946 589 1104 639 quidam
1130 587 1387 627 Bruxellensis
1414 587 1556 638 pictor,
1592 587 1657 636 qui
1686 586 1855 625 studium
1882 585 2077 636 religionis

160 657 230 694 per
257 645 357 682 belle
385 643 588 694 simulans,
616 643 764 682 veniret
791 643 1067 693 Antuerpiam,
1095 643 1130 680 δε
1160 655 1243 680 sese
1270 640 1411 680 nostris
1439 640 1677 690 adiungeret.
1706 639 1785 677 Hic
1805 639 1882 678 suis
1903 638 2076 689 partibus

161 699 278 746 quam
318 695 608 746 diligentissime
650 697 855 734 defunctus
898 703 967 734 est.
1008 697 1109 733 Nam
1143 697 1178 733 &
1205 693 1462 733 conuentibus
1491 693 1637 742 aliquot
1665 705 1727 731 me
1754 692 1868 743 vidit,
1896 693 2077 730 obserua-

161 754 293 799 uitque
328 749 525 799 diligentia
552 761 718 799 summa,
759 751 793 787 &
821 748 981 799 vestigia
1008 761 1096 787 mea
1121 754 1200 786 tam
1226 748 1403 785 accurate
1430 746 1653 796 insequutus
1681 752 1758 796 est,
1785 752 1827 784 vt
1855 746 1904 783 de
1931 744 2078 782 habita-

162 802 268 841 tione
290 815 377 840 mea
403 802 645 853 cognouerit.
685 804 787 840 Tum
815 802 943 851 imago
972 813 1059 839 mea
1086 814 1154 850 per
1184 799 1384 838 hominem
1413 798 1521 837 illum
1541 800 1737 837 Bruxellas
1758 799 1808 836 ad
1828 797 2078 848 Margaritam

162 857 428 905 Parmensem,
457 867 556 905 quae
583 855 718 905 Belgio
744 856 938 905 praefecta
966 860 1065 903 erat,
1093 855 1128 891 δι
1155 853 1205 891 ad
1232 852 1436 890 consilium
1462 852 1590 890 delata
1617 858 1692 901 est,
1721 854 1755 889 ἃ
1782 851 1874 889 inde
1899 851 1950 889 ad
1976 852 2078 888 Mar-

163 908 343 947 chionem
373 908 680 959 Antuerpianum
708 909 839 957 missa,
867 914 908 945 vt
936 919 998 945 me
1025 905 1386 956 comprehenderet.
1414 907 1493 943 Res
1516 904 1689 942 Praetori
1716 904 1992 954 demandatur,
2013 903 2079 953 qui

163 974 243 999 rem
285 962 551 1011 exploraturus
593 964 700 999 certo
742 960 921 999 ancillam
963 960 1103 997 domus
1136 958 1175 996 in
1206 969 1282 1007 qua
1310 957 1536 996 habitabam
1563 957 1724 995 accersit
1750 957 1801 995 ad
1827 969 1888 995 se:
1916 969 2007 994 nam
2036 969 2081 994 ea

162 1013 336 1052 Praetori
362 1027 442 1052 non
469 1014 521 1052 ita
547 1014 697 1065 pridem
726 1013 1020 1051 ministrauerat.
1047 1012 1132 1049 Nec
1159 1010 1375 1060 blanditiis,
1403 1023 1476 1048 nec
1505 1009 1845 1060 promissionibus,
1873 1022 1944 1048 nec
1968 1009 2081 1047 minis

162 1080 208 1105 ex
236 1080 282 1105 ea
310 1066 525 1117 expiscatus
554 1074 611 1106 est
638 1066 861 1116 quicquam.
902 1067 1089 1103 Facturus
1116 1063 1247 1112 itaque
1275 1063 1383 1112 quod
1410 1062 1447 1100 in
1477 1062 1668 1101 mandatis
1687 1061 2080 1112 acceperat,veniam

162 1123 185 1158 a
227 1121 398 1158 Consule
438 1123 494 1169 (vt
530 1119 738 1170 priuilegiis
765 1125 922 1157 cauetur
948 1118 1041 1164 loci)
1069 1115 1319 1165 consequitur
1348 1116 1399 1153 ad
1426 1115 1589 1153 domum
1617 1115 1712 1153 ciuis
1739 1115 2054 1165 perscrutandam
2070 1145 2080 1164 ,

165 1177 305 1224 meque
337 1174 441 1223 apud
468 1172 594 1211 ciuem
623 1172 730 1210 illum
759 1171 907 1221 quaerit
933 1170 1000 1209 vbi
1027 1169 1264 1219 hospitabar.
1301 1169 1377 1206 Sed
1406 1174 1664 1206 anteuerterat
1690 1168 1889 1206 hominem
1917 1167 1981 1205 illa
2007 1167 2082 1205 Dei

164 1233 245 1276 opt.
274 1239 375 1265 max.
402 1225 660 1276 prouidentia,
689 1224 783 1262 mihi
805 1226 842 1263 &
869 1236 958 1262 meo
986 1222 1130 1272 hospiti
1157 1222 1363 1260 consulens
1384 1220 1724 1271 opportunissime.
1757 1220 1866 1259 Fecit
1887 1220 2012 1270 enim,
2040 1226 2081 1258 vt

163 1292 236 1329 ego
273 1279 502 1317 excederem
539 1279 679 1328 domo,
707 1277 925 1315 Ecclesiam
951 1276 1169 1314 Bredanam
1196 1274 1408 1325 inuisurus,
1437 1281 1526 1312 ante
1554 1273 1789 1312 semihoram
1812 1275 1932 1311 ferme
1961 1275 2080 1323 quam

163 1333 389 1370 aduentaret
415 1333 575 1369 Praetor
601 1331 653 1369 ad
679 1331 919 1369 lustrandam
946 1329 1132 1368 domum:
1161 1327 1333 1378 itemque
1361 1334 1402 1365 vt
1429 1329 1572 1377 hospes
1599 1338 1707 1365 meus
1730 1326 1894 1365 statima
1910 1325 2080 1364 discessu

163 1397 252 1423 meo
279 1397 348 1434 per
375 1385 586 1434 quemdam
613 1383 781 1422 amicum
808 1383 858 1421 de
885 1382 1066 1421 vniuerso
1094 1381 1258 1419 consilio
1285 1381 1396 1419 fieret
1425 1381 1586 1430 certior,
1614 1380 1650 1417 δε
1676 1381 1792 1419 rebus
1819 1378 1914 1417 meis
1937 1379 2080 1417 abden-

163 1437 222 1475 dis
263 1444 328 1476 aut
370 1436 639 1488 deportandis,
679 1449 759 1475 non
801 1436 883 1475 sine
925 1435 1151 1474 difficultate
1178 1433 1432 1485 prospiceret.
1472 1434 1605 1482 Quum
1631 1439 1763 1471 autem
1791 1445 1860 1482 per
1889 1433 2082 1473 celebrem

161 1490 267 1528 illam
301 1490 511 1529 nobilitatis
547 1489 727 1540 Belgicae
755 1502 943 1528 coronam
970 1488 1123 1527 libellus
1151 1488 1314 1538 supplex
1341 1498 1431 1525 curn
1458 1485 1659 1536 postulatis
1687 1487 1722 1523 δι
1750 1496 1952 1524 causarum
1976 1497 2083 1523 enar-

161 1542 310 1581 ratione
336 1543 387 1581 ad
413 1545 564 1594 Regem
591 1542 802 1581 mittendus
829 1540 1094 1592 antepaschali
1120 1548 1297 1591 tempore
1325 1541 1479 1579 oblatus
1503 1546 1621 1591 esset,
1644 1545 1727 1577 tum
1741 1538 1939 1589 grauiores
1954 1544 2082 1576 motus

162 1596 396 1647 negotiaque
434 1595 640 1635 difficilora
671 1595 711 1633 in
739 1595 821 1634 dies
850 1597 990 1634 oborta
1017 1600 1126 1645 sunt,
1155 1593 1296 1645 quibus
1322 1606 1385 1632 me
1412 1592 1547 1631 iactari
1577 1599 1730 1642 praeter
1757 1591 1854 1630 alios
1881 1591 1920 1629 in
1947 1590 2083 1641 Belgio

162 1649 353 1699 oportuit:
382 1663 499 1688 vnam
526 1650 579 1688 ob
606 1661 762 1688 causam
790 1648 975 1699 maxime,
1003 1648 1112 1698 quod
1137 1660 1219 1686 non
1247 1660 1370 1686 essem
1397 1645 1591 1696 indigena.
1627 1645 1724 1683 Aliis
1753 1645 1856 1684 enim
1884 1643 2085 1693 fratribus,

162 1701 237 1741 Dei
277 1702 396 1741 seruis
437 1705 473 1741 δε
514 1702 700 1740 Ministris
741 1701 942 1752 Euangelij
982 1701 1124 1740 licebat
1164 1700 1280 1739 tutius
1320 1699 1485 1750 versari,
1523 1701 1559 1737 δι
1599 1711 1714 1749 agere
1754 1709 2009 1748 quaecunque
2035 1697 2086 1734 ad

163 1754 417 1794 ministerium
450 1767 606 1795 sacrum
644 1754 910 1806 pertinebant,
946 1755 1015 1793 sed
1050 1753 1090 1791 in
1117 1765 1248 1793 meum
1277 1759 1394 1804 caput
1424 1755 1674 1790 Parmensem
1700 1751 1807 1790 illam
1835 1748 2085 1789 Gubernatri-

163 1821 248 1846 cem
279 1807 422 1859 scripta
449 1807 719 1847 antecedentia
745 1821 897 1859 semper
923 1807 1163 1858 excitabant,
1192 1807 1286 1846 dum
1308 1806 1483 1856 priuatae
1511 1804 1723 1844 conciones
1751 1806 1904 1843 fuerunt
1917 1802 2086 1841 habitae.

164 1862 432 1909 Quamobrem
474 1862 589 1901 etiam
629 1872 754 1900 nouus
795 1861 832 1899 in
874 1873 938 1900 me
977 1859 1117 1899 Insulis
1158 1859 1378 1909 (Flandriae
1418 1865 1475 1899 est
1511 1858 1672 1908 opidum
1700 1859 1870 1908 celebre)
1901 1862 2086 1895 consutus

164 1914 290 1953 dolus.
317 1916 458 1954 Fuerat
488 1914 591 1954 enim
618 1915 728 1964 plebs
755 1913 960 1952 Flandriae
987 1913 1082 1952 vicis
1110 1912 1404 1964 quamplurimis
1426 1912 1493 1951 diu
1507 1914 1595 1950 ante
1610 1923 1702 1950 ausa
1715 1911 1926 1950 conciones
1941 1910 2085 1948 habere

164 1968 293 2017 palam
321 1968 536 2019 frequentia
563 1967 748 2018 maxima,
777 1969 896 2018 quam
923 1966 963 2005 in
993 1966 1201 2005 Brabantia
1228 1968 1358 2017 fieret,
1387 1965 1468 2004 siue
1496 1966 1593 2003 freta
1619 1976 1803 2015 numero,
1831 1964 1911 2002 siue
1938 1964 2085 2001 feruen-

164 2019 267 2059 tibus
294 2020 430 2060 animis
458 2022 507 2059 ad
536 2020 748 2060 conciones
775 2026 993 2059 accurreret
1018 2032 1099 2058 non
1128 2019 1331 2070 accersita,
1347 2025 1389 2058 vt
1403 2017 1640 2068 Antuerpiae
1655 2016 2086 2067 quoq.expertisumus.

163 2075 254 2111 Hac
289 2074 498 2113 occasione
525 2073 594 2112 fuit
621 2073 779 2112 inuenta
805 2073 904 2112 ratio
930 2080 972 2112 vt
999 2072 1039 2111 in
1065 2072 1265 2123 publicum
1292 2072 1560 2122 imprudenter
1586 2071 1800 2121 productus
1827 2069 2082 2119 comprehen-

165 2126 289 2165 derer.
330 2128 509 2166 Praeerat
543 2127 629 2166 vrbi
661 2126 802 2166 nobilis
831 2126 990 2177 quidam
1018 2126 1067 2164 de
1094 2125 1382 2176 Rassenguien,
1410 2124 1478 2175 qui
1506 2125 1755 2175 Egmontano
1784 2122 1929 2162 Comiti
1957 2120 2085 2160 minis-

164 2185 342 2219 trauerat.
382 2180 464 2219 Hic
503 2193 622 2231 agens
662 2191 752 2218 cum
792 2181 914 2219 altero
957 2180 1129 2230 quodam
1171 2178 1294 2218 nobili
1334 2178 1373 2216 in
1406 2177 1548 2216 vicinia
1574 2176 1764 2226 versanti,
1793 2176 1856 2214 cui
1883 2173 2085 2214 Caubekio

164 2245 327 2284 nomen,
353 2233 562 2272 bellissime
589 2246 630 2272 se
654 2234 755 2272 velle
783 2232 938 2271 simulat
963 2232 1013 2270 de
1040 2231 1227 2283 religione
1251 2238 1383 2270 nostra
1409 2243 1672 2281 cognoscere,
1699 2229 1940 2280 colloquium
1955 2226 2087 2265 audire

164 2285 331 2324 Ministri
356 2286 518 2325 alicuius
547 2298 638 2324 cum
665 2298 736 2324 suo
763 2285 1012 2336 Sacrificulo,
1042 2286 1093 2324 ad
1114 2285 1315 2324 veritatem
1330 2284 1478 2334 optima
1491 2283 1567 2322 fide
1582 2283 1801 2321 attendere:
1818 2294 1895 2333 qua
1910 2279 2087 2331 cognita,

165 2340 248 2377 fore
274 2345 316 2376 vt
341 2341 447 2378 nulla
474 2338 722 2389 auctoritate,
752 2351 803 2377 ne
830 2338 934 2390 regia
961 2338 1139 2389 quidem,
1167 2339 1218 2376 ab
1242 2350 1290 2376 eo
1312 2338 1479 2376 colenda
1499 2337 1735 2387 abducatur,
1752 2334 1940 2374 &similia
1954 2333 2088 2371 multa.

164 2391 243 2429 Hic
279 2392 499 2432 Caubekius
526 2405 635 2443 spem
662 2391 832 2443 aliquam
859 2394 908 2431 de
935 2404 982 2430 eo
1011 2391 1266 2441 conciciiens,
1294 2404 1335 2430 se
1363 2397 1585 2429 curaturum
1613 2389 1794 2439 spondet.
1829 2387 1966 2427 Statim
1993 2397 2089 2423 nun-

165 2444 248 2482 cius
273 2456 362 2484 cum
391 2446 508 2485 literis
535 2445 694 2484 aduolat
720 2444 997 2496 Antuerpiam3
1027 2457 1074 2483 eo
1104 2445 1212 2495 quod
1240 2443 1417 2483 Ecclesia
1444 2443 1509 2481 illa
1523 2455 1615 2493 prae
1630 2442 1789 2481 caeteris
1804 2439 2087 2481 commoditate

165 2496 433 2537 Ministrorum
475 2499 675 2538 abundare
715 2498 921 2537 videretur.
961 2499 1022 2535 Re
1060 2497 1100 2535 in
1140 2496 1346 2536 consilium
1387 2495 1523 2547 missa,
1563 2494 1763 2534 Ecclesiae
1798 2493 1944 2546 placuit
1971 2499 2012 2530 vt
2039 2494 2086 2529 eo

164 2550 451 2602 proficiscerer,
484 2551 661 2602 quamuis
692 2558 970 2601 praemonente
997 2563 1061 2588 me
1089 2552 1146 2599 (vt
1172 2550 1316 2599 euenit)
1344 2563 1424 2588 rem
1451 2550 1563 2588 istam
1589 2561 1671 2586 non
1699 2548 1754 2587 sic
1779 2548 1984 2587 abituram.
2026 2546 2086 2582 In—

164 2605 271 2641 terea
300 2605 615 2655 Rassenguianus
643 2604 785 2642 certior
811 2601 936 2643 factus
963 2602 1096 2642 omnia
1123 2610 1346 2653 comparat,
1374 2604 1409 2641 &
1438 2601 1569 2653 specie
1597 2601 1752 2640 infantis
1778 2613 1895 2651 quem
1917 2598 2088 2638 habebat

166 2656 462 2709 baptizandum,
503 2659 787 2696 Tornacessem
821 2657 1061 2707 Episcopum
1097 2655 1260 2694 accersit
1286 2656 1337 2694 ad
1364 2669 1426 2706 se,
1461 2662 1502 2694 vt
1529 2667 1577 2693 eo
1605 2654 1802 2693 solennior
1831 2660 1931 2692 esset
1960 2651 2088 2700 dispu-

165 2709 273 2748 tatio.
311 2710 482 2749 Simulac
522 2712 672 2749 Insulas
698 2710 808 2762 veni,
849 2711 928 2748 dux
967 2708 1114 2747 itineris
1153 2721 1216 2747 me
1250 2708 1289 2746 in
1326 2709 1527 2759 quoddam
1556 2707 1808 2757 oenopolium
1837 2706 1945 2745 ducit
1971 2715 2089 2743 causa

167 2761 438 2815 simulationis,
478 2770 595 2814 prout
634 2763 753 2802 exteri
792 2763 966 2802 aduenae
1006 2762 1133 2800 solent
1173 2774 1256 2800 sese
1283 2774 1330 2801 ex
1357 2761 1500 2801 itineris
1527 2761 1662 2799 labore
1689 2762 1860 2799 reficere.
1900 2758 2088 2797 Nondum

1118 2827 1143 2861 4
1843 2812 2090 2862 attigeramus
