2334 3020
851 109 1119 137 EIRENxcl
1162 109 1302 136 PARS
1343 109 1369 136 ἰ.
2010 106 2082 141 421

144 219 383 270 oppidorum
422 219 710 268 vtilitatemque
740 217 953 268 pertinent:
984 217 1083 256 muri
1109 223 1238 255 autem
1265 215 1419 254 termini
1450 214 1558 253 caeci
1587 220 1675 252 sunt
1704 216 1761 262 (vt
1789 212 1840 251 ita
1868 213 2090 262 loquamur)

144 285 225 312 non
269 274 319 311 ad
364 272 541 311 actiones
583 271 741 321 quasuis
783 270 931 309 ciuitati
973 271 1226 318 commodas,
1271 270 1341 308 sed
1374 269 1424 307 ad
1455 275 1723 318 tegumentum
1752 267 1787 305 &
1818 266 2091 305 defensionem

142 326 396 365 solummodo
443 324 676 375 comparati.
719 324 840 374 QuOd
869 330 999 362 autem
1029 323 1317 362 extremitatum
1346 321 1607 372 appellatione
1634 321 1675 359 id
1703 327 1830 359 totum
1859 319 2094 369 intelligatur

147 379 257 429 quod
297 379 370 417 illis
421 377 787 428 comprehenditur,
828 376 974 415 nemini
1011 376 1161 415 homini
1196 376 1368 415 insolens
1402 374 1526 413 videri
1553 380 1699 424 potest,
1729 373 1795 423 qui
1823 372 1861 412 in
1892 385 1960 411 ore
1989 371 2094 423 vulgi

142 431 367 471 innumeras
407 430 600 471 eiusmodi
639 430 860 469 locutiones
902 429 1239 479 animaduerterit,
1275 427 1483 468 continens
1521 440 1594 478 pro
1623 433 1832 477 contento,
1860 433 1902 465 vt
1929 432 2092 474 vocant,

143 485 380 535 vsurpantis:
421 492 462 524 vt
504 496 731 523 crumenam
774 490 911 534 petens
953 483 1161 534 pecuniam
1193 482 1305 533 petit.
1348 482 1469 531 Quod
1498 488 1628 520 autem
1658 482 1857 531 postremo
1886 491 1960 530 pro
1987 478 2090 529 iure,

140 538 389 587 auctoritate,
419 536 615 588 potentia,
643 537 1002 586 administratione,
1031 539 1067 576 δι
1093 548 1164 575 vsu
1195 535 1453 586 significando
1481 534 1664 572 dicuntur
1692 541 1850 584 portae,
1878 532 1919 571 id
1942 534 1966 571 a
1986 544 2092 570 com-

141 592 250 631 muni
279 604 390 630 more
419 590 535 641 prisci
563 590 666 630 illius
698 591 818 630 seculi
846 591 1067 640 profectum
1096 596 1166 628 est.
1196 591 1299 628 Nam
1329 589 1380 628 ad
1410 595 1544 638 portas
1571 587 1809 625 munitiones
1824 592 1954 632 erant,
1971 597 2092 624 arma-

142 644 334 684 mentaria
360 644 567 694 basilicae,
595 645 702 694 fora,
731 645 766 683 &
796 650 1016 682 conuentus
1045 642 1203 682 dicendi
1230 642 1345 694 iuris,
1372 649 1417 681 vt
1444 641 1574 680 multis
1597 640 1818 690 Scripturae
1842 640 1939 679 locis
1954 640 2094 678 confir-

138 705 285 738 matur:
314 699 433 736 Vnde
461 710 550 736 mos
578 696 641 736 ille
673 696 864 747 obtinuit,
892 704 935 735 vt
962 696 1039 746 ius,
1068 695 1301 746 auctoritas,
1331 693 1941 745 consilium,potentia,&vires
1957 705 2096 731 omnes

141 758 346 804 portarum
386 750 548 790 nomine
583 758 827 789 notarentur.
871 751 985 789 Matt.
1018 751 1077 789 16.
1112 752 1170 788 18.
1216 749 1309 798 Quo
1347 759 1461 788 sensu
1497 748 1656 786 dicebat
1683 747 1880 795 Christus,
1910 746 2097 784 aduersus

140 812 292 856 petram
327 805 363 842 &
401 811 707 855 superstructam
738 804 957 842 Ecclesiam
985 816 1067 842 non
1097 815 1182 841 esse
1211 804 1253 852 (f.
1283 803 1376 852 699)
1402 800 1681 852 praeualituras
1708 800 1924 840 inferorum
1952 805 2097 850 portas.

141 857 222 897 Hic
250 860 344 898 vero
375 870 456 896 non
485 858 614 908 agitur
643 857 694 896 de
735 857 858 909 portis
886 856 1087 896 Ecclesiae
1115 855 1340 895 fabrefactis
1368 856 1403 894 &
1433 854 1717 902 materialibus,
1744 866 1825 893 non
1855 854 1905 892 de
1928 864 2096 903 corpore

141 910 309 951 ciuitatis
337 911 607 961 aspectabilis,
636 923 716 949 non
749 911 799 950 de
827 910 966 949 ordine
994 910 1170 949 humano
1200 915 1265 948 aut
1292 907 1469 960 potentia
1499 908 1577 946 vlla
1604 906 1754 957 carnis,
1779 907 1848 945 sed
1862 907 1912 945 de
1928 917 2096 956 corpore

142 964 229 1016 ipso
261 964 482 1003 Ecclesiae:
511 965 620 1015 quod
650 965 741 1003 ciim
768 964 967 1014 spirituale
996 963 1044 1002 sit
1070 962 1249 1002 Ecclesia
1281 969 1358 1013 est,
1387 969 1588 1013 portarum
1617 971 1777 1011 quoque
1792 959 2096 1011 appellationem

145 1017 334 1069 spirituali
363 1019 486 1057 modo
517 1024 674 1068 oportet
703 1017 975 1067 intelligamus.
1007 1017 1104 1055 Sunt
1130 1016 1247 1067 igitur
1275 1023 1413 1067 portae
1441 1014 1621 1054 Ecclesia
1647 1014 1754 1064 ipsa,
1781 1015 1817 1053 &
1846 1012 1970 1052 sancti
1995 1012 2095 1051 illius

144 1072 242 1110 fines
271 1072 306 1109 δι
336 1071 488 1110 termini
516 1073 541 1110 a
566 1073 654 1109 Deo
683 1070 953 1122 circumpositi
982 1068 1184 1109 Ecclesiae
1212 1077 1329 1119 atque
1359 1068 1562 1107 constituti
1589 1068 1640 1107 ad
1660 1066 1839 1118 corporis
1852 1066 1965 1105 vnius
1980 1078 2096 1116 coag-

147 1124 452 1176 mentationem,
481 1126 515 1164 &
544 1123 690 1163 iustum
720 1124 901 1162 ordinem
930 1123 1336 1174 gubernationemque
1362 1121 1475 1165 illius,

197 1178 274 1218 His
310 1178 434 1228 portis
474 1179 498 1216 a
525 1179 614 1217 Deo
642 1177 801 1228 positis,
829 1189 1042 1229 personae,
1070 1190 1151 1225 res,
1178 1176 1214 1215 &
1242 1175 1419 1215 actiones
1448 1185 1548 1225 quae
1575 1186 1709 1213 coram
1737 1174 1826 1212 Deo
1854 1172 1893 1212 in
1920 1171 2098 1212 Ecclesia

154 1239 261 1275 sunt,
303 1230 568 1270 continentur.
609 1232 827 1276 Personae,
863 1233 888 1270 a
921 1232 1011 1270 Deo
1039 1237 1224 1277 vocatae,
1252 1242 1313 1268 res
1339 1231 1363 1268 a
1390 1229 1479 1267 Deo
1508 1228 1643 1279 datae,
1673 1226 1851 1265 actiones
1877 1225 2046 1276 denique
2074 1227 2098 1263 a

154 1285 244 1324 Deo
271 1283 310 1322 in
339 1284 561 1323 Ecclesiam
588 1285 816 1335 praestitae,
845 1286 881 1324 δε
910 1283 947 1323 in
977 1297 1024 1322 ea
1051 1282 1164 1322 nobis
1192 1283 1418 1332 imperatae.
1460 1282 1560 1321 Cum
1591 1281 1720 1330 itaque
1749 1279 1883 1319 Sancti
1911 1286 2100 1318 testantur

152 1340 284 1388 palam
317 1339 440 1391 pedes
473 1351 562 1377 suos
589 1351 668 1376 esse
695 1339 940 1376 consistentes
966 1339 1006 1376 in
1024 1339 1158 1389 portis
1181 1338 1561 1386 Hierosogymorum,
1592 1335 1642 1373 ad
1671 1333 1744 1372 tria
1771 1334 1837 1372 illa
1864 1332 2098 1384 respiciunt3

150 1392 320 1440 Deoque
360 1392 397 1431 δι
438 1391 639 1430 Ecclesiae
678 1392 893 1442 spondent,
931 1404 971 1429 se
1007 1396 1208 1440 tamquam
1235 1402 1424 1440 personas
1451 1391 1474 1427 a
1501 1390 1589 1428 Deo
1619 1388 1764 1426 electas
1791 1395 1909 1436 atque
1937 1392 2097 1425 vocatas

149 1445 342 1496 gratiose,
371 1452 689 1495 perseueraturos
717 1444 822 1494 apud
851 1456 892 1483 se
920 1445 956 1484 δι
985 1443 1086 1482 inter
1113 1456 1155 1482 se
1181 1455 1316 1481 coram
1343 1442 1521 1481 Domino
1549 1442 1588 1481 in
1610 1441 1790 1480 Ecclesia
1817 1440 1898 1479 eius
1913 1440 1967 1478 vti
1981 1441 2099 1478 rebus

149 1501 172 1538 a
208 1500 296 1537 Deo
336 1497 460 1544 datis,
490 1511 531 1536 se
558 1498 735 1536 laborem
765 1504 1072 1547 consumpturos
1100 1496 1139 1536 in
1168 1496 1391 1534 actionibus
1419 1496 1499 1535 eius
1527 1494 1808 1547 percipiendis,
1837 1495 1872 1533 &
1899 1492 1939 1532 in
1967 1494 2099 1533 obser-

145 1551 288 1591 uandis
329 1552 585 1601 colendisque
613 1551 801 1601 operibus
828 1552 878 1590 ab
908 1551 993 1601 ipso
1023 1549 1224 1601 imperatis
1253 1556 1490 1601 occupatum
1518 1549 1576 1587 iri.
1619 1549 1720 1588 Cum
1750 1554 1880 1587 autem
1906 1558 2034 1586 rerum
2064 1548 2099 1586 &

143 1605 366 1653 actionum,
403 1616 571 1655 quarum
599 1605 696 1644 aliae
724 1605 763 1644 in
793 1603 949 1655 priuato
979 1605 1015 1643 ὅτ
1044 1602 1230 1654 singulari
1257 1614 1349 1651 vsu,
1378 1603 1416 1641 in
1447 1602 1609 1654 publico
1639 1601 1780 1640 ordine
1808 1600 1960 1652 positae
1988 1607 2099 1649 sunt,

142 1659 284 1698 modus
316 1658 502 1709 deinceps
532 1657 786 1708 sequentibus
814 1658 994 1697 versibus
1023 1664 1257 1708 exponatur,
1285 1657 1386 1695 haec
1414 1656 1548 1696 omnia
1577 1658 1625 1695 εὸ
1655 1667 1789 1694 sumus
1818 1653 2010 1694 reiecturi.
2055 1654 2101 1692 Id

141 1724 262 1751 vnum
304 1714 423 1762 quam
467 1711 762 1763 diligentissime
802 1711 1004 1750 recordari
1043 1711 1130 1762 pios
1166 1723 1327 1749 necesse
1363 1718 1438 1760 est,
1470 1708 1803 1761 perseuerantiam
1831 1720 1909 1758 qua
1935 1713 2099 1746 vtuntur

143 1764 325 1804 homines
354 1773 462 1804 extra
490 1765 734 1816 Ecclesiam,
761 1772 829 1804 aut
856 1764 974 1804 etiam
1003 1764 1042 1803 in
1073 1764 1266 1812 Ecclesia,
1297 1771 1404 1802 extra
1433 1765 1529 1802 fines
1557 1765 1580 1802 a
1607 1765 1696 1801 Deo
1720 1761 2097 1809 constitutos,dam-

141 1819 311 1859 nabilem
341 1832 426 1858 esse
451 1819 733 1869 pertinaciam:
757 1832 897 1858 omnes
925 1825 1057 1857 autem
1085 1818 1263 1857 laborem
1293 1829 1428 1867 suum,
1459 1830 1641 1867 operam,
1669 1822 1786 1866 atque
1801 1815 2032 1855 industriam
2048 1816 2095 1854 eo

143 1874 323 1912 conferre
350 1878 553 1922 oportere,
582 1879 624 1911 vt
650 1885 732 1911 non
761 1873 889 1911 solum
918 1871 956 1910 in
985 1870 1163 1910 Ecclesia
1191 1870 1286 1920 sint,
1316 1872 1386 1910 sed
1414 1871 1530 1909 etiam
1560 1883 1609 1909 ex
1637 1869 1815 1908 Ecclesia
1841 1869 1936 1919 sint,
1966 1870 2096 1908 &tan-

143 1936 262 1977 quam
291 1938 478 1977 germana
507 1926 685 1964 membra
713 1925 813 1965 illius
841 1926 882 1965 in
914 1927 1032 1965 rebus
1061 1924 1285 1964 actionibus
1312 1924 1541 1964 decentibus
1569 1923 1821 1963 vocationem
1849 1935 1959 1961 suam
1987 1921 2093 1960 inde-

145 1979 317 2019 sinenter
362 1991 447 2018 sese
487 1986 716 2019 exerceant:
752 1987 870 2030 atque
913 1978 1030 2018 etiam
1064 1977 1200 2029 siquae
1230 1978 1374 2018 dubiae
1401 1984 1510 2027 sunt,
1540 1977 1675 2027 siquae
1701 1975 1944 2027 incognitae,
1972 1975 2022 2013 de
2049 1974 2094 2014 iis

144 2039 353 2084 quaerant,
383 2034 418 2072 δι
447 2034 675 2084 consulant,
703 2033 1041 2083 quemadmodum
1069 2032 1109 2071 in
1137 2031 1261 2083 portis
1290 2031 1385 2071 olim
1407 2031 1547 2082 singuli
1569 2030 1790 2070 functiones
1812 2042 1899 2068 suas
1915 2030 2095 2068 solebant

146 2098 406 2137 cognoscere,
444 2087 481 2125 δε
521 2087 572 2125 ab
613 2086 658 2125 iis
686 2087 754 2137 qui
781 2087 986 2125 communi
1013 2092 1218 2137 praeerant
1245 2086 1430 2124 mandata
1456 2084 1750 2136 diligentissime
1776 2084 1973 2133 accipere,
2001 2082 2095 2121 fide-

144 2139 370 2190 lissimeque
405 2139 558 2189 exequi.
601 2142 702 2179 Nam
731 2151 994 2190 quaecunque
1021 2138 1263 2179 Christianus
1291 2139 1406 2178 sentit
1432 2138 1632 2177 vocationi
1662 2150 1755 2177 suae
1780 2144 1863 2176 tum
1892 2135 2095 2175 communi

147 2192 342 2243 omnium,
371 2199 454 2231 tum
486 2192 602 2232 etiam
631 2193 815 2243 singulari
842 2201 960 2243 atque
987 2195 1045 2243 (vt
1073 2194 1236 2243 vocant)
1265 2191 1463 2243 personali
1490 2191 1723 2241 conuenire,
1753 2204 1800 2230 ea
1829 2191 1930 2229 vltro
1959 2190 2095 2228 defun-

146 2245 266 2298 gitur:
297 2247 347 2285 de
378 2245 521 2296 quibus
548 2248 642 2286 vere
669 2246 767 2285 nihil
794 2248 932 2298 plane,
960 2253 1026 2286 aut
1052 2259 1133 2285 non
1163 2246 1254 2285 satis
1283 2246 1516 2285 informatus
1544 2245 1698 2285 videtur
1726 2244 1800 2283 sibi
1826 2244 1866 2283 in
1893 2243 2027 2282 animo
2058 2242 2094 2281 &

147 2299 409 2348 conscientia,
437 2307 584 2339 certam
613 2312 750 2339 eorum
777 2300 970 2340 rationem
999 2314 1046 2340 ex
1072 2299 1149 2338 Dei
1175 2300 1321 2351 verbo,
1349 2306 1415 2338 aut
1443 2298 1559 2338 certis
1588 2298 1824 2338 administris
1851 2297 1952 2337 illius
1975 2295 2095 2336 fideli·

145 2354 298 2403 busque
325 2352 680 2404 dispensatoribus,
709 2361 920 2405 antequam
949 2353 998 2392 ad
1027 2366 1127 2404 opus
1155 2353 1401 2404 accingatur,
1429 2352 1607 2403 religiose
1635 2351 1862 2402 cogniturus
1891 2357 1962 2390 est.

199 2408 291 2446 Hac
325 2407 616 2457 perseuerantia
649 2406 805 2458 piorum
834 2407 1040 2446 hominurn
1070 2406 1292 2457 finibusque
1319 2406 1479 2457 positis,
1507 2407 1557 2445 de
1586 2405 1749 2445 testibus
1777 2404 1992 2444 videndum
2021 2409 2095 2454 est,

146 2460 212 2511 qui
237 2462 262 2499 ὲ,
288 2459 375 2498 filiis
403 2460 480 2498 Dei
507 2461 585 2499 hoc
613 2461 705 2500 loco
735 2462 991 2511 appellantur.
1021 2461 1083 2499 Ac
1111 2460 1267 2499 testium
1296 2459 1478 2510 quidem,
1508 2466 1599 2498 ante
1626 2470 1795 2509 quorum
1823 2459 1961 2497 oculos
1983 2456 2095 2496 decet

146 2526 220 2553 nos
248 2514 359 2553 obire
387 2513 636 2553 vocationem
665 2521 862 2565 nostram,
890 2515 1011 2553 multa
1034 2520 1124 2553 sunt
1147 2526 1302 2564 genera.
1319 2520 1457 2553 testem
1473 2513 1576 2552 enim
1591 2513 1784 2551 habemus
1797 2512 2093 2561 vniuersorum,

147 2568 183 2606 δε
213 2579 343 2605 rerum
372 2567 489 2605 etiam
516 2567 849 2606 abditissimarum
878 2568 1145 2618 cognitorem,
1169 2566 1236 2616 qui
1260 2567 1375 2606 etiam
1400 2566 1518 2605 iudex
1533 2568 1683 2606 futurus
1699 2573 1775 2611 est,
1791 2567 1935 2604 Deum.
1964 2562 2094 2602 Huius

146 2619 416 2660 testimonium
457 2624 591 2660 sancte
625 2634 760 2660 coram
795 2621 1042 2671 hominibus,
1079 2621 1146 2659 vbi
1172 2621 1247 2659 alia
1275 2620 1499 2659 testimonia
1526 2633 1607 2658 non
1635 2627 1822 2671 prosunt,
1852 2632 1901 2658 ex
1929 2618 2095 2668 pietate,

146 2675 330 2724 veritate,
371 2675 408 2713 &
450 2673 640 2713 charitate
676 2675 932 2725 appellamus.
973 2676 1110 2713 Testes
1156 2673 1250 2712 item
1277 2675 1467 2712 habemus
1495 2675 1655 2725 angelos
1684 2676 1705 2712 e
1734 2674 1865 2722 caelo,
1893 2670 2096 2710 communi

151 2727 328 2766 Domino
354 2739 445 2766 cum
472 2727 651 2767 Ecclesia
678 2729 959 2778 obsequentes,
987 2729 1024 2766 &
1048 2727 1156 2766 ciues
1170 2727 1421 2766 Hierusalem
1436 2726 1536 2766 illius
1550 2728 1590 2766 in
1612 2727 1747 2774 caelis,
1766 2725 2093 2776 qui&intuentur

153 2780 293 2820 faciem
328 2781 447 2831 patris
475 2781 598 2820 nostri
626 2781 693 2832 qui
720 2780 761 2820 in
787 2781 904 2821 caelis
933 2787 1010 2834 est,
1039 2781 1226 2820 mandata
1255 2780 1356 2820 illius
1387 2780 1606 2833 accepturi,
1635 2782 1670 2820 &
1699 2780 1949 2819 minimorum
1978 2777 2095 2816 etiam

1839 2833 2093 2885 puerulorum
