2334 3020
797 138 1011 165 ‘ramses
1053 138 1490 167 THEOLOGICAE.
2030 131 2099 168 181

163 245 213 282 ἐφ’
246 258 302 295 19.
337 257 394 293 17.
424 246 512 282 ciim
541 245 591 282 ad
619 244 769 293 singula
796 245 891 294 legis
920 252 1132 294 praecepta
1160 245 1334 283 hortetur
1357 246 1553 295 Christus,
1580 246 1646 296 qui
1669 260 1742 286 nos
1756 248 1793 285 in
1810 250 1883 287 hac
1899 249 1978 286 vita
1991 247 2099 286 iubet

163 298 401 336 contendere
441 298 490 335 ad
525 311 612 335 eam
642 297 920 346 perfectionem
948 309 1048 346 quae
1078 297 1149 336 erit
1176 298 1215 336 in
1243 297 1381 336 coelis:
1411 298 1505 347 quid
1534 299 1634 337 enim
1663 300 1784 351 magis
1812 302 1950 353 ἄλογον
1978 303 2095 350 quam

167 350 285 388 filium
314 350 388 388 Dei
415 363 486 400 pro
518 350 632 389 nobis
660 351 779 397 mori,
811 358 853 388 vt
878 350 916 388 in
948 357 1200 400 peccatorum
1228 364 1356 390 coeno
1387 353 1661 391 volutaremur.

219 416 278 441 10.
334 405 416 441 Lea:
459 403 731 441 Ceremonz'alis
770 403 860 453 quia
893 415 973 441 non
1011 409 1068 441 est
1095 404 1145 441 de
1172 405 1256 454 lege
1284 410 1467 455 naturae,
1493 408 1607 454 (quae
1635 407 1718 444 sola
1746 414 1804 445 est
1830 405 2096 456 immutabilis)

163 456 310 494 abolita
355 463 411 495 est
452 467 542 507 vsu,
585 457 619 493 δι
648 457 780 505 quoad
807 455 1092 506 obedientiam,
1120 458 1189 495 sed
1216 469 1298 495 non
1325 457 1482 508 effectu,
1511 457 1549 496 in
1578 459 1688 497 cuius
1714 459 1931 498 abolitione
1959 459 2096 498 melius

162 511 325 559 refulget
351 508 503 548 veritas.
545 511 692 548 Matar.
726 523 785 547 11.
821 523 878 559 13.
921 511 1056 547 Marc.
1090 520 1148 559 15.
1177 512 1240 557 38.
1284 511 1370 549 Act.
1404 521 1462 560 15.
1494 516 1556 550 28.
1600 514 1711 550 Rom.
1742 514 1776 550 6.
1807 525 1865 559 14.
1896 514 1978 551 Lex
1992 513 2097 551 enim

163 575 230 612 per
258 564 411 601 Mosein
440 563 531 600 (lata
558 569 632 608 est,
665 562 800 601 Gratia
827 565 862 601 δι
892 562 1047 600 Veritas
1076 575 1146 611 per
1174 561 1384 602 Christum.
1426 565 1542 603 [acm.
1575 578 1606 602 1.
1644 577 1702 613 17.

218 629 276 653 11.
331 617 384 654 At
411 615 598 664 quoniam
624 628 705 654 non
732 615 841 654 omni
872 622 1049 663 tempore
1077 616 1216 653 eadem
1245 615 1343 654 ratio
1371 617 1692 656 Ceremoniarum
1716 617 2097 668 fuit7distinguenda

160 667 232 706 tria
272 675 361 706 sunt
402 674 590 717 tempora.
638 669 765 706 Vnum
793 675 883 706 ante
911 667 1055 706 Christi
1083 668 1322 718 passionem,
1354 681 1433 718 quo
1462 671 1605 720 legales
1634 670 1880 709 ceremoniae
1908 678 2019 709 erant
2046 672 2097 709 ad

160 720 277 758 vitam
306 721 462 770 piorum
491 720 715 760 ordinatae:
744 722 909 760 alterum
936 727 1027 770 post
1054 727 1207 771 tempus
1236 721 1461 772 Euangelij‚
1489 723 1528 761 in
1556 723 1756 773 publicum
1781 723 1870 762 satis
1886 724 2096 774 diuulgati,

159 785 238 823 quo
272 780 448 823 tempore
485 775 628 824 legales
668 773 915 813 ceremoniae
951 773 1105 823 typicae
1134 774 1356 813 mortiferae
1386 777 1552 815 fuerunt.
1595 777 1769 815 Tertium
1797 776 1966 826 denique
1994 776 2096 815 inter

159 826 331 865 medium
360 833 534 877 tempus,
564 829 672 876 quod
699 827 883 877 pertinuit
911 829 934 864 a
961 826 1140 876 passione
1168 827 1311 865 Christi
1325 828 1375 865 ad
1390 830 1747 879 promulgationem
1763 830 1988 879 Euangelij,
2013 841 2093 879 quo

156 886 334 929 tempore
363 880 549 929 quoniam
579 880 655 918 iam
684 887 857 919 mortuas
884 881 1027 929 legales
1056 880 1296 918 ceremonias
1325 881 1451 919 efferri
1476 882 1671 931 oportuit,
1689 884 1724 921 δι
1741 884 1904 921 honeste
1919 882 2095 933 sepeliri,

158 933 209 970 ad
237 939 390 983 tempus
418 946 490 983 pro
522 933 672 971 ratione
699 932 904 972 hominum
934 931 1066 970 diuina
1094 931 1283 982 sapientia
1311 940 1399 971 sunt
1427 934 1700 974 dissimulatae.

216 999 275 1024 12.
330 987 453 1035 Leges
481 988 689 1024 lixdie-iales
717 987 824 1024 salua
852 986 887 1023 Sc
916 984 1103 1023 incolumi
1130 985 1273 1034 pietate
1306 993 1394 1024 sunt
1409 988 1624 1037 abrogatae
1638 988 1771 1037 quoad
1787 988 2096 1027 circumstantias

155 1041 190 1077 δι
219 1038 540 1078 constitutionem
568 1046 790 1086 externam,
818 1046 857 1077 at
884 1051 965 1076 non
994 1037 1127 1087 quoad
1155 1038 1414 1086 aequitatem,
1444 1040 1553 1079 cuius
1582 1040 1732 1079 ratione
1760 1041 1988 1079 constitutio
2012 1043 2094 1079 sun-

155 1091 245 1130 data
277 1099 335 1130 est
362 1105 409 1130 ac
436 1092 580 1130 nititur.
623 1093 741 1130 Plena
767 1091 880 1142 igitur
905 1090 1063 1128 libertas
1091 1089 1250 1140 singulis
1276 1091 1460 1140 gentibus
1488 1093 1622 1131 relicta
1649 1100 1728 1140 est„
1756 1094 1955 1132 condendi
1985 1106 2096 1143 quas·

156 1157 326 1194 cumque
366 1144 439 1183 sibi
480 1146 702 1184 conducere
741 1143 984 1194 prouiderint
1022 1145 1148 1193 leges,
1190 1145 1312 1182 modo
1356 1144 1407 1182 ad
1434 1154 1664 1195 perpetuam
1693 1146 1890 1184 charitatis
1917 1148 2092 1197 regulam

155 1210 292 1236 omnes
321 1198 541 1248 exigantur,
572 1205 613 1238 vt
640 1199 767 1236 forma
794 1197 952 1246 quidem
977 1196 1147 1246 varient,
1176 1195 1368 1235 rationem
1400 1201 1494 1237 vero
1523 1199 1693 1238 habeant
1721 1200 1901 1237 eandem.
1931 1201 2094 1238 Manent

153 1251 245 1288 item
273 1251 504 1301 iuramenta,
535 1254 570 1290 δε
598 1251 656 1289 ius
684 1249 958 1300 belligerandi,
988 1248 1254 1300 magistratus,
1284 1251 1355 1288 &e
1388 1252 1538 1290 Verum
1567 1253 1665 1290 haec
1694 1253 1744 1290 de
1772 1252 1915 1302 quibus
1930 1252 2093 1292 seorsim

154 1304 333 1343 tractatio
362 1304 596 1356 instituitur,
623 1303 699 1342 alio
729 1303 933 1342 referenda
961 1308 1060 1339 sunt.

727 1612 875 1650 XXIV.
931 1612 1018 1649 DE
1058 1613 1500 1652 EVANGELIO.

206 1743 236 1767 1.
294 1730 386 1768 CVM
415 1730 498 1767 Lex
524 1728 571 1766 sit
601 1730 851 1779 paedagogus
879 1731 930 1768 ad
957 1730 1176 1780 Christum,
1206 1733 1241 1770 &
1271 1731 1450 1770 Christus
1477 1744 1518 1770 se
1541 1732 1657 1771 nobis
1674 1733 1857 1771 exhibeat
1872 1734 2088 1784 Euangelio

146 1794 240 1832 suo,
281 1783 451 1832 postulat
493 1781 590 1820 ratio
621 1789 660 1820 vt
692 1785 715 1820 a
743 1783 848 1833 lege,
879 1783 927 1821 de
956 1796 1034 1834 qua
1063 1785 1239 1834 proxime
1268 1785 1417 1824 dictum
1446 1792 1522 1835 est7
1551 1785 1602 1824 ad
1629 1788 1762 1824 locum
1791 1787 1840 1825 de
1869 1787 2086 1838 Euangelio

147 1842 400 1874 transeamus.

201 1901 236 1927 2.
292 1890 529 1941 Εὐαγγέλιον
557 1888 678 1926 modo
708 1888 838 1938 latius„
863 1890 983 1928 modo
1006 1891 1173 1930 strictius
1189 1890 1374 1930 sumitur:
1402 1891 1514 1930 latius
1538 1892 1722 1944 quidem‚
1746 1894 1809 1931 vel
1823 1906 1896 1943 pro
1912 1893 2088 1943 praemio

146 1942 256 1992 quod
295 1941 376 1980 dari
411 1941 562 1979 solebat
597 1943 742 1980 laetum
780 1943 954 1981 afferenti
982 1944 1182 1994 nuntium,
1218 1946 1333 1983 Rom.
1367 1959 1398 1982 1.
1438 1947 1494 1983 16.
1525 1947 1587 1984 vel
1615 1958 1687 1995 pro
1717 1947 1870 1984 solenni
1899 1945 2090 1986 sacrificio

123 1995 255 2045 *quod
288 1996 406 2034 fiebat
438 2007 510 2043 pro
544 2007 586 2033 re
623 1994 787 2033 feliciter
822 2002 942 2045 gesta.
986 1998 1125 2036 [erem.
1161 2011 1224 2046 31.
1263 2011 1326 2047 33.
1368 2000 1482 2036 Rom.
1526 2012 1584 2037 11.
1625 2011 1687 2047 27.
1726 2000 1856 2038 Hebr.
1885 2002 1922 2039 8.
1953 2001 1989 2038 8.
2028 2014 2086 2039 10.

146 2048 321 2087 Strictius
350 2050 462 2096 vero,
493 2048 528 2084 &
558 2048 680 2098 magis
708 2048 886 2098 proprie,
915 2062 987 2099 pro
1011 2050 1096 2100 ipso
1112 2052 1222 2089 bono
1239 2051 1446 2100 faustoque
1466 2051 1626 2100 nuntio:
1656 2052 2088 2101 quomodo&nomine

145 2104 225 2139 κατ’
255 2103 392 2149 ἑξοχήν
421 2101 602 2150 Apostoli
630 2101 775 2151 gratiae
803 2101 842 2139 in
871 2102 1028 2142 Christo
1058 2103 1253 2142 exhibitae
1284 2104 1643 2154 promulgationem
1672 2107 1937 2155 appellarunt:
1981 2107 2092 2156 Eplc.

151 2167 182 2192 1.
230 2167 289 2192 10.
330 2156 400 2192 Est
441 2167 535 2198 ergo
578 2153 858 2204 Euangelimn,
900 2163 941 2194 vt
981 2169 1028 2194 ex
1070 2156 1245 2195 instituto
1287 2157 1458 2196 breuiter
1499 2158 1535 2195 &
1577 2169 1667 2196 cum
1703 2159 1900 2208 Apostolo
1937 2158 2086 2208 dicam,

143 2207 305 2255 δύναμις
334 2210 434 2245 θεοῦ
461 2209 517 2249 εὶς
546 2211 738 2258 σωτηρίαν
765 2212 878 2245 παντὶ
911 2210 960 2259 τῷ
989 2211 1215 2261 πιςεύοντι,
1243 2210 1283 2248 id
1312 2217 1392 2261 est,
1421 2210 1603 2249 doctrina
1630 2210 1727 2262 Dei,
1757 2212 1896 2250 virtute
1918 2212 2083 2262 Spiritus

146 2259 374 2308 coniuncta,
404 2259 444 2297 in
471 2261 636 2298 salutem
665 2261 775 2299 omni
802 2262 988 2300 credenti.
1031 2264 1145 2299 Rom.
1182 2276 1214 2302 1.
1249 2265 1308 2301 16.

196 2325 233 2361 3.
289 2312 511 2351 Gratuitum
541 2312 657 2352 etiam
686 2314 761 2352 Dei
789 2314 825 2351 ἃ*
853 2326 1001 2353 nouum
1029 2316 1169 2354 foedus
1197 2317 1436 2367 appellatur,
1467 2318 1576 2366 quod
1605 2317 1758 2367 (relicto
1787 2317 1908 2368 priori
1923 2330 2086 2368 operum

143 2365 302 2403 foedere
329 2367 352 2402 a
380 2365 488 2404 cuius
519 2365 769 2417 obligationis
796 2367 1027 2406 necessitate
1055 2369 1133 2406 hoc
1159 2369 1370 2419 gratuitum
1397 2383 1479 2408 non
1507 2370 1692 2419 absoluit)
1717 2371 1925 2410 nobiscum
1940 2371 2087 2422 pepigit

142 2419 269 2465 Deus,
312 2430 422 2467 spem
464 2432 511 2457 ac
552 2419 855 2469 promissionem
893 2421 1026 2459 salutis
1055 2421 1220 2460 amissae
1248 2422 1363 2461 nobis
1391 2423 1574 2462 faciendo
1603 2425 1676 2462 sub
1705 2424 1933 2463 conditione
1962 2427 2085 2472 (extra

139 2473 258 2520 quam
287 2478 418 2510 manet
444 2471 580 2511 inutile
607 2475 643 2511 δὲ
671 2472 847 2512 inefficax
874 2473 1117 2523 hominibus)
1145 2487 1246 2524 quae
1273 2475 1490 2515 consistere
1518 2489 1609 2515 curn
1637 2477 1795 2516 Christo
1827 2478 1863 2515 δε
1887 2491 1994 2516 mera
2009 2478 2085 2516 Dei

139 2523 262 2573 gratia
289 2524 433 2574 possit:
465 2538 510 2564 ea
537 2525 714 2564 conditio
743 2533 801 2565 est
829 2527 946 2577 fides,
976 2528 1125 2566 habens
1152 2541 1226 2577 pro
1249 2528 1408 2568 obiecto
1424 2541 1494 2568 suo
1511 2530 2083 2569 Christum&misericordiam

141 2576 216 2615 Dei
256 2577 296 2614 in
333 2577 510 2616 Christo:
540 2592 632 2617 nam
661 2579 837 2618 Christus
867 2579 950 2630 ipse
977 2592 1067 2618 cum
1095 2580 1365 2620 misericordia
1391 2582 1467 2621 Dei
1495 2582 1532 2622 in
1562 2583 1648 2633 ipso
1678 2595 1815 2622 caussa
1842 2591 1899 2622 est
1926 2584 2084 2634 proprie

143 2641 212 2668 cur
240 2631 347 2668 Deus
375 2630 536 2681 impleat
563 2631 732 2671 foederis
760 2633 1062 2682 promissionem
1089 2634 1129 2671 in
1157 2634 1272 2673 nobis
1300 2635 1554 2675 iustificandis
1583 2637 1619 2674 δε
1647 2636 1861 2675 seruandis.
1891 2638 1934 2686 (f.
1955 2638 2084 2687 1659.)

195 2695 233 2730 4.
287 2683 417 2722 Huius
444 2691 575 2724 autem
604 2686 826 2736 Euangelij,
856 2686 940 2725 siue
968 2687 1139 2725 foederis
1167 2687 1345 2738 gratuiti:
1373 2701 1464 2739 pars
1493 2690 1730 2728 contrahens
1744 2689 1974 2740 praecipua,
2003 2689 2085 2729 siue

144 2748 282 2774 caussa
322 2736 493 2786 efficiens
535 2739 570 2775 δι
597 2739 738 2777 author
765 2746 822 2778 est
849 2740 977 2790 Deus,
1005 2739 1106 2778 sicut
1133 2740 1169 2777 &
1196 2741 1338 2780 author
1366 2749 1424 2781 est
1452 2742 1585 2782 salutis
1612 2742 1838 2781 hominum:
1867 2755 1950 2781 non
1977 2743 2082 2782 enim

145 2789 272 2828 solum
314 2801 382 2828 eos
418 2790 533 2841 elegit
565 2791 606 2829 in
635 2791 810 2844 Christo,
840 2793 910 2832 sed
936 2792 1053 2832 etiam
1083 2794 1230 2833 electos
1259 2795 1295 2832 δι
1322 2795 1655 2847 praedestinatos,
1683 2807 1782 2846 quos
1809 2796 2021 2888 adoptaretl
2042 2796 2082 2834 in

1980 2850 2006 2887 fi
2023 2849 2081 2888 ios
