2334 3020
742 108 959 136 THESE›S
1003 107 1436 136 THEOLOGICAE.
1984 110 2053 146 177

175 231 238 268 30.
293 217 516 257 Secundum
539 216 704 256 eandem
732 215 974 276 analogiam,
1006 215 1191 266 quoniam
1220 214 1398 254 videmus
1426 228 1473 254 ex
1495 214 1573 252 vita
1578 214 1859 272 Angelorum
1875 227 2056 254 emanare

123 278 307 321 tanquam
341 284 388 310 ex
421 272 529 309 fonte
564 269 761 320 duplicem
799 270 1091 329 operationem,
1120 281 1286 318 quarum
1315 281 1390 307 vna
1418 273 1549 306 manet
1576 265 1614 304 in
1644 275 1850 317 operante
1879 275 1920 306 vt
1947 268 2055 307 intel-

123 325 259 375 ligere,
297 326 332 363 &
366 324 486 374 velle,
515 323 652 373 altera,
681 323 861 373 procedit
889 322 927 361 in
952 323 1182 362 exteriorem
1210 323 1413 360 effectum:
1443 321 1493 360 de
1520 321 1609 358 Deo
1638 321 1806 380 primum
1833 323 2057 360 intellectum

125 379 175 415 ἐφ’
201 379 351 417 volunt
351 383 429 415 tem
457 376 759 427 affirmabimus,
787 382 923 426 postea
950 375 1184 427 potentiam,
1215 388 1313 425 quae
1341 374 1628 424 consideratur,
1658 380 1699 411 vt
1722 373 1951 424 principium
1967 388 2057 425 ope-

123 429 301 480 rationis,
329 430 367 468 in
396 429 578 468 effectum
605 429 838 468 exteriorem
867 429 1124 479 procedentis.

175 495 240 533 31.
294 483 389 521 Esse
429 482 467 520 in
511 484 599 520 Deo
636 482 950 533 intelligentiam,
986 483 1085 520 ordo
1124 493 1251 520 rerum
1278 480 1604 532 sapientissimus,
1633 479 1700 529 qui
1727 481 1750 517 a
1777 487 1916 519 natura
1942 482 2056 519 bruta

122 549 206 575 esse
246 548 326 574 non
367 541 515 585 potest,
557 535 647 574 satis
689 536 944 575 demonstrat.
983 534 1216 585 Simplicitas
1244 535 1339 585 Dei,
1369 546 1446 584 qua
1473 533 1618 572 scimus
1647 545 1732 571 esse
1759 540 1888 571 actum
1918 546 2056 584 purum

121 588 468 639 simplicissimum,
498 592 533 627 δε
561 602 631 639 per
660 601 905 639 consequens
933 596 1127 627 remotum
1156 590 1206 626 ab
1235 588 1343 626 omni
1371 587 1549 637 materia,
1580 588 1707 624 Deum
1731 600 1815 625 esse
1845 587 2056 638 intelligen-

122 649 199 681 tem
237 643 375 692 docet,
412 643 502 679 cum
532 655 602 691 pro
633 649 741 681 certo
771 649 925 682 constet
953 656 999 681 ex
1027 648 1182 692 natura,
1211 653 1291 690 quo
1320 641 1443 691 magis
1471 647 1559 678 sunt
1588 641 1736 677 formae
1764 639 2059 690 immateriales,

122 708 170 732 eo
213 694 335 745 magis
375 707 459 732 essc
500 694 770 745 intelligentes.
813 695 1010 745 Scriptura
1051 695 1167 734 etiam
1209 696 1359 744 Deum,
1394 694 1630 744 sapientem,
1663 692 1872 743 scientem,
1910 695 2058 732 fontem

119 747 328 797 sapientiae
355 754 487 795 vocat,
520 750 633 786 Rom.
666 750 723 786 16.
758 759 816 797 17.
864 762 894 787 1.
926 749 1030 786 Sam.
1062 762 1096 786 2.
1126 761 1163 797 3.
1192 750 1259 787 Ps.
1288 749 1352 797 36.
1386 761 1443 786 10.
1473 748 1508 784 δε
1536 745 1749 784 altitudinis
1778 746 1963 785 scientiae
1985 747 2059 784 Dei

121 800 309 839 meminit.
336 802 450 838 Rom.
488 815 545 839 11.
576 814 641 850 33.

173 867 233 903 32.
290 854 418 891 Huius
455 854 637 892 scientiae
675 854 770 905 Dei,
800 854 977 903 quamuis
1005 854 1171 904 qualitas
1202 867 1280 892 non
1310 854 1379 902 sit,
1408 853 1477 891 sed
1505 852 1587 902 ipsa
1617 852 1689 890 Dei
1721 853 1888 891 essentia
1916 866 1993 891 vna
2020 853 2058 890 in

118 920 176 957 se,
216 910 251 945 ἃ
279 907 542 957 indiuisibilis,
571 907 768 958 duplicem
798 908 1000 946 statuimus
1029 908 1212 956 modum,
1242 906 1472 944 infirmitatis
1502 913 1658 944 nostrae
1686 907 1879 944 leuandae
1907 919 2056 945 caussa.

119 962 229 998 Vnus
267 967 343 1010 est,
384 972 462 1010 quo
500 962 606 999 Deus
632 963 750 999 habet
776 961 833 999 sui
861 962 1064 1011 aequalem
1094 960 1294 1009 notitiam,
1322 960 1394 998 scit
1424 960 1640 1007 adaequate
1670 960 1776 1008 quod
1807 967 1878 998 est:
1909 962 1943 998 Sc
1978 967 2055 1009 est,

117 1014 226 1063 quod
255 1013 326 1051 scit
354 1027 436 1052 esse
466 1027 526 1052 se:
556 1014 667 1052 nouit
694 1014 863 1064 seipsum
893 1027 962 1064 per
989 1014 1170 1063 seipsum.
1205 1027 1237 1052 1.
1269 1015 1359 1052 Gor.
1391 1026 1425 1050 2.
1459 1026 1517 1049 11.

172 1079 234 1116 33.
289 1068 399 1105 Alter
439 1074 517 1117 est,
556 1080 658 1117 quo,
695 1080 774 1105 vno
808 1074 920 1117 actu,
948 1080 1029 1105 non
1059 1066 1300 1116 successiue,
1330 1072 1554 1115 aeternum,
1583 1078 1664 1102 non
1694 1065 1732 1102 in
1761 1072 1961 1116 tempore,
1990 1079 2058 1116 per

119 1119 324 1158 essentiam
368 1133 499 1167 suam,
532 1133 613 1159 non
650 1133 718 1169 per
745 1120 1012 1169 receptionem
1041 1120 1257 1169 specierum
1285 1118 1611 1168 intelligibilium,
1640 1119 1950 1166 immutabiliter,
1978 1132 2057 1157 non

119 1173 411 1233 contingenter
442 1185 542 1223 quae
571 1181 678 1224 sunt,
705 1176 741 1212 ἃ
768 1186 869 1223 quae
895 1174 1024 1211 adhuc
1052 1185 1133 1210 non
1162 1179 1268 1223 sunt,
1297 1172 1365 1210 sed
1396 1173 1522 1209 futura
1549 1178 1659 1220 sunt,
1687 1172 1759 1209 scit
1788 1172 1948 1209 scientia
1972 1173 2062 1210 visi-

121 1227 231 1275 onis,
272 1226 311 1264 id
352 1233 409 1265 est
448 1226 555 1265 videt
589 1233 774 1276 tanquam
803 1226 876 1264 sibi
904 1225 1134 1275 praesentia.
1172 1237 1272 1274 quae
1304 1226 1420 1263 etiam
1448 1237 1529 1262 non
1559 1231 1670 1270 sunt,
1698 1237 1771 1262 nec
1799 1226 1926 1262 futura
1953 1233 2062 1276 sunt,

120 1280 249 1338 nouit,
285 1287 476 1328 quatenus
512 1279 584 1317 scit
611 1291 882 1329 quaecumque
911 1279 992 1329 ipse
1021 1281 1149 1317 facere
1178 1286 1324 1329 potest,
1353 1280 1388 1316 ἅ
1417 1280 1568 1327 quae-21
1596 1277 1802 1328 creaturis,
1831 1279 1949 1328 ipsius
1977 1291 2061 1327 per-

120 1333 261 1383 missu,
288 1332 370 1370 fieri
396 1339 579 1383 possunt:
609 1333 742 1370 omnia
766 1334 894 1378 bona,
923 1338 1074 1383 γνωςως
1103 1348 1164 1370 nou
1193 1339 1431 1382 mantunae,
1462 1330 1596 1370 omnia
1625 1332 1726 1369 mala
1756 1343 1856 1381 quae
1878 1334 2062 1369 acreatu-

120 1385 170 1423 ris
212 1363 326 1435 fitint,
369 1392 520 1437 γνωςῶς
556 1387 724 1424 tantum:
755 1386 935 1424 oldinem
964 1393 1045 1422 tam
1078 1387 1271 1423 bonorum
1298 1387 1418 1434 quam
1446 1385 1638 1422 malorum
1668 1385 1719 1422 ad
1742 1385 1893 1423 bonum
1923 1387 2061 1433 finem,

119 1439 380 1490 ἑνεργητικῶς.
424 1440 545 1486 Quod
579 1446 707 1477 autem
742 1445 958 1489 cognoscat
986 1444 1065 1476 tam
1093 1439 1219 1488 bona,
1248 1440 1366 1487 quam
1396 1439 1518 1488 mala,
1547 1437 1637 1475 satis
1667 1444 1772 1487 patet
1799 1451 1846 1476 ex
1875 1451 1922 1476 eo
1952 1416 2061 1487 quod

121 1499 178 1529 est
217 1492 432 1529 vniuersale
469 1491 703 1541 principium
740 1492 868 1530 omnis
902 1498 1026 1537 ortus,
1065 1494 1100 1529 δε
1127 1469 1257 1542 acuis,
1287 1494 1364 1541 qua
1392 1493 1520 1530 bonus
1549 1497 1623 1529 est:
1652 1491 1848 1530 Dominus
1876 1491 2060 1530 vniuersi-

121 1543 228 1594 tatis,
269 1544 309 1582 in
349 1555 427 1594 qua
465 1544 497 1583 si
536 1549 627 1584 vere
668 1546 882 1597 Dominus,
909 1544 1005 1582 nihil
1032 1545 1074 1583 fit
1101 1544 1223 1583 inscio
1252 1545 1351 1594 ipso.
1394 1544 1514 1593 Quod
1543 1544 1742 1595 Scriptura
1769 1545 1887 1583 etiam
1916 1544 2062 1595 innuit,

123 1597 252 1636 multis
279 1597 317 1635 in
344 1597 454 1635 locis.
501 1612 533 1637 1.
561 1600 685 1637 Pron.
720 1609 778 1649 15.
809 1612 844 1648 3.
873 1599 1001 1636 Hebr.
1030 1610 1068 1645 4.
1101 1612 1159 1648 13.

175 1663 238 1700 34.
293 1650 492 1698 Quoniam
519 1654 632 1702 vero,
661 1665 792 1691 aerum
815 1660 873 1690 est
893 1651 1093 1690 obiectum
1119 1652 1336 1690 intellectus
1364 1651 1588 1702 proprium,
1604 1653 1760 1689 &Deus
1775 1658 1833 1689 est
1847 1650 2063 1690 intellectus

123 1704 189 1763 qui
215 1703 475 1753 adaequatum
503 1705 724 1754 obiectum,
752 1706 955 1744 veritatem
983 1717 1067 1743 esse
1097 1705 1146 1743 de
1173 1717 1338 1744 numero
1366 1705 1641 1744 attributorum
1656 1704 1731 1743 De1
1746 1704 1938 1756 sequitur
1953 1705 2062 1754 quod

122 1757 238 1795 etiam
279 1757 476 1807 Scriptura
515 1759 779 1818 demonstrat,
820 1758 978 1809 quando
1012 1759 1164 1808 Deum,
1193 1761 1323 1797 Deum
1351 1758 1522 1797 veritatis
1550 1759 1743 1808 appellat,
1771 1760 1837 1796 Ps.
1868 1771 1929 1807 31.
1960 1760 1996 1796 6.
2026 1760 2061 1796 δε

123 1809 300 1849 Christus
327 1824 367 1849 se
394 1810 434 1848 in
461 1823 507 1849 ea
530 1811 732 1851 veritatem
759 1819 888 1851 vocat.
918 1813 1004 1850 lah.
1041 1824 1100 1858 14.
1133 1813 1192 1850 16.

176 1874 239 1913 35.
295 1865 500 1902 Hactenus
529 1866 578 1904 de
606 1865 818 1916 intellectu,
847 1865 1020 1914 sequitur
1047 1866 1224 1904 voluntas
1252 1877 1352 1914 quae
1380 1867 1430 1904 de
1458 1868 1546 1904 Deo
1574 1863 1790 1916 praedicari
1817 1865 1954 1915 debet,
1971 1866 2060 1903 cum

121 1916 362 1955 intellectum
403 1917 438 1955 ei
477 1917 747 1969 tribuerimus,
788 1925 830 1957 vt
870 1918 974 1957 enim
1016 1931 1076 1956 res
1103 1920 1298 1957 naturales
1326 1920 1474 1958 habent
1502 1918 1799 1957 inclinationem
1827 1920 2062 1968 naturalem,

121 1970 337 2009 animantes
364 1970 590 2010 instinctum
618 1984 685 2011 seu
711 1971 928 2022 appetitum
955 1971 1185 2023 animalem,
1214 1984 1293 2022 quo
1323 1979 1514 2022 quaerunt
1541 1973 1691 2011 bonum
1720 1983 1854 2022 suum,
1882 1973 1918 2009 ἃ
1946 1972 1986 2009 in
2015 1985 2063 2010 eo

123 2023 283 2062 inuento
323 2024 594 2073 acquiescunt,
636 2025 689 2064 ita
729 2038 790 2064 res
831 2025 1110 2076 intelligentes,
1152 2027 1352 2064 voluntate
1392 2038 1469 2076 qua
1511 2027 1648 2065 volunt
1685 2024 1826 2075 libere,
1854 2025 1962 2075 quod
1990 2024 2064 2064 sibi

123 2078 273 2115 bonum
300 2084 456 2129 putant,
485 2078 684 2128 praeditae
712 2086 812 2117 sunt.
855 2080 997 2117 Sacrae
1023 2078 1157 2117 literae
1183 2079 1290 2130 ipsae
1319 2080 1369 2118 de
1391 2081 1478 2118 Deo
1500 2079 1674 2118 similiter
1688 2079 1932 2117 voluntatem
1948 2090 2063 2118 enun-

123 2130 228 2169 ciant
253 2130 431 2169 infiniter.
460 2132 609 2170 Psalm.
645 2143 728 2182 115.
760 2145 798 2181 3.
825 2134 937 2170 Rom.
968 2146 1005 2183 9.
1039 2146 1097 2181 19.

177 2185 239 2233 36.
295 2183 423 2222 Huius
458 2186 668 2224 voluntatis
704 2186 778 2224 Dei
807 2187 865 2236 (vt
891 2184 1053 2224 fecimus
1082 2184 1281 2234 scientiae)
1310 2184 1542 2224 infirmitatis
1569 2192 1726 2224 nostrae
1754 2197 1912 2236 caussa,
1941 2185 2065 2236 dupli-

123 2249 210 2276 cem
237 2238 440 2276 statuimus
467 2240 642 2277 modum.
673 2241 784 2277 Vnus
812 2238 890 2288 (cui
916 2239 1129 2289 respondet
1156 2238 1286 2288 aliquo
1316 2240 1461 2291 modo,
1490 2241 1671 2278 voluntas
1698 2239 1883 2277 naturalis
1910 2246 2066 2278 nostrae

124 2302 202 2340 qua
227 2292 407 2329 volumus
435 2304 517 2330 esse
545 2294 580 2330 δε
608 2292 755 2341 viuere)
782 2305 861 2342 quo
890 2305 974 2331 sese
1002 2294 1100 2342 vult,
1129 2294 1329 2331 voluntate
1357 2293 1623 2344 aequiparata,
1647 2293 1755 2342 quod
1767 2293 1850 2331 vult
1863 2300 2063 2332 aeternum

125 2346 160 2382 &
189 2344 478 2383 immutabiliter
507 2358 548 2383 se
576 2358 681 2397 esse,
710 2346 746 2383 δε
774 2347 856 2385 vult
883 2346 1176 2384 immutabiliter
1203 2348 1238 2384 «Q
1266 2352 1468 2385 aeternum
1496 2360 1537 2386 se
1565 2360 1670 2397 esse,
1699 2347 1808 2396 quod
1836 2353 1905 2384 est.

179 2409 240 2446 37.
296 2398 407 2435 Alter
434 2404 512 2448 est,
541 2399 620 2447 (cui
644 2399 856 2449 respondet
882 2401 1062 2438 voluntas
1091 2406 1246 2449 nostra,
1274 2399 1318 2436 ἐκ
1345 2403 1616 2451 προαιρήσεος)
1647 2411 1727 2449 quo
1742 2399 1854 2438 aliaa
1875 2413 1916 2438 se
1932 2398 2065 2438 omnia

125 2452 207 2489 vult
220 2458 379 2501 propter
406 2464 468 2501 se,
497 2452 777 2502 sapientissime
804 2455 840 2491 &
861 2452 1078 2502 liberrime,
1094 2454 1201 2491 bona
1215 2453 1375 2502 quidem
1389 2455 1569 2503 efficere,
1585 2455 1688 2491 mala
1702 2452 1944 2503 permittere,
1961 2455 2066 2491 bona

124 2505 160 2542 &
188 2505 290 2542 mala
316 2504 367 2542 ad
396 2505 512 2542 finem
538 2507 709 2555 bonum,
739 2506 905 2556 gloriam
933 2517 1066 2556 suam,
1095 2508 1130 2544 δι
1153 2517 1314 2544 suorum
1335 2507 1500 2544 salutem
1513 2507 1752 2557 perducere,
1767 2519 1848 2544 non
1864 2508 1945 2544 vult
1960 2505 2064 2544 enim

123 2557 347 2606 permittere
373 2559 475 2595 mala
503 2559 628 2610 Deus,
664 2559 738 2597 nisi
765 2566 954 2609 quatenus
982 2572 1030 2598 ex
1057 2559 1168 2597 malis
1196 2572 1237 2598 se
1263 2560 1415 2598 bonum
1444 2561 1582 2599 elicere
1609 2572 1726 2619 posse
1755 2560 1826 2597 scit
1853 2562 1888 2598 δι
1916 2561 2010 2598 vult.

177 2612 238 2659 38.
295 2610 355 2647 Ex
382 2623 430 2648 eo
458 2612 568 2661 quod
596 2613 718 2651 modo
746 2613 938 2663 vidimus,
966 2613 1130 2662 scilicet,
1159 2614 1289 2650 Deum
1316 2625 1398 2651 non
1425 2615 1525 2652 velle
1555 2612 1783 2664 permittere
1812 2614 1976 2662 malum,
1993 2611 2066 2650 nisi

119 2664 216 2702 boni
259 2663 427 2713 ratione,
465 2671 570 2714 patet
606 2665 805 2704 obiectum
842 2667 1052 2705 voluntatis
1080 2666 1237 2704 diuinae
1265 2679 1348 2704 esse
1378 2667 1548 2716 bonum,
1577 2668 1612 2704 δι
1642 2666 1815 2716 sequitur
1843 2665 2066 2704 bonitatem

123 2717 212 2754 Deo
245 2714 402 2756 attribui
429 2718 594 2756 debere:
623 2719 715 2768 quia
741 2720 869 2770 Deus,
896 2726 954 2757 est
981 2719 1192 2758 voluntatis
1218 2730 1310 2758 suae
1337 2721 1533 2770 perfectae
1560 2720 1823 2770 adaequatum
1838 2719 2061 2770 obiectum,

125 2771 234 2819 quod
262 2772 297 2808 &
324 2770 400 2809 alio
427 2778 657 2821 argumento
683 2779 822 2811 natura
847 2774 1073 2824 confirmat,
1101 2772 1268 2824 docens,
1297 2774 1378 2811 Ens
1406 2775 1442 2812 &
1470 2774 1621 2812 bonum
1649 2772 1854 2823 connecti,
1884 2772 2063 2821 &Scrip—

1981 2833 2066 2864 tura
