2334 3020
254 88 325 126 106
863 93 1078 121 THEsas
1118 91 1553 120 THEODOGICAE.

739 246 803 282 ΙΙ.
858 245 945 281 DE
986 243 1213 282 SACRA
1253 242 1677 281 SCRIPTVRA.

310 365 476 406 Sacrae
518 364 783 416 Scripturae
823 361 1116 403 consideratio
1159 361 1228 402 vti
1266 360 1384 401 inter
1415 361 1720 414 disquisitio&
1753 363 1960 411 1594.)7zeS
2000 362 2040 403 T
2036 363 2175 404 lieolo-

242 427 372 479 gicas
414 425 606 466 maximi
636 430 703 464 est
732 423 956 471 momenti,
991 423 1057 462 ita
1082 421 1297 475 pluribus
1329 420 1455 462 ltodie
1487 421 1805 462 controuersiis
1837 421 2095 476 implicata3
2129 438 2175 464 eo

248 486 513 540 diligentius
546 491 611 525 est
640 483 932 532 instituenda,
967 482 1174 535 quoniam
1206 481 1259 522 ab
1292 495 1341 521 ea
1366 481 1561 534 pendent
1590 489 1783 530 caetera,
1818 495 1952 536 neque
1984 484 2099 524 enim
2125 484 2176 524 de

248 546 465 599 religione
499 545 640 586 tatius
673 545 716 585 ὃ*
748 544 913 584 certius
945 557 1076 596 qaam
1109 556 1164 582 ex
1196 541 1279 582 lzac
1309 542 1454 582 indice
1485 541 1668 583 diuinae
1699 541 1910 584 veritatis
1927 543 2174 593 diuinitus,

245 607 433 661 definire
460 613 695 659 possamus
708 637 716 653 ‚
752 606 796 645 ὃ·
826 603 1024 643 debemus
1037 617 1052 642 .·
1081 604 1176 642 cam
1200 601 1338 643 semel
1337 602 1545 654 fenestra
1562 602 1673 643 aliis
1690 603 1817 643 rebus
1827 611 2012 656 praeter
2029 604 2175 657 ipsam

243 666 470 719 patefacta
515 678 704 719 magnus
734 664 962 705 erroribus
987 669 1193 716 patescat
1223 662 1401 703 aditus:
1441 675 1578 715 quare
1610 662 1658 703 in
1690 663 1786 716 ipso
1819 663 2175 718 disputationum

253 727 615 780 leeologicarmn
654 724 887 778 principio
935 724 986 764 de
1032 723 1156 776 ipsa,
1205 722 1383 763 auxilio
1431 722 1623 763 eiusdem
1672 722 1878 776 Spiritus
1917 725 1996 778 qui
2027 725 2173 778 ipsam

247 787 459 836 dictauit,
493 785 817 840 dispiciendam
851 797 942 825 esse
973 784 1288 825 iudicauimus.

1074 925 1291 962 THESIS
1332 934 1358 962 1.

297 1049 361 1085 DE
401 1046 656 1084 instrumento
699 1041 1018 1093 supernaturalis,
1060 1040 1238 1079 coelestis
1273 1042 1309 1078 &
1337 1039 1492 1078 diuinae
1520 1039 1621 1078 illius
1649 1038 1893 1091 disciplinae,
1922 1051 2040 1090 quam
2069 1042 2176 1079 Deus

248 1101 369 1139 verbo
406 1110 477 1138 suo
517 1097 724 1136 nobiscum
765 1094 1047 1145 communicat,
1075 1093 1236 1144 acturis,
1266 1093 1410 1143 duplex
1437 1105 1479 1131 se
1507 1092 1622 1131 nobis
1649 1094 1763 1131 offert
1793 1093 1873 1131 eius
1902 1093 2175 1132 consideratio.

249 1153 380 1204 Prior,
410 1154 487 1202 qua
515 1158 571 1189 est
596 1151 639 1188 in
667 1162 726 1200 se,
758 1151 912 1192 Altera.
942 1154 1130 1197 quatenus
1159 1149 1182 1185 a
1209 1146 1324 1185 nobis
1351 1145 1563 1196 percipitur
1590 1146 1691 1184 &ad
1705 1157 1817 1184 vsum
1832 1152 2008 1184 nostrum
2023 1160 2176 1185 accom-

250 1207 446 1244 modatur.
488 1204 552 1242 Ad
592 1202 763 1254 priorem
804 1200 1158 1240 considerationem
1186 1199 1381 1249 pertinent
1407 1211 1494 1237 esse
1519 1198 1622 1249 eius,
1650 1198 1875 1237 Auctoritas
1903 1200 1938 1237 &
1965 1199 2175 1249 perfectio:

247 1260 312 1297 Ad
338 1261 497 1297 alteram
525 1260 617 1295 vero
641 1254 893 1305 perspicuitas
914 1254 949 1291 δι
965 1253 1242 1302 interpretatio.
1270 1253 1411 1290 Sacrae
1427 1251 1644 1302 Scripturae
1659 1252 1825 1290 essentia
1839 1258 1921 1290 tota
1935 1252 1974 1290 in
1989 1252 2176 1291 relatione

250 1311 426 1350 consistit
452 1311 503 1349 ad
530 1310 715 1359 verbum⁷
743 1308 852 1346 cuius
879 1307 1075 1356 Scriptura
1103 1312 1180 1356 θεῖ,
1208 1312 1266 1344 θεῖ
1293 1305 1396 1344 enim
1418 1305 1719 1344 instrumentum
1732 1304 1902 1356 visibile,
1924 1305 2036 1344 verbi
2049 1305 2176 1344 inuisi-

248 1364 357 1403 bilis:
384 1364 552 1413 ideoque
580 1361 797 1401 secundum
826 1360 1053 1398 relationem
1080 1359 1186 1396 illam
1214 1358 1267 1396 ita
1295 1358 1519 1408 definimus3
1549 1359 1667 1396 Sacra
1695 1357 1891 1407 Scriptura
1918 1364 1976 1397 est
2001 1360 2177 1397 Verbum

249 1417 324 1455 Dei
350 1420 374 1455 a
399 1418 488 1454 Deo
516 1429 584 1466 per
611 1413 806 1452 ministros
835 1424 926 1451 suos
953 1411 1153 1450 Ecclesiae
1168 1411 1206 1449 in
1224 1413 1367 1449 Vetere
1382 1412 1418 1448 &
1433 1413 1550 1449 Nouo
1566 1413 1819 1449 Testamento
1835 1411 1980 1460 scripto
1992 1411 2176 1450 traditum

249 1471 285 1508 δι
315 1476 588 1509 consecratum
614 1468 665 1506 ad
691 1466 856 1516 gloriam
883 1465 1001 1516 ipsius
1029 1466 1064 1502 ἃ
1093 1466 1307 1502 electorum
1334 1465 1496 1502 bonurn.
1543 1477 1577 1502 2.
1610 1465 1648 1501 T
1645 1465 1709 1502 im.
1737 1476 1772 1512 3.
1807 1465 1866 1502 16.
1908 1466 1954 1502 In
1981 1465 2055 1502 hac
2085 1465 2176 1503 defi-

247 1522 396 1561 nitione
424 1533 557 1561 causas
586 1532 723 1560 omnes
749 1518 917 1558 breuiter
946 1517 1139 1567 complexi
1166 1528 1319 1567 sumus7
1346 1524 1428 1555 tum
1456 1516 1642 1567 internas,
1670 1516 1898 1567 Materiam,
1919 1519 1955 1555 δε
1971 1519 2173 1556 Formam:

247 1582 331 1614 tum
361 1582 559 1626 externas,
586 1572 834 1612 Efficientem
862 1572 898 1608 δε
925 1570 1075 1609 Finem.

303 1643 336 1667 2.
391 1627 556 1667 Materia
582 1626 694 1665 huius
723 1626 944 1675 Scripturae
971 1624 1110 1662 eadem
1139 1631 1196 1662 est
1223 1634 1323 1673 quae
1351 1622 1474 1661 Verbi
1501 1622 1597 1671 Dei,
1625 1621 1807 1660 nimirum
1822 1622 2009 1672 quicquid
2024 1624 2073 1662 de
2087 1624 2174 1662 Deo

246 1683 281 1719 δε
310 1692 438 1720 rerum
466 1682 517 1719 ab
546 1682 673 1718 Deum
702 1677 947 1717 ordinatione
974 1676 1199 1715 hominibus
1227 1676 1325 1715 scire
1341 1675 1515 1726 expedit,
1535 1676 1692 1713 &Deus
1708 1675 1814 1725 ipsos
1828 1677 1909 1713 vult
1923 1688 2174 1726 cognoscere.

245 1735 466 1773 Commune
494 1733 598 1772 enim
628 1732 847 1771 subiectum
875 1730 1005 1780 verbi,
1034 1736 1116 1767 tum
1145 1731 1222 1778 qua
1248 1729 1495 1767 enunciatum
1523 1735 1598 1777 θεῖ,
1625 1735 1708 1766 tum
1737 1730 1814 1778 qua
1837 1728 1983 1778 scripto
1999 1742 2174 1779 compre-

243 1789 407 1826 hensum
449 1794 525 1838 θεῖ,
567 1788 674 1824 Deus
714 1784 864 1823 ratione
906 1782 1107 1833 primaria:
1150 1781 1388 1821 Secundario
1430 1784 1522 1820 vero
1562 1780 1739 1819 Ecclesia
1775 1782 1810 1818 δε
1838 1793 2094 1832 quaecunque
2123 1783 2174 1821 ad

243 1842 391 1890 Deum,
424 1839 506 1878 siue
532 1840 583 1877 ad
612 1838 830 1877 Ecclesiam
857 1835 1071 1876 secundum
1099 1836 1227 1873 Deum
1255 1834 1541 1873 ordinationem
1565 1826 1725 1872 habent.
1767 1834 1911 1872 Omnia
1939 1834 2043 1872 enim
2073 1847 2174 1885 quae

243 1894 283 1931 in
324 1892 520 1942 Scriptura
561 1891 810 1930 continentur
850 1888 1148 1929 conuenientem
1186 1889 1237 1926 ad
1265 1889 1394 1926 Deum
1422 1886 1709 1926 ordinationem
1736 1887 1901 1938 habent,
1929 1887 2045 1927 etiam
2072 1899 2173 1937 quae

244 1946 426 1984 videntur
451 1947 502 1984 ab
531 1957 580 1983 eo
611 1957 696 1983 esse
723 1941 982 1982 remotissima
1008 1940 1153 1979 iudicio
1181 1947 1331 1979 nostro.

296 2011 332 2048 3.
387 2001 531 2037 Forma
558 1999 701 2036 Sacrae
729 1996 949 2046 Scripturae
978 1994 1185 2044 dupliciter
1212 1993 1481 2032 consideratur
1508 1992 1609 2031 intus
1627 1995 1662 2031 δι
1685 1992 1800 2043 foris,
1823 2005 1871 2031 ex
1885 2003 1964 2043 quo
1980 1993 2172 2032 internam

243 2052 279 2089 δε
320 2051 580 2101 essentialem,
623 2058 689 2088 aut
725 2056 924 2089 externam
951 2048 987 2085 &
1015 2047 1298 2085 accidentalem
1326 2046 1502 2084 dicimus.
1548 2048 1704 2084 Interna
1731 2045 1950 2096 Scripturae
1979 2047 2104 2085 forma
2132 2046 2172 2084 in

242 2104 430 2143 relatione
459 2103 644 2142 consistit.
674 2103 872 2153 Scriptura
900 2101 1024 2150 enim,
1051 2099 1161 2138 verbi
1188 2099 1382 2138 enunciati
1405 2099 1600 2149 Scriptura
1616 2106 1693 2137 est:
1717 2098 1847 2148 itaque
1862 2110 1962 2149 quae
1977 2106 2034 2137 est
2047 2101 2173 2138 forma

242 2157 352 2196 verbi
392 2170 437 2195 ea
475 2156 592 2195 etiam
633 2156 852 2206 Scripturae
893 2153 1108 2192 secundum
1141 2151 1338 2191 relationis
1367 2154 1531 2190 formam
1559 2152 1754 2190 censenda
1783 2158 1853 2190 est.
1895 2152 2018 2191 Verbi
2043 2159 2172 2191 autem

243 2209 453 2248 essentialis
480 2211 607 2248 forma
635 2216 692 2248 est
718 2208 850 2247 diuina
876 2207 1037 2256 veritas,
1066 2212 1192 2244 totum
1220 2205 1439 2244 subiectum
1466 2204 1684 2255 &singulas
1699 2205 1779 2243 eius
1794 2211 1920 2254 partes
1935 2204 2170 2244 informans:

242 2264 356 2302 Ioan.
400 2273 459 2311 17.
505 2273 565 2310 17.
605 2263 756 2300 Eadem
783 2274 876 2311 ergo
905 2261 941 2298 δι
970 2259 1191 2309 Scripturae
1218 2259 1345 2297 forma
1372 2264 1454 2296 tota
1482 2257 1521 2295 in
1546 2264 1630 2296 toto
1659 2259 1695 2296 &
1723 2257 1761 2296 in
1789 2257 1948 2308 singulis
1975 2258 2058 2297 eius
2084 2271 2168 2309 par-

242 2315 345 2354 tibus
373 2322 573 2354 contenta.

295 2381 331 2415 4.
386 2368 492 2406 Huic
531 2369 680 2406 formae
721 2366 911 2406 essentiali
948 2364 1101 2404 accedit
1128 2365 1254 2403 forma
1282 2371 1441 2402 externa
1468 2364 1503 2401 δε
1531 2363 1778 2402 accidentalis
1808 2375 1898 2402 cum
1926 2362 2077 2402 interna
2103 2363 2170 2402 illa

240 2421 483 2460 modificata:
525 2434 616 2458 nam
656 2419 768 2458 sicuti
808 2420 910 2458 intus
951 2418 1082 2457 diuina
1118 2417 1181 2455 illa
1209 2424 1267 2456 est
1295 2417 1434 2455 veritas
1462 2423 1596 2454 sancta
1622 2415 1721 2455 iusta
1747 2423 1865 2466 atque
1897 2418 2088 2467 perfecta7
2115 2416 2169 2455 ita

239 2474 357 2512 etiam
385 2473 479 2512 foris
507 2473 547 2511 in
574 2473 733 2523 singulis
761 2472 981 2522 Scripturae
1009 2470 1207 2521 particulis
1237 2470 1375 2508 eadem
1404 2475 1463 2507 est
1490 2468 1673 2507 diuinitus
1701 2482 1898 2520 expressa,
1928 2469 1980 2508 ita
2007 2476 2049 2508 vt
2072 2469 2169 2507 nihil

239 2528 354 2575 plane
382 2526 422 2564 in
450 2539 496 2564 ea
523 2526 646 2576 possit
674 2524 948 2575 animaduerti,
977 2525 1086 2573 quod
1113 2536 1193 2561 non
1221 2535 1414 2561 summam
1441 2523 1584 2560 habeat
1598 2533 1688 2560 cum
1702 2523 1860 2561 veritate
1875 2522 2008 2560 diuina
2021 2533 2167 2561 conue-

241 2578 440 2617 nientiam.
469 2579 543 2618 Cui
569 2580 718 2617 formae
747 2585 927 2617 externae
955 2576 1107 2615 accedit
1134 2576 1254 2614 dictio
1283 2587 1359 2625 qua
1382 2574 1566 2625 primario
1582 2588 1762 2624 expressa
1779 2582 1854 2622 est,
1879 2574 2032 2625 quaein
2047 2574 2168 2614 veteri

241 2631 400 2680 quidem
428 2634 681 2670 Testamento
710 2631 929 2681 Hebraica,
957 2630 995 2668 in
1023 2641 1130 2668 nouo
1156 2630 1308 2667 Graeca
1322 2634 1395 2666 est:
1425 2628 1525 2666 vnde
1539 2640 1619 2666 non
1635 2628 1829 2667 immerito
1844 2628 1917 2666 illis
1931 2627 2166 2666 editionibus

239 2690 425 2734 tanquam
454 2684 692 2735 prototypis,
719 2686 769 2723 ab
784 2683 875 2735 ipsis
890 2682 1093 2733 Prophetis
1108 2683 1144 2720 &
1158 2680 1358 2732 Apostolis
1373 2680 1557 2719 instinctu
1573 2681 1778 2732 expressis,
1803 2680 1935 2719 onmia
1947 2680 2164 2719 tribuimus.

293 2747 329 2786 5.
384 2738 566 2776 Efficiens
608 2749 723 2775 causa
763 2737 986 2787 Scripturae
1027 2736 1170 2785 duplex
1207 2733 1408 2773 obseruari
1434 2739 1582 2784 potest,
1609 2733 1833 2783 Principalis
1861 2735 1896 2772 &
1925 2732 2166 2824 selgu'ndqrifii

1991 2798 2115 2835 rmclp
