2334 3020
796 115 1012 144 THESES
1052 113 1479 141 THEOLOGICAE.
2026 87 2107 151 153,

166 226 218 264 ita
240 227 395 263 firmum
423 230 465 261 vt
493 224 624 262 solidis
652 223 793 262 cedere
820 221 1069 272 corporibus,
1098 220 1129 260 si
1155 233 1224 269 per
1251 218 1338 258 illos
1366 225 1554 267 transeat,
1582 216 1724 267 possit7
1753 217 1788 254 δε
1816 217 1937 266 figura
1961 217 2096 266 sphae-

166 277 248 316 rica
276 277 450 317 omnium
479 276 740 327 pulcherrima
766 277 802 313 &
831 274 1086 325 capacissima
1114 272 1345 323 praeditum.

222 334 257 369 8.
313 330 492 380 Inferior
523 331 620 367 haec
649 341 817 378 corpora
846 327 1042 376 continet,
1072 328 1132 363 vel
1160 324 1368 376 simplicia,
1397 325 1458 362 vel
1487 323 1625 368 mixta,
1654 323 1689 359 &
1710 335 1756 360 ex
1776 320 1848 360 illis
1863 321 2095 371 composita.

168 383 366 434 Simplicia
410 395 578 432 corpora
619 382 718 420 intra
764 380 950 419 extimum
993 378 1094 418 coeli
1133 378 1323 417 ambitum
1353 377 1635 427 comprehensa
1662 381 1750 413 sunt
1777 381 1964 424 quatuor,
2000 387 2100 424 quae

166 438 285 487 vulgo
326 436 506 473 dicuntur
547 435 771 479 Elementa,
815 447 861 472 ex
894 433 1034 482 quibus
1063 439 1262 481 tamquam
1290 444 1338 469 ex
1365 429 1498 481 primis
1529 427 1728 478 principiis
1757 438 2010 477 vnaquaeque
2039 440 2100 465 res

167 488 433 539 componitur,
458 490 492 526 ἃ
521 487 559 525 in
587 499 686 536 quae
714 488 851 526 eadem
880 486 995 525 etiam
1026 484 1243 523 resoluitur.
1273 485 1334 523 De
1361 483 1420 522 his
1446 482 1525 521 duo
1553 479 1782 532 generaliter
1804 479 2100 529 praemittimus:

171 554 288 580 vnum
320 542 368 579 de
397 541 518 578 modo
547 539 748 578 efficientis
776 551 933 577 caussae
961 539 1012 576 ad
1040 536 1331 588 generationem
1359 536 1554 587 ipsorum,
1576 533 1642 583 qui
1666 532 1802 571 vnicus
1825 534 1913 571 Deo
1926 533 2104 570 tribuitur

169 596 319 633 Sermo,
348 605 373 631 1.
403 600 511 631 actus
539 592 758 630 mandantis
791 593 826 630 δε
863 604 961 642 puro
998 603 1068 629 suo
1099 590 1284 628 mandato
1312 603 1372 628 res
1399 589 1448 627 ad
1471 600 1555 626 esse
1570 585 1835 637 producentis.
1862 586 2039 623 Alterum
2054 586 2103 622 de

171 647 308 686 ordine
336 658 452 695 quem
476 648 582 684 Deus
610 645 833 684 obseruauit
859 644 896 682 in
919 643 1120 682 elementis
1143 642 1443 681 constituendis:
1460 653 1550 679 nam
1566 651 1667 678 1.res
1681 639 1730 676 ad
1746 650 1828 677 esse
1844 637 2045 687 produxit:
2062 649 2104 675 11.

169 701 379 750 productas
395 698 644 748 approbauit:
661 709 714 736 111.
730 698 964 748 approbatas
981 695 1195 735 ordinauit:
1212 706 1262 733 ιν.
1279 694 1567 734 ordinationem
1582 692 1620 730 in
1635 698 1773 730 natura
1786 702 1913 729 rerum
1929 690 2105 729 sanciuit.

223 766 258 802 9.
314 752 414 789 Cum
443 759 572 788 autem
599 752 883 789 elementorum
911 763 958 788 ex
984 750 1069 795 lege
1098 747 1304 786 creationis
1333 761 1379 786 ea
1407 747 1454 785 sit
1482 745 1602 796 ratio,
1630 752 1672 783 vt
1698 743 1897 794 superiora
1925 750 2042 794 agant
2066 743 2104 781 in

169 804 436 853 inferioribus,
472 803 655 842 inferiora
690 802 884 853 patiantur
911 805 934 840 a
962 800 1247 851 superioribus:
1277 807 1430 839 constat
1457 801 1694 838 elementum
1721 796 1839 847 ignis,
1868 796 1976 846 quod
2004 808 2106 835 sum-

171 869 279 895 mum
321 863 398 905 est,
440 868 573 906 agere,
615 869 696 894 non
731 854 827 906 pati:
859 855 1093 893 elementum
1122 860 1268 902 terrae,
1296 853 1404 902 quod
1431 852 1607 890 infimum
1636 857 1712 899 est,
1740 850 1842 900 pati,
1870 862 1950 888 non
1978 862 2108 899 agere.

170 910 286 948 Actio
310 909 408 959 ignis
435 916 642 958 perpetua,
671 915 727 947 est
754 914 882 946 ae'rem
911 906 1147 954 illuminare,
1176 907 1211 944 δι
1240 905 1360 955 pulsis
1387 904 1556 943 tenebris
1584 904 1830 953 perspicuum
1853 902 2035 952 reddere,
2059 915 2108 940 ex

172 963 298 1013 primo
341 961 550 1000 creationis
582 960 658 1000 die.
700 960 817 999 Actio
846 959 944 998 aeris
973 959 1012 997 in
1039 958 1166 1008 aquis,
1203 965 1260 996 est
1287 970 1406 1007 aquas
1435 956 1654 1007 superiores
1681 958 1731 994 ab
1759 955 2007 994 inferioribus
2034 966 2106 993 suo

171 1027 344 1065 expanso
388 1014 606 1064 disparare,
646 1027 693 1052 ex
727 1013 904 1052 secundo
947 1011 1154 1050 creationis
1195 1011 1276 1049 die:
1319 1022 1443 1060 aquae
1477 1009 1646 1058 denique
1684 1008 1723 1046 in
1751 1015 1851 1047 terra
1880 1015 1938 1046 est
1965 1015 2108 1047 terram

172 1068 340 1119 variare,
369 1069 404 1106 &
433 1074 561 1117 partes
588 1067 689 1105 illius
719 1065 956 1116 disiungere,
985 1078 1033 1104 ex
1059 1064 1173 1102 tertio
1201 1063 1409 1102 creationis
1438 1062 1512 1100 die.

229 1134 287 1159 10.
343 1121 564 1170 Corporum
593 1133 640 1158 ex
668 1119 868 1158 elementis
896 1117 1206 1168 compositorum
1232 1116 1307 1155 alia
1334 1117 1506 1166 perfecta
1523 1121 1628 1163 sunt,
1650 1113 1725 1151 alia
1744 1112 1982 1163 imperfecta.
2012 1115 2109 1151 Per-

165 1175 276 1224 fecta
304 1180 393 1212 sunt
420 1185 520 1222 quae
549 1173 730 1211 omnibus
758 1171 835 1210 suis
863 1171 1037 1222 partibus
1063 1171 1260 1209 absoluta:
1290 1168 1525 1219 Imperfecta
1551 1179 1650 1217 quae
1666 1166 1926 1216 mutila,ideo
1943 1172 2108 1204 meteora

173 1228 297 1277 dicta,
326 1227 435 1276 quod
462 1226 502 1264 in
530 1226 686 1264 sublimi
714 1227 750 1264 ὅτ
778 1225 816 1264 in
845 1230 933 1263 aere
961 1225 1146 1274 pleraque
1168 1229 1414 1273 generentur.
1442 1223 1488 1259 In
1511 1221 1775 1271 perfectorum
1791 1218 1989 1257 creatione
2005 1220 2112 1256 Deus

177 1279 314 1318 ordine
344 1279 510 1329 primum
539 1292 599 1317 res
627 1279 678 1316 ad
702 1278 1027 1318 commoditatem
1049 1275 1265 1314 incolarum
1281 1274 1524 1326 pertinentes
1540 1271 1705 1312 creauit:
1723 1271 1865 1310 deinde
1880 1271 2114 1319 animantes,

175 1339 361 1381 tanquam
396 1332 435 1370 in
471 1331 671 1370 domicilio
710 1338 847 1382 parato
876 1329 1088 1368 constituit.
1130 1330 1210 1367 Res
1238 1327 1289 1366 ad
1317 1327 1502 1376 domicilij
1533 1324 1852 1364 constitutionem
1880 1324 2114 1374 pertinentes

172 1394 261 1424 sunt
297 1386 411 1424 duae.
453 1387 554 1423 Nam
593 1385 761 1435 primum
789 1383 890 1422 infra
919 1391 1044 1421 terrae
1071 1384 1218 1419 fructus
1246 1381 1296 1419 ad
1324 1380 1615 1429 necessitatem,
1645 1378 1847 1416 vtilitatem
1876 1380 1911 1416 &
1940 1389 2115 1415 commo-

175 1439 339 1477 ditatem
367 1439 584 1477 incolarum
613 1437 689 1476 orti
717 1443 806 1475 sunt
834 1436 897 1475 die
924 1435 1052 1474 tertio.
1082 1435 1284 1485 Secunde),
1323 1446 1439 1484 supra
1466 1434 1663 1471 stellarum
1691 1433 1727 1470 δι
1755 1431 1936 1481 syderum
1959 1437 2116 1468 ornatus

174 1493 225 1530 ad
257 1504 317 1530 res
345 1491 548 1530 inferiores
574 1490 839 1536 illustrandas„
867 1490 902 1527 δι
932 1487 1214 1527 modificandas
1242 1487 1441 1537 appositus
1471 1485 1533 1524 die
1561 1491 1713 1535 quarto,

234 1558 294 1583 11.
349 1545 462 1593 Quae
490 1545 541 1582 ad
571 1550 752 1582 ornatum
780 1542 893 1580 huius
922 1540 1108 1590 domicilij
1139 1540 1287 1579 faciunt
1311 1541 1498 1589 maxime,
1528 1545 1630 1577 astra
1656 1544 1766 1586 sunt,
1795 1537 1830 1574 δι
1860 1537 2116 1586 stellae,solo

176 1597 248 1636 Dei
291 1601 413 1636 verbo
456 1598 496 1635 in
535 1597 621 1647 ipso
664 1597 798 1645 coelo,
835 1607 927 1633 cum
955 1606 1034 1644 quo
1063 1593 1238 1632 eiusdem
1267 1599 1357 1631 sunt
1384 1600 1563 1642 naturae,
1593 1593 1720 1629 factae
1748 1591 1783 1628 &
1812 1591 2046 1628 collocatae:
2078 1596 2117 1626 vt

176 1650 280 1689 diem
309 1654 332 1689 a
361 1658 497 1699 nocte,
526 1662 651 1699 eoque
679 1651 808 1687 lucem
836 1651 859 1687 a
887 1647 1056 1686 tenebris
1085 1646 1341 1696 distinguant:
1371 1653 1470 1684 stata
1495 1652 1673 1694 tempora
1695 1645 1730 1682 δε
1751 1651 1973 1693 temporum
1997 1643 2116 1680 totius

175 1703 267 1741 anni
295 1703 579 1742 vicissitudines
609 1703 820 1752 praebeant
848 1703 882 1739 &
911 1701 1140 1740 ostendant:
1171 1699 1254 1738 dies
1282 1700 1318 1737 &
1345 1712 1470 1737 annos
1498 1698 1687 1737 efficiant:
1717 1708 1832 1746 super
1855 1703 1997 1735 terram
2013 1695 2118 1734 deni-

176 1768 252 1806 que
281 1758 457 1805 luceant7
486 1757 522 1793 &
551 1768 619 1794 sua
644 1757 730 1794 luce
759 1754 894 1793 omnia
922 1752 1151 1804 spectabilia
1179 1753 1357 1791 reddant.

234 1823 293 1848 12.
349 1809 572 1848 Constituto
601 1807 800 1847 domicilio
829 1808 1000 1856 incolae,
1029 1806 1096 1856 qui
1124 1806 1404 1855 inhabitarent,
1432 1803 1594 1843 immissi
1616 1802 1920 1853 sunt7nimirum
1935 1800 2117 1840 animalia

177 1862 381 1912 aquatilia,
423 1861 597 1900 volatilia
638 1864 674 1900 &
712 1860 924 1908 terrestria,
953 1866 1103 1909 creata,
1132 1861 1167 1898 &
1194 1859 1233 1897 in
1263 1861 1338 1897 hac
1366 1870 1495 1896 rerum
1525 1855 1772 1895 vniuersitate
1800 1857 1892 1894 loco
1925 1866 1996 1893 suo
2026 1866 2119 1891 con-

179 1916 359 1954 ueniente
386 1917 592 1954 collocata.
626 1917 671 1952 In
700 1926 866 1964 quorum
896 1912 1093 1952 creatione
1121 1912 1301 1951 ordinem
1330 1913 1435 1950 hunc
1463 1910 1688 1949 obseruauit
1716 1910 1845 1959 Deus,
1872 1915 1914 1946 vt
1940 1910 1964 1946 a
1992 1906 2120 1945 minus

177 1969 361 2019 perfectis
387 1969 437 2007 ad
466 1968 699 2018 perfectiora
727 1967 959 2006 ascenderit.
989 1966 1160 2004 Primum
1191 1965 1334 2004 etenim
1363 1965 1490 2015 pisces
1512 1963 1649 2002 auibus
1669 1962 1708 2000 in
1725 1975 1774 2000 eo
1789 1959 2120 2011 imperfectiores„

138 2057 142 2060 .
180 2023 290 2071 quod
319 2022 415 2060 muti
444 2022 537 2071 sint,
567 2034 614 2059 ex
642 2020 753 2070 aquis
780 2020 933 2059 eduxit.
961 2021 1067 2058 Aues
1097 2018 1342 2057 terrestribus
1370 2016 1603 2056 animalibus
1626 2015 1827 2054 inferiores
1843 2013 2120 2053 secundoloco

180 2075 347 2126 creauit,
376 2074 514 2125 quinto
544 2074 620 2112 die.
662 2073 898 2123 Terrestria,
926 2084 1026 2123 quae
1055 2080 1164 2111 erant
1192 2071 1352 2110 rationis
1380 2069 1573 2120 expertia,
1601 2075 1690 2107 ante
1716 2067 1919 2106 rationalia
1933 2066 2121 2105 condidit.

181 2130 386 2167 Postremo
428 2127 632 2166 hominem
670 2126 917 2176 rationalem,
957 2125 1114 2176 corpori
1151 2127 1172 2163 e
1199 2131 1302 2164 terra
1332 2125 1502 2163 formato
1531 2121 1701 2160 animam
1729 2124 1750 2160 e
1779 2120 1901 2159 nihilo
1930 2126 2122 2167 creatam7

179 2193 278 2231 quae
320 2181 474 2231 dignior
515 2180 596 2219 eius
631 2193 719 2230 pars
757 2187 835 2228 est7
866 2179 1112 2229 inspirando,
1141 2184 1252 2217 sexto
1280 2177 1344 2216 die
1373 2177 1475 2216 fecit.
1519 2178 1648 2224 Atque
1675 2175 1728 2212 ita
1754 2181 1881 2213 totum
1910 2171 2120 2211 creationis

181 2246 281 2284 opus
306 2234 476 2273 absoluit
504 2240 657 2272 creator
684 2234 777 2283 Opt.
805 2234 911 2270 Max.
940 2232 1048 2282 quod
1077 2231 1176 2269 sicut
1204 2233 1228 2269 a
1255 2242 1409 2269 summo
1439 2232 1546 2268 bono
1575 2229 1611 2266 δι
1634 2227 1916 2277 perfectissimo
1932 2233 2020 2265 ente
2034 2237 2121 2275 pro-

181 2289 327 2326 fectum
356 2295 434 2337 est,
456 2287 509 2326 ita
523 2299 604 2324 non
619 2294 747 2336 potest
761 2299 839 2323 non
857 2298 940 2324 esse
955 2287 1106 2323 summe
1122 2285 1289 2333 bonum,
1306 2282 1567 2331 omnibusque
1581 2280 1753 2319 numeris
1768 2278 2120 2318 absolutissimum:

181 2341 216 2378 δι
244 2340 439 2379 Creatoris
466 2339 524 2378 sui
551 2339 741 2389 omnipot.
771 2338 1018 2389 sapientiam,
1047 2337 1261 2376 bonitatem
1289 2338 1325 2375 &
1354 2336 1634 2386 perfectionem
1662 2334 1882 2372 declamare
1907 2334 1942 2382 (f
1965 2333 2094 2381 1635).

656 2572 764 2609 XVI.
820 2571 906 2609 DE
949 2569 1365 2642 CREATION·E
1405 2567 1650 2606 MVNDI.

253 2689 402 2744 Opera
449 2690 539 2731 Dei
578 2691 712 2731 duum
756 2698 861 2732 sunt
896 2704 1132 2744 generum:
1165 2695 1245 2729 ant
1285 2688 1401 2729 enim
1435 2694 1485 2728 vt
1515 2688 1716 2734 interna,
1750 2690 1831 2725 aut
1860 2689 1910 2724 vt
1940 2688 2124 2723 externa

187 2751 550 2792 considerantur:
584 2751 764 2791 interna
799 2752 845 2792 z'n
875 2752 975 2804 z'pScz
1013 2750 1102 2790 Dei
1132 2749 1323 2790 essentia
1355 2755 1458 2789 ante
1489 2749 1608 2789 iacta
1633 2745 1790 2787 mundi
1800 2743 2123 2797 fundamenta,

1140 2821 1188 2845 20
1871 2803 2126 2845 indicantur
