2334 3020
249 78 296 125 76
883 84 950 110 DE
991 83 1137 110 VERA
1176 83 1530 112 THEOLOGIA.

248 193 386 232 eadem
426 190 612 239 sapientia
652 191 688 227 δι
731 187 906 226 bonitate
947 187 1218 237 praestitisset:
1263 190 1367 227 certe
1404 202 1522 228 nemo
1558 191 1680 229 homo
1711 191 1860 228 futurus
1887 197 1965 239 est,
1995 191 2062 241 qui
2091 205 2171 231 non

249 250 391 285 statuat
418 243 581 281 modum
608 239 795 290 sapientia
821 240 921 278 illius
950 242 986 279 &
1016 240 1191 279 bonitate
1219 241 1552 281 communicatum
1575 244 1693 292 longe
1717 242 1939 281 inferiorem
1953 257 2000 282 ac
2014 245 2171 284 minime

251 297 509 346 adaequatum
535 292 713 332 infinitati
738 292 858 342 illius,
887 292 1003 331 fuisse
1029 293 1297 342 praebendum
1311 293 1695 334 nobisinvtilitatem
1711 303 1897 334 nostram.
1926 298 2057 345 Atque
2074 298 2172 336 haec

249 361 365 388 causa
401 354 478 397 est,
514 347 550 385 &
583 357 651 384 cur
678 345 784 383 illam
812 344 1210 383 communicationem
1238 345 1418 395 sapien(f.
1449 348 1655 396 1401.)tiae
1683 359 1775 386 suae
1803 361 1844 386 re
1873 347 1957 398 ipsa
1985 350 2021 387 &
2048 350 2170 388 modo

247 400 446 440 constituit
478 398 608 449 captui
634 397 838 437 hominum
863 398 1154 447 electorumque
1182 409 1362 448 suorum,
1390 399 1426 436 &
1454 400 1653 439 Ecclesiae
1681 412 1771 439 suae
1799 400 2174 441 commodissimam.

247 453 404 492 Etenim
445 465 505 502 re,
547 462 804 500 quaecunque
843 456 931 488 sunt
972 460 1071 500 opus
1097 451 1279 500 cognitu,
1307 451 1538 491 declarauit:
1567 465 1824 502 quaecunque
1851 456 1969 504 vero,
1997 460 2063 492 aut
2090 467 2172 493 non

244 518 342 556 opus
371 517 453 544 esse
481 503 597 554 vidit,
624 509 689 541 aut
717 503 999 541 communicari
1026 502 1167 541 Vtiliter
1194 503 1403 542 nobiscum
1430 516 1512 542 non
1538 517 1674 556 posse,
1691 518 1736 543 ea
1751 505 2008 544 dissimulauit
2022 506 2164 557 sapien—

244 558 403 598 tissime.
435 559 482 596 In
518 556 639 595 modo
673 557 766 594 vero
801 554 991 594 illustrem
1018 556 1182 605 gratiam
1208 567 1317 594 suam
1345 556 1493 607 effecit,
1522 569 1643 607 quum
1671 571 1730 597 res
1758 558 1928 609 diuinas,
1957 558 2170 611 spiritales,

244 615 279 651 δι
307 612 513 660 caelestes,
541 608 663 648 modo
696 609 891 658 humano,
920 620 1134 659 corporeo,
1163 611 1198 647 &
1225 607 1396 647 terrestri
1422 609 1725 649 circumuestiuit
1752 613 1808 659 (vt
1833 612 1885 650 ita
1913 611 2104 661 dicamus)
2125 625 2174 651 ne

251 664 347 714 quid
375 676 447 701 nos
475 664 623 712 fugeret
649 673 782 699 earum
810 673 940 700 rerum
967 672 1062 710 quas
1087 667 1222 700 nostra
1252 661 1350 700 scire
1377 661 1562 700 interfuit.
1590 665 1636 701 In
1662 663 1795 713 primis
1823 671 1953 702 autem
1982 664 2175 715 singulare

246 717 345 755 illud
385 722 442 754 est
479 715 520 753 in
559 714 670 752 huius
710 713 865 752 diuinae
905 713 1272 753 communicationis
1305 714 1449 766 modo,
1486 716 1594 764 quod
1622 715 1866 766 disciplinam
1894 716 2000 755 illam
2028 717 2174 767 gratiae

250 768 423 808 salutaris
465 766 593 806 ordini
632 767 864 805 naturalium
904 766 1174 818 scientiarum,
1214 766 1581 817 disciplinarumque
1622 769 1899 820 conformauit,
1935 777 2174 820 naturaeque

252 828 408 860 nostrae
434 819 752 858 accommodauit
779 819 998 858 doctrinam
1024 820 1179 870 gratiae.
1209 820 1554 868 Quemadmodum
1581 820 1684 859 enim
1710 821 1761 859 ad
1788 822 2081 872 perceptionem
2104 824 2174 861 hu-

257 887 393 912 manae
433 872 619 921 cuiusque
659 873 904 923 disciplinae,
944 871 1140 922 principiis
1181 885 1280 923 opus
1313 879 1388 923 est,
1422 873 1718 912 ratiocinatione
1752 880 1937 924 tanquam
1966 875 2097 914 medio
2126 888 2174 914 ex

255 925 453 976 principiis
480 932 710 976 exsurgente
736 928 772 964 &
800 925 1116 964 conclusionibus
1142 925 1605 976 determinationibusque
1631 927 1683 965 ad
1708 926 1849 966 iustam
1875 927 2076 966 scientiam
2098 929 2172 967 dis-

255 978 504 1029 ciplinarum,
546 989 646 1028 quae
679 979 779 1017 inter
813 979 993 1017 homines
1022 985 1128 1029 sunt,
1156 978 1457 1028 pertinentibus:
1496 981 1556 1017 Ita
1583 979 1699 1018 etiam
1725 979 1765 1017 in
1794 980 1948 1018 caelesti
1973 980 2037 1018 illa
2066 980 2175 1019 disci-

254 1031 360 1081 plina
388 1044 478 1069 cum
506 1031 679 1070 humano
707 1043 850 1081 genere
879 1031 1225 1082 communicanda,
1252 1031 1426 1082 prouidit
1451 1033 1559 1071 Deus
1582 1033 1675 1082 Opt.
1702 1033 1808 1071 Max.
1836 1033 1886 1071 de
1908 1032 2108 1083 principiis
2129 1046 2177 1072 ex

255 1084 452 1134 superiore
492 1083 637 1135 gratiae
675 1084 776 1122 illius
812 1084 978 1133 lumine,
1018 1090 1204 1134 tanquam
1239 1084 1396 1124 caelesti
1423 1086 1527 1135 face,
1555 1084 1752 1124 institutis:
1781 1098 1830 1124 ex
1857 1085 1999 1135 quibus
2027 1092 2176 1124 mentes

253 1145 403 1175 nostras
430 1136 728 1176 ratiocinatione
755 1136 887 1176 diuina
914 1137 1125 1187 imbueret,
1153 1137 1334 1187 viamque
1363 1137 1530 1188 aperiret
1555 1138 1606 1176 ad
1633 1138 1905 1176 conclusiones
1935 1140 1970 1176 &
1999 1138 2178 1177 determi-

252 1190 427 1228 nationes
469 1190 627 1229 caelesti
669 1190 851 1228 scientiae
893 1189 1188 1241 conuenientes,
1230 1191 1265 1228 δί
1299 1203 1372 1241 pro
1409 1190 1634 1229 conditione
1662 1191 1858 1229 Ecclesiae
1885 1191 2032 1229 electae
2059 1191 2177 1241 ipsius

252 1242 482 1293 sapientiam
520 1242 626 1281 illam
660 1243 869 1282 coelestem
904 1243 943 1281 'in
969 1243 1080 1282 terris
1107 1243 1383 1283 adumbrantes
1410 1244 1638 1282 salutariter.
1679 1243 1727 1282 Id
1753 1244 1913 1293 quidem
1940 1255 2074 1282 verum
2101 1251 2177 1295 est,

255 1308 383 1334 rerum
423 1296 576 1334 illarum
617 1295 866 1347 coelestium,
907 1308 1004 1346 quas
1036 1296 1154 1335 docet
1178 1297 1282 1341 haec
1309 1297 1517 1347 sapientia,
1545 1295 1827 1347 perfectionem
1855 1296 2044 1335 infinitam
2070 1309 2177 1347 esse,

254 1359 380 1398 neque
413 1348 494 1387 fieri
531 1348 702 1398 potuisse
728 1355 770 1387 vt
797 1348 1079 1399 perfectionem
1105 1361 1234 1388 rerum
1260 1357 1528 1399 assequeretur
1556 1350 1786 1400 verborum,
1815 1360 2070 1399 quaecunque
2097 1355 2178 1388 tan-

255 1401 344 1439 dem
385 1413 431 1439 ea
471 1400 568 1451 sint,
610 1401 816 1451 perfectio:
861 1402 930 1440 sed
970 1408 1101 1440 tamen
1135 1402 1410 1452 gratiosissime
1442 1400 1802 1453 sapientissimeque
1829 1403 1956 1441 effecit
1982 1404 2108 1453 Deus,
2136 1408 2179 1441 vt

253 1453 349 1492 nihil
376 1454 593 1504 perfectum
621 1454 731 1503 quod
759 1454 917 1504 quidem
945 1454 1043 1493 scitu
1069 1455 1183 1497 nobis
1211 1466 1309 1505 opus
1337 1468 1440 1506 esse,
1465 1468 1547 1494 non
1563 1455 1861 1505 exprimeretur,
1877 1455 2024 1494 &nihil
2037 1455 2180 1494 inesset

253 1506 523 1556 imperfectum
555 1506 595 1545 in
622 1507 862 1558 Theologiae
889 1507 989 1545 illius
1017 1507 1347 1558 communicatae,
1374 1521 1444 1558 per
1471 1508 1547 1547 Dei
1574 1507 1756 1558 gratiam,
1772 1507 1944 1547 veritate.
1973 1507 2179 1546 Perfectio-

255 1572 365 1609 nem,
406 1559 586 1610 inquam,
623 1572 772 1608 rerum,
807 1571 904 1610 quas
936 1562 1044 1599 Deus
1071 1560 1315 1610 praeparauit
1342 1560 1566 1599 timentibus
1591 1560 1720 1611 ipsum
1746 1561 1871 1611 (quod
1898 1560 2057 1610 quidem
2086 1560 2176 1599 satis

252 1614 365 1661 esset)
406 1612 580 1651 exhibuit
615 1614 725 1652 Deus
758 1612 1001 1664 Theologiae
1027 1612 1141 1652 huius
1168 1613 1544 1664 communicatione,
1571 1613 1784 1664 prouidens
1811 1613 2108 1664 sapientissime,
2136 1619 2177 1652 vt

252 1665 307 1704 rei
346 1664 647 1715 perfectissimae
685 1665 836 1717 singula
862 1666 989 1716 capita
1017 1666 1235 1705 necessaria
1261 1666 1616 1705 communicatione
1643 1666 1884 1717 Theologiae
1913 1665 2067 1704 diuinae
2093 1680 2176 1716 per-

253 1717 460 1756 fectissima
498 1718 746 1757 haberentur.
784 1719 1113 1757 Perfectissimum
1147 1719 1262 1770 igitur
1301 1719 1540 1769 subiectum,
1582 1719 1650 1758 sed
1689 1719 1925 1769 perfectione
1965 1718 2177 1757 infinitum:

254 1769 441 1820 sapientia
480 1771 777 1823 perfectissima,
811 1772 882 1810 sed
909 1772 1148 1822 perfectione
1174 1772 1299 1811 finita:
1343 1773 1487 1812 Modus
1514 1771 1683 1822 denique
1712 1772 1923 1822 sapientiae
1951 1771 2179 1821 perfectissi-

253 1823 391 1874 simus,
433 1824 502 1862 sed
542 1824 782 1874 perfectione
821 1825 988 1875 analoga
1027 1836 1119 1863 cum
1161 1825 1323 1864 veritate
1361 1825 1460 1864 illius
1499 1824 1739 1877 Sapientiae,
1768 1836 1886 1875 quam
1914 1824 2175 1874 Theologiam

251 1882 424 1914 nostram
452 1876 630 1916 absolute
656 1878 909 1928 appellamus.

303 1930 435 1978 Atque
474 1929 573 1968 haec
612 1930 772 1980 quidem
806 1930 891 1981 ipsa
925 1929 1066 1980 quibus
1097 1930 1357 1981 Theologiam
1385 1931 1562 1970 absolute
1591 1930 1799 1969 disclusam
1827 1943 1911 1969 esse
1937 1929 2176 1968 demonstra-

253 1979 398 2032 uimus,
427 1982 641 2021 secundum
669 1983 858 2022 rationem
885 1983 1110 2022 communia
1137 1990 1225 2022 sunt
1252 1994 1387 2022 reuera
1414 1994 1504 2022 cum
1530 1984 1651 2022 altero
1673 1983 1740 2022 illo
1756 1996 1898 2034 genere
1912 1982 2176 2034 Theologiae,

251 2045 369 2082 quam
402 2036 437 2072 T
439 2035 661 2085 heologiam
688 2037 903 2075 secundum
932 2036 1027 2086 quid
1053 2038 1305 2087 appellamus.
1333 2035 1551 2075 subiectum
1579 2036 1682 2075 enim
1710 2048 1942 2087 commune,
1970 2038 2006 2074 &
2034 2035 2174 2074 modus

251 2086 478 2138 sapientiae,
520 2088 780 2139 scientiaeque
812 2088 931 2140 illius,
963 2096 1021 2128 est
1047 2088 1087 2127 in
1117 2089 1328 2128 substantia
1355 2089 1480 2128 idem:
1507 2102 1598 2128 nam
1626 2089 1844 2140 Theologia
1871 2090 1958 2139 plus
1986 2101 2063 2126 vna
2089 2101 2172 2127 esse

250 2151 331 2176 non
370 2146 517 2190 potest,
554 2142 770 2180 secundum
810 2141 1015 2181 essentiam
1041 2141 1178 2193 ipsius,
1207 2144 1243 2181 δι
1269 2141 1326 2181 rei
1353 2141 1393 2180 in
1421 2155 1462 2181 se
1489 2142 1703 2181 veritatem.
1743 2143 1812 2181 sed
1840 2142 1929 2192 quia
1955 2141 2173 2191 Theologia

251 2191 315 2228 illa
341 2193 478 2243 altera,
511 2205 629 2242 quam
663 2195 877 2233 secundum
905 2195 999 2244 quid
1025 2196 1285 2245 appellamus,
1312 2195 1444 2234 nescio
1473 2195 1567 2245 quid
1593 2194 1824 2245 permixtum
1851 2197 1888 2234 δε
1916 2193 2168 2233 coniunctum

250 2243 388 2295 habet,
416 2245 535 2294 1dque
564 2246 611 2295 (si
637 2247 793 2297 proprie
819 2247 930 2297 loqui
956 2248 1151 2296 volumus)
1178 2247 1288 2298 quasi
1315 2248 1559 2286 materiatum
1584 2247 1624 2286 in
1651 2248 1826 2287 subiecto
1855 2260 1946 2298 suo,
1962 2252 2168 2297 propterea

250 2297 302 2334 ad
342 2296 532 2336 rationem
573 2299 814 2349 Theologiae
839 2300 939 2339 illius
975 2300 1189 2339 secundum
1216 2300 1311 2350 quid
1339 2302 1555 2351 appellatae
1583 2301 1662 2339 duo
1691 2300 1943 2340 consimiliter
1968 2312 2167 2338 accessere

251 2349 420 2395 termini,
450 2349 532 2388 sine
559 2351 700 2400 quibus
727 2364 927 2402 nunquam
954 2353 1173 2403 Theologia
1200 2353 1414 2392 secundum
1441 2352 1536 2404 quid
1563 2354 1773 2392 commode
1801 2353 1902 2392 tradi
1927 2359 2074 2403 potest,
2103 2358 2168 2391 aut

251 2401 397 2452 percipi
423 2403 648 2442 salutariter.
688 2406 790 2443 Nam
815 2405 880 2444 illa
907 2405 1127 2456 Theologia
1153 2406 1331 2445 absolute
1359 2406 1482 2456 dicta,
1515 2408 1604 2445 vere
1631 2408 1757 2445 forma
1784 2405 1996 2445 essentialis
2017 2411 2094 2455 est,
2117 2404 2168 2443 ad

249 2453 324 2492 Dei
362 2455 579 2494 Ecclesiam
617 2457 814 2506 pertinens
849 2458 1208 2498 communicatione
1249 2457 1398 2498 diuina:
1433 2460 1531 2498 haec
1566 2462 1657 2498 vero
1686 2460 1901 2498 secundum
1929 2458 2024 2509 quid
2047 2456 2167 2496 veluti

250 2507 447 2546 materiale
474 2515 552 2558 est,
580 2508 643 2548 cui
669 2510 795 2548 forma
822 2510 887 2549 illa
912 2524 993 2550 non
1021 2518 1150 2561 potest
1177 2511 1259 2550 sine
1286 2512 1560 2551 obseruatione
1581 2512 1836 2551 terminorum
1850 2512 2013 2551 istorum
2028 2510 2167 2549 adhae-

250 2571 411 2617 rescere.
449 2560 559 2599 Prior
584 2561 771 2602 terminus
799 2570 856 2602 est
883 2564 1067 2616 subiecti,
1101 2565 1141 2603 in
1169 2577 1248 2615 quo
1276 2565 1374 2603 haec
1401 2564 1619 2615 Theologia
1646 2565 1787 2603 residet
1813 2562 2167 2603 communicatione
2210 2575 2220 2583 ·

249 2611 400 2650 d1u1na:
429 2613 620 2662 posterior
648 2621 705 2654 est
731 2616 860 2666 modi,
889 2616 996 2655 cuius
1025 2616 1330 2668 agglutinatione
1357 2616 1489 2656 diuina
1515 2617 1734 2667 Theologia
1747 2618 1925 2656 absolute
1940 2617 2166 2666 dicta,cum

250 2663 427 2703 subiecto
455 2667 531 2704 hoc
558 2667 735 2716 quamuis
763 2668 1001 2718 ineptissimo
1030 2683 1099 2720 per
1125 2683 1186 2719 se,
1215 2669 1487 2720 compingitur.
1528 2670 1754 2709 Subiectum
1779 2676 1836 2708 est
1864 2673 1927 2718 (ne
1948 2669 2015 2708 diu
2036 2669 2166 2706 haere-

249 2719 372 2765 amus)
413 2718 556 2769 homo,
584 2720 727 2758 animal
753 2721 868 2760 donis
895 2722 1053 2772 quidem
1081 2729 1240 2762 naturae
1263 2729 1442 2762 ornatum
1475 2722 1717 2773 amplissimis
1756 2723 1947 2762 beneficio
1972 2721 2067 2770 Dei,
2096 2720 2165 2778 sed

1975 2778 2166 2822 corruptls
