2334 3020
244 69 315 105 108
877 78 1091 105 THESEs
1132 78 1562 107 THEOLOGICAE.

237 184 464 223 auctoritate
490 182 633 221 Diuina
660 189 717 221 est
743 183 904 232 publico
932 183 1132 222 Ecclesiae
1159 184 1272 223 datus
1300 187 1336 223 &
1365 186 1643 235 sanctificatuS,
1670 191 1712 223 vt
1739 184 1786 223 sit
1801 198 1929 224 canon
1942 185 2024 225 siue
2037 188 2168 238 regula

238 236 377 288 ipsius,
418 238 526 274 Jren.
562 236 738 285 praefat.
776 237 840 273 lib.
869 249 906 285 3.
933 238 1064 285 Atque
1090 236 1153 274 hic
1183 240 1271 276 vere
1300 238 1454 277 diuinus
1480 246 1538 278 est
1568 251 1718 288 canon,
1746 250 1794 276 ex
1819 237 1864 276 iis
1890 237 1998 277 libris
2025 242 2166 279 solum-

238 290 359 327 modo
387 295 587 337 constans,
617 300 715 337 quos
743 289 850 326 Deus
877 301 946 338 per
973 301 1107 327 seruos
1133 301 1224 328 suos
1253 291 1304 328 ab
1331 290 1416 340 ipso
1445 293 1703 333 ἱκανωθὲντας
1731 290 1903 340 scripsit:
1944 291 2023 329 Hic
2049 293 2168 332 habet

238 342 281 379 τὸ
312 342 548 378 αὖτόπιστον
587 340 742 390 proprie
767 348 907 390 quarto
938 342 1080 391 modo,
1124 343 1159 379 δε
1188 342 1395 394 obstringit
1419 345 1556 394 fidem,
1585 356 1658 381 nec
1685 345 1736 382 ab
1763 344 1938 382 Ecclesia
1965 344 2166 397 definitus,

239 393 307 431 sed
336 395 360 430 a
388 394 476 430 Deo
505 391 591 441 ipso
618 393 780 431 traditus
809 394 844 431 δι
872 393 1098 443 obsignatus
1126 402 1195 433 est.

294 459 353 483 10.
407 445 577 483 Alterius
606 446 767 484 canonis
797 446 1013 496 aequiuoce
1041 447 1134 485 dicti
1161 447 1405 487 conditiones
1434 449 1611 487 diuersae
1625 456 1734 487 sunt:
1757 462 1898 499 nempe
1912 450 2020 499 quod
2034 462 2166 497 secun-

237 499 330 536 dum
359 497 440 535 eius
467 504 596 547 partes
624 498 793 548 singulas
822 499 1021 545 vniuerse‚
1048 506 1187 538 neutra
1213 501 1484 540 conditionum
1512 513 1663 547 earum,
1690 514 1783 551 quas
1804 502 1901 541 thesi
1915 503 2163 542 antecedenti

235 549 435 600 posuimus
477 550 548 600 ipsi
589 551 791 601 conuenit,
820 552 889 590 sed
918 559 1056 591 contra
1083 553 1277 602 quaedam
1305 555 1476 593 humano
1503 555 1625 593 modo
1653 555 1689 592 δε
1716 554 1890 594 instituto
1919 562 2008 594 sunt
2037 563 2164 606 partes

235 603 352 647 illius,
383 614 477 652 quas
504 616 585 641 non
612 604 786 642 exhibuit
812 606 932 643 Deus.
961 607 1090 655 Atque
1117 606 1180 644 hic
1209 619 1336 645 canon
1363 608 1555 646 humanus
1584 613 1642 645 est
1662 609 1724 646 vel
1746 608 2162 658 Ecclesiasticus,tum

237 669 283 693 ex
326 655 432 693 libris
473 655 594 694 diuini
634 657 795 695 canonis
836 665 1040 708 constans,
1079 665 1162 697 tum
1202 658 1305 710 aliis,
1334 673 1433 709 quos
1460 661 1510 698 ab
1537 659 1760 698 hominibus
1797 661 1961 711 scriptos
1989 662 2166 700 Ecclesia

234 707 432 746 accenseri
473 708 623 757 putauit
665 716 864 759 oportere,
899 724 1087 750 accensos
1114 724 1184 762 per
1211 724 1348 751 manus
1376 713 1527 763 accepit
1555 714 1590 750 &
1615 713 1844 752 auctoritate
1872 716 2044 752 humana
2072 727 2165 753 con-

234 761 417 810 secrauit,
452 773 532 799 non
559 768 690 800 tamen
718 775 891 812 vnquam
923 764 1059 802 eadem
1089 764 1318 804 auctoritate
1349 765 1484 805 habuit
1512 779 1589 815 qua
1616 765 1721 816 illos,
1748 767 1816 815 qui
1841 769 1865 806 a
1893 768 1979 806 Deo
2007 767 2092 817 ipso
2125 767 2165 805 in

233 813 379 852 Diuino
408 826 560 852 canone
590 822 678 853 sunt
708 816 940 855 consecrati.

292 880 350 905 11.
406 866 532 905 Causa
558 867 671 906 huius
699 868 791 907 facti
818 869 957 919 triplex
983 870 1124 909 adferri
1151 877 1298 920 potest:
1329 871 1517 921 Occasio,
1548 872 1657 921 quod
1683 871 1884 910 Ecclesiae
1912 871 2158 911 Christianae

234 919 471 968 Scripturam
513 919 566 958 ita
609 928 763 960 auctam
798 924 848 960 ab
884 924 988 972 Ec(f.
1022 923 1278 974 1596.)clesiis
1312 925 1548 963 ludaeorum
1576 924 1879 963 Hellenistarum
1908 925 2164 976 accipientes,

231 971 352 1010 libros
394 972 480 1010 illos
521 973 693 1012 adiectos
720 974 802 1013 sine
830 975 939 1025 graui
967 977 1116 1015 offensa
1141 989 1317 1015 resecare
1345 990 1425 1016 non
1454 984 1652 1027 poterant:
1682 977 1909 1026 praesertim
1939 979 2028 1016 cum
2057 990 2165 1028 argu-

234 1032 408 1063 mentum
450 1033 550 1064 esset
587 1027 636 1065 de
663 1029 777 1066 rebus
804 1028 921 1066 sacris
949 1042 996 1067 ac
1023 1042 1105 1067 non
1133 1030 1324 1079 profanis:
1355 1030 1522 1080 denique
1551 1030 1802 1070 secundarius
1831 1033 1854 1068 a
1883 1030 2016 1069 diuino
2045 1039 2165 1081 esset,

231 1077 416 1126 librisque
445 1078 653 1117 Canonicis
682 1080 941 1131 intelligendis
970 1081 1190 1121 inseruiret:
1222 1096 1340 1132 quare
1369 1084 1514 1133 placuit
1541 1083 1714 1134 patribus
1743 1083 1976 1122 coniunctos
2005 1084 2164 1133 quidem

231 1130 378 1168 Diuino
420 1131 573 1170 Canoni
613 1134 768 1183 haberi,
810 1134 877 1172 sed
918 1133 1097 1174 inferiore
1129 1137 1248 1186 longe
1275 1137 1525 1175 auctoritate:
1555 1137 1663 1175 cuius
1691 1136 1920 1186 prudentiae
1947 1144 2101 1186 patrum
2128 1138 2164 1174 δε

235 1183 384 1232 priscae
411 1184 612 1223 Ecclesiae
639 1187 701 1224 vel
730 1186 824 1224 illud
851 1186 1036 1225 indicium
1065 1195 1123 1226 est
1150 1189 1425 1240 clarissimum,
1454 1190 1563 1239 quod
1589 1190 1629 1228 hi
1656 1189 1744 1228 libri
1761 1190 1799 1227 in
1814 1189 1990 1228 Ecclesia
2004 1189 2163 1239 quidem

233 1237 474 1286 legerentur,
516 1238 585 1275 sed
611 1239 661 1276 de
689 1239 812 1288 gradu
839 1240 1050 1291 lectorum,
1079 1243 1168 1279 cum
1196 1242 1252 1280 illi
1279 1243 1399 1281 diuini
1426 1243 1598 1282 Canonis
1625 1243 1713 1281 libri
1740 1243 1788 1281 de
1815 1244 2022 1292 Ambone,
2051 1243 2092 1280 id
2108 1249 2165 1281 est

236 1289 359 1339 gradu
400 1289 687 1340 Episcoporum
728 1293 763 1330 δε
804 1294 1143 1345 Presbyterorum,
1185 1296 1235 1333 ab
1274 1295 1366 1345 ipsis
1399 1296 1606 1346 Episcopis
1635 1298 1671 1334 δι
1698 1296 1934 1345 Presbyteris
1961 1295 2162 1334 Ecclesiae

235 1343 566 1394 praelegerentur,
594 1356 683 1382 cum
710 1345 959 1385 veneratione
987 1347 1141 1386 diuinae
1168 1349 1404 1387 auctoritatis
1433 1349 1656 1399 simpliciter
1685 1350 1721 1387 &
1749 1349 1905 1399 proprie
1932 1349 2165 1398 appellatae.

235 1395 402 1442 August.
431 1396 493 1432 lib.
528 1409 560 1434 1.
588 1398 632 1434 de
651 1399 847 1447 praedest.
878 1405 959 1449 cap.
993 1412 1050 1447 14.

293 1460 351 1484 12.
407 1447 545 1486 Canon
587 1449 716 1499 itaque
759 1451 912 1490 diuinus
940 1452 1112 1491 continet
1137 1453 1177 1491 in
1204 1467 1244 1492 se
1272 1454 1392 1492 libros
1420 1455 1558 1494 veteris
1588 1456 1623 1492 &
1651 1455 1756 1493 Noui
1783 1453 2044 1501 Testamenti,
2077 1453 2164 1492 illos

236 1499 394 1547 quidem
437 1502 678 1553 Hebraieos,
720 1504 791 1541 hos
827 1507 920 1543 vero
950 1506 1141 1544 Graecos:
1169 1507 1227 1544 his
1257 1507 1358 1545 enim
1385 1508 1536 1546 duabus
1562 1508 1700 1558 linguis
1727 1509 1833 1546 Deus
1861 1509 2024 1546 verbum
2051 1519 2163 1545 suum

235 1552 433 1591 Ecclesiae
474 1566 565 1592 suae
604 1557 868 1595 consecrauit:
906 1559 1010 1596 vnde
1050 1570 1209 1608 quoque
1243 1568 1514 1610 argumentum
1551 1567 1609 1599 est
1645 1560 1822 1609 euidens,
1850 1573 1919 1598 eos
1945 1560 2066 1598 libros
2096 1559 2163 1609 qui

235 1604 356 1642 veteri
399 1608 649 1646 Testamento
691 1609 842 1648 Graece
886 1611 1018 1660 scripti
1044 1620 1323 1663 accensentur,
1351 1614 1513 1651 canonis
1542 1613 1662 1651 diuini
1689 1613 1846 1651 minime
1877 1625 1972 1651 esse.
2013 1613 2161 1650 Verum

236 1657 408 1707 singulos
435 1658 556 1698 libros
585 1673 655 1698 suo
685 1662 822 1700 ordine
850 1676 1119 1702 recenseamus
1147 1666 1197 1703 ad
1226 1665 1414 1704 maiorem
1442 1666 1689 1705 euidentiam.
1728 1666 1836 1704 Libri
1862 1665 2002 1704 veteris
2030 1667 2163 1703 Testa-

236 1711 355 1748 menti
396 1712 586 1750 Canonici
625 1713 666 1751 hi
706 1723 977 1766 numerantur,
1020 1717 1190 1767 quinque
1227 1718 1315 1757 libri
1343 1719 1488 1769 Mosis,
1516 1719 1613 1758 liber
1640 1721 1774 1769 Iosue,
1799 1719 2001 1767 Iudicum,
2031 1718 2159 1767 Ruth,

235 1762 315 1800 duo
343 1763 431 1802 libri
459 1766 646 1804 Samuelis
675 1769 709 1805 &
737 1768 902 1806 totidem
929 1771 1106 1820 Regum,
1136 1770 1233 1809 liber
1262 1772 1471 1819 Estherae,
1500 1773 1580 1811 duo
1609 1772 1697 1810 libri
1726 1772 2037 1820 Chronicorum,
2065 1771 2163 1809 liber

234 1816 403 1866 Esdrae,
430 1818 662 1857 Nehemiae:
699 1822 801 1858 Tum
827 1822 924 1871 Iob,
951 1824 1195 1861 Psalmorum
1225 1823 1332 1874 libri,
1360 1825 1590 1874 Prouerbia,
1621 1825 1874 1863 Ecclesiastes
1903 1826 1939 1862 &
1955 1823 2162 1862 Canticum

236 1868 490 1908 Canticorum
518 1872 808 1912 Schelomonis:
850 1875 1133 1924 Prophetarum
1161 1876 1267 1928 libri,
1294 1878 1540 1925 Ieschahiae,
1571 1877 1769 1928 Iirmeiae,
1798 1875 2056 1923 Iechezkelis‚
2084 1878 2162 1914 Da-

235 1921 364 1967 nieliS,
393 1924 654 1974 Hoschehae,
682 1926 818 1977 Ioe'lis,
846 1927 1004 1977 Amosi,
1032 1929 1264 1981 Hobadiae,
1292 1932 1431 1980 Ionae,
1459 1932 1607 1981 Micae,
1636 1930 1850 1981 Nachumi,
1882 1929 2164 1980 Chabakkuki,

236 1974 477 2026 Zephaniae,
508 1977 717 2028 Chaggaij,
746 1979 947 2030 Zecariae,
974 1982 1153 2020 Maleaci.

293 2040 351 2076 13.
407 2029 462 2067 Hi
489 2042 624 2068 omnes
650 2030 737 2069 libri
765 2034 800 2070 &
828 2033 900 2071 soli
926 2032 966 2071 in
992 2034 1226 2073 Iudaeorum
1253 2036 1429 2074 Ecclesia
1455 2038 1478 2074 a
1506 2038 1594 2075 Deo
1622 2038 1776 2075 fuerunt
1798 2035 2046 2085 sanctificati,
2072 2034 2162 2073 &in

234 2091 325 2117 arca
365 2080 446 2119 siue
473 2095 589 2132 capsa
617 2085 889 2124 Ecclesiastica
927 2087 1102 2138 repositi,
1129 2095 1170 2126 vt
1197 2095 1334 2127 auctor
1360 2097 1417 2127 est
1444 2089 1707 2140 Epiphanius,
1735 2089 1802 2139 qui
1829 2089 2000 2138 reliquos
2028 2088 2078 2126 ab
2107 2088 2161 2126 eis

235 2133 485 2183 exterminat,
512 2135 688 2186 inquiens
715 2149 841 2187 neque
867 2139 906 2176 in
934 2141 1089 2191 Aaron,
1115 2153 1243 2190 neque
1270 2142 1309 2179 in
1338 2142 1565 2189 Testimonij
1594 2156 1683 2181 arca
1710 2142 1826 2181 fuisse
1852 2141 2065 2192 repositos:
2095 2141 2161 2178 lib.

235 2186 279 2221 de
306 2189 496 2224 mensuris
523 2189 572 2225 &s
588 2191 839 2238 ponderibus.
866 2194 913 2229 In
937 2205 1026 2231 arca
1046 2200 1177 2232 autem
1198 2194 1406 2243 testimonij
1421 2195 1516 2234 nihil
1530 2195 1601 2233 fuit
1615 2195 1829 2246 repositum
1843 2201 1995 2245 praeter
2008 2194 2161 2232 tabulas

232 2238 349 2286 legis,
389 2245 428 2276 vt
456 2247 562 2289 patet
591 2255 637 2279 ex
670 2242 802 2281 diuina
829 2244 1005 2283 historia:
1053 2260 1086 2284 1.
1112 2248 1211 2295 Reg.
1241 2250 1277 2286 8.
1306 2262 1343 2297 9.
1370 2249 1488 2287 Dent.
1518 2261 1582 2297 31.
1614 2259 1675 2297 25.
1716 2250 1762 2286 In
1789 2261 1880 2286 arca
1906 2249 2000 2286 vero
2029 2246 2161 2284 omnia

235 2290 434 2329 Canonica
462 2293 603 2342 scripta
631 2295 846 2345 Hebraice,
877 2304 918 2335 vt
945 2305 1050 2347 patet
1079 2311 1126 2336 ex
1155 2307 1363 2350 praecepto
1393 2301 1483 2338 Dei:
1513 2313 1612 2350 quae
1627 2302 1706 2340 duo
1723 2300 1953 2351 repositoria
1967 2298 2157 2348 Pontificij

233 2355 372 2381 causae
400 2357 490 2383 suae
517 2347 726 2386 seruientes
756 2351 1014 2389 confundunt.
1040 2353 1192 2390 Bellar.
1221 2354 1310 2391 libr.
1342 2367 1373 2391 1.
1403 2360 1483 2403 cap.
1518 2367 1576 2392 10.
1605 2355 1680 2392 His
1709 2354 1828 2392 diuini
1853 2352 2026 2392 Canonis
2050 2351 2158 2390 libris

231 2395 371 2434 adiecti
403 2404 491 2435 sunt
516 2397 570 2436 illi
597 2412 696 2448 quos
725 2403 986 2452 Apocryphos
1014 2406 1269 2455 appellamus,
1298 2407 1405 2455 quod
1432 2407 1625 2445 abfuerint
1652 2409 1675 2444 a
1702 2414 1837 2445 sancta
1863 2407 1929 2444 illa
1956 2411 2092 2454 crypta
2122 2406 2158 2442 δι

232 2449 434 2487 Thesauro
461 2451 658 2490 Ecclesiae
686 2454 776 2492 Dei:
805 2457 867 2493 vel
893 2463 935 2494 vt
961 2456 1012 2495 ait
1040 2458 1201 2509 Glossa,
1231 2471 1398 2507 quorum
1425 2460 1564 2497 author
1590 2459 1809 2509 ignoratur,
1837 2459 1878 2498 id
1906 2465 1963 2497 est
1988 2468 2159 2507 quorum

231 2508 430 2560 auctorem
456 2503 649 2543 nescimus
678 2519 759 2544 esse
788 2509 936 2557 Deum,
966 2511 1029 2547 vel
1057 2510 1186 2560 potius
1202 2511 1343 2549 scimus
1357 2524 1438 2549 non
1455 2525 1538 2550 esse
1553 2514 1703 2562 Deum,
1726 2513 1815 2551 lieet
1830 2524 1975 2550 nomen
1991 2509 2159 2548 hominis

232 2560 400 2612 auctoris
428 2564 593 2595 constet.
619 2559 665 2595 In
693 2559 767 2597 hac
795 2561 917 2599 classe
945 2570 1054 2609 sunt,
1085 2571 1233 2613 septem
1259 2571 1458 2613 postrema
1485 2566 1674 2604 Estherae
1702 2565 1848 2614 capita,
1877 2577 1976 2614 quae
2004 2569 2092 2601 sunt
2119 2562 2158 2599 in

234 2606 403 2645 ed1tione
445 2610 616 2659 vulgata,
658 2623 739 2648 non
782 2614 999 2652 Hebraica:
1043 2616 1177 2654 Tobiti
1218 2616 1336 2667 liber,
1378 2617 1503 2656 oratio
1543 2619 1786 2667 Menaschis,
1827 2617 1976 2662 Iudith,
2011 2617 2157 2664 Baruc,

233 2659 408 2717 Epistola
435 2662 638 2711 Ieremiae,
666 2664 902 2704 adiectiones
932 2668 981 2705 ad
1009 2669 1234 2717 Danielem,
1261 2671 1414 2708 Hezrae
1440 2671 1507 2708 lib.
1538 2683 1575 2719 3.
1597 2673 1632 2709 δε
1648 2684 1685 2718 4.
1700 2671 2033 2708 Machabaeorum
2047 2667 2155 2706 libri:

234 2712 445 2762 Sapientia,
475 2715 778 2755 Ecclesiasticus.
807 2720 972 2767 August.
1001 2723 1089 2758 libr.
1124 2735 1158 2760 2.
1186 2724 1226 2759 in
1254 2724 1360 2772 epist.
1397 2724 1584 2761 Gaudent.
1614 2731 1697 2774 cap.
1729 2737 1791 2772 23.
2049 2772 2123 2810 Db
2149 2771 2156 2778 .

1935 2787 1993 2820 14.
2083 2787 2095 2809 1
2125 2785 2158 2809 n
