2334 3020
873 97 1142 126 EIRENICI
1183 99 1326 126 PARS
1367 99 1391 126 1.
2023 104 2098 140 423

159 205 342 245 omnibus
369 215 471 256 quae
497 205 639 256 habet,
665 210 748 243 tum
776 204 894 243 etiam
921 203 1080 255 singulis
1108 204 1326 255 personalia
1353 205 1404 245 ad
1424 205 1740 245 aedificationem
1754 213 1941 246 nostram.
1969 208 2101 257 Atque

158 259 238 297 hoc
264 258 361 297 illud
388 264 446 297 est
473 257 581 307 quod
610 259 701 296 ante
727 256 916 307 diximus,
955 257 1154 297 Ecclesiae
1181 265 1311 309 partes
1340 270 1424 297 esse
1452 259 1521 297 has
1550 260 1767 298 secundum
1796 259 2034 311 Dominum,
2064 268 2105 299 vt

158 317 243 350 tum
271 311 320 350 de
347 310 472 362 portis
499 309 576 349 suis
605 310 787 350 exhibeat
813 311 1101 363 testimonium,
1129 319 1212 350 tum
1241 311 1291 350 de
1319 311 1504 350 membris
1523 312 1728 363 agentibus
1743 312 1844 352 intra
1858 322 1990 364 portas
2004 325 2103 352 suas.

158 365 262 404 Nam
289 377 337 403 ex
364 364 486 415 portis
513 363 592 403 suis
620 366 677 413 (vt
694 364 747 402 ita
761 364 984 414 loquamur)
1008 364 1205 416 depromit
1226 364 1309 403 iura
1323 364 1398 404 Dei
1411 376 1512 415 quae
1527 365 1566 404 in
1582 365 1668 404 sinu
1681 367 1822 418 habet;
1850 367 1900 406 de
1916 366 2102 406 membris

158 420 253 457 vero
282 417 549 457 testimonium
564 416 664 468 edit,
691 416 773 456 siue
793 417 896 457 intus
912 417 1066 468 piorum
1081 417 1324 469 singulorum
1339 426 1489 457 mentes
1503 417 1742 459 instituendo
1754 450 1764 470 ,
1793 421 1829 458 δι
1844 421 2104 471 consolando,

158 472 196 511 &
231 470 558 521 recognoscendo
593 483 641 509 ex
678 471 799 510 verbo
836 470 912 509 Dei
948 472 984 509 &
1018 471 1096 510 fide
1142 471 1318 522 ipsorum
1355 471 1657 522 obedientiaque
1685 472 1796 523 fidei,
1831 473 1913 512 siue
1940 473 2034 513 foris
2064 472 2104 512 in

159 523 440 563 communione
467 530 695 562 sanctorum
723 525 899 563 fouendo
927 531 1044 574 atque
1072 525 1300 564 educando:
1329 524 1410 564 imo
1441 526 1565 576 (quod
1595 526 1761 576 amplius
1789 528 1861 575 est)
1878 527 2102 566 aberrantes

159 577 411 629 castigando,
453 578 490 616 δι
530 577 650 616 veluti
691 577 848 616 salutari
888 588 1007 616 manu
1040 577 1092 616 ad
1125 577 1318 629 gremium
1352 589 1466 617 suum
1501 580 1729 618 reuocando
1757 579 2105 630 indulgentissime.

159 629 511 680 Quemadmodum
547 637 680 669 autem
716 631 814 669 haec
848 633 950 669 facta
984 630 1145 682 singulis
1177 631 1294 670 nobis
1320 631 1524 671 vtilitatem
1552 633 1753 684 adferunt,
1790 632 1846 672 sic
1877 633 1993 673 etiam
2021 633 2105 672 aliis

159 685 337 734 exempla
373 683 694 723 commodissime
731 685 948 723 offeruntur
985 684 1035 723 ad
1072 684 1388 724 aedificationem
1423 685 1591 724 filiorum
1619 686 1706 725 Dei.
1763 686 2015 738 Quapropter
2053 686 2108 725 illi

157 748 318 788 quoque
354 736 428 788 ipsi
464 737 531 786 qui
564 737 605 776 in
639 738 744 776 hunc
779 738 944 777 modum
970 737 1174 777 instituunt
1201 737 1321 777 vitam
1357 749 1490 789 suam,
1527 738 1567 777 in
1596 738 1796 790 scripturis
1824 740 1943 779 sacris
1972 741 2107 780 fideles

157 797 274 830 testes
302 793 392 830 Iesu
419 790 577 830 Christu
605 792 643 830 δε
668 791 871 830 Ecclesiae
899 790 982 830 eius
1009 791 1275 832 nominantur.
1315 792 1454 841 Neque
1483 791 1648 831 dubium
1676 799 1733 832 est
1760 793 1854 843 quin
1882 794 2024 833 eodem
2052 793 2104 844 pij

158 843 421 895 respexerint,
450 845 541 882 cum
569 845 647 883 hoc
675 845 766 883 loco
794 857 877 883 non
905 844 1069 884 seorsim
1095 845 1202 896 apud
1230 858 1272 884 se
1298 844 1458 896 singuli,
1486 846 1555 885 sed
1568 845 1789 885 coniunctis
1805 846 1934 898 operis
1949 847 2107 898 publice

154 897 195 937 in
232 897 409 936 Ecclesia
444 897 733 948 praedicarent,
771 899 1014 936 consistentes
1049 905 1141 938 sunt
1166 901 1285 950 pedes
1321 901 1457 937 nostri.
1513 900 1671 939 Poterat
1698 899 1859 950 quidem
1887 900 2096 951 separatim

158 950 323 1002 quisque
352 950 503 1002 dicere,
547 950 815 990 Consistentes
843 959 934 990 sunt
960 951 1081 1001 pedes
1110 952 1209 1003 mei3
1244 952 1322 991 Sed
1352 952 1449 990 haec
1475 953 1706 992 communio
1733 960 1979 1004 sanctorum,
2007 954 2107 994 haec

157 1004 439 1043 sanctimoniae
475 1004 804 1054 communicatio,
839 1011 880 1043 vt
916 1004 994 1044 suis
1030 1005 1257 1045 auctoribus
1291 1017 1338 1044 ex
1376 1006 1482 1044 facto
1519 1007 1702 1058 prodest,
1739 1006 1793 1045 ita
1821 1008 2105 1058 spectatoribus

159 1059 363 1108 exemplo,
392 1058 428 1096 &
456 1057 702 1096 auditoribus
725 1058 990 1097 hortamento.

213 1110 362 1162 Ecquis
399 1111 477 1150 iam
512 1112 615 1150 ader>
653 1111 817 1150 demens
854 1118 921 1150 aut
955 1110 1123 1150 furiosus
1159 1117 1238 1161 est,
1279 1117 1322 1150 vt
1347 1124 1428 1151 non
1455 1111 1588 1152 videat
1614 1119 1780 1164 quantas
1807 1113 1991 1154 vtilitates
2018 1113 2106 1165 piae

156 1164 244 1204 illae
272 1163 426 1204 animae
455 1164 627 1203 iucunda
653 1165 728 1203 hac
756 1164 1048 1215 praedicatione
1077 1165 1113 1202 δι
1141 1164 1382 1215 professione
1411 1165 1633 1205 officiorum
1651 1178 1811 1206 suorum
1827 1167 1912 1206 fore
1933 1167 2106 1206 animad-

157 1214 370 1257 uerterint?
408 1218 531 1268 Quod
567 1223 699 1257 autem
735 1217 776 1256 in
809 1217 884 1256 illis
921 1217 1120 1267 videmus,
1158 1217 1279 1269 agite,
1315 1219 1454 1258 demus
1488 1232 1649 1270 operam
1693 1227 1734 1259 vt
1774 1220 1850 1272 ipsi
1879 1233 2039 1271 quoque
2067 1220 2104 1260 in

159 1271 275 1311 nobis
302 1271 517 1310 videamus.
547 1271 588 1310 Si
615 1284 695 1310 non
723 1270 924 1322 videmus,
953 1278 994 1309 vt
1020 1272 1200 1321 profecto
1228 1272 1339 1311 multi
1372 1281 1461 1312 sunt
1476 1273 1599 1313 oculis
1614 1273 1740 1326 capti,
1769 1274 1911 1324 quibus
1923 1275 2108 1326 princeps

155 1325 269 1364 huius
318 1324 455 1364 mundi
484 1325 622 1364 oculos
650 1323 792 1363 mentis
819 1324 994 1375 ipsorum
1024 1325 1248 1363 excaecauit
1276 1338 1326 1364 ne
1354 1327 1517 1365 credant
1543 1326 1717 1376 veritati,
1755 1327 1908 1367 discant
1935 1328 1990 1367 illi
2018 1329 2107 1368 Deo

155 1377 306 1417 auctori
331 1377 478 1430 gratiae
507 1390 590 1417 sese
619 1377 886 1428 committere,
914 1389 1034 1428 quem
1063 1383 1265 1416 auctorem
1293 1385 1456 1419 naturae
1484 1379 1632 1419 sciunt:
1660 1380 1826 1420 Discant
1853 1382 2105 1432 praelucente

155 1431 331 1470 Domino
361 1444 409 1470 ex
435 1432 558 1470 verbo
587 1430 725 1483 ipsius,
753 1444 794 1469 se
823 1430 887 1469 hic
914 1430 951 1470 in
982 1429 1044 1469 via
1071 1443 1177 1481 esse,
1206 1443 1254 1470 ac
1274 1432 1460 1483 potiusin
1474 1433 1607 1482 biuio,
1636 1434 1745 1484 quod
1761 1434 1938 1474 Christus
1952 1437 2106 1486 elegan-

154 1484 301 1524 tissime
334 1484 450 1524 nobis
483 1484 682 1535 figurauit:
727 1484 890 1523 Discant
923 1483 1027 1522 viam
1062 1495 1163 1534 quae
1199 1485 1272 1524 fert
1306 1486 1356 1525 ad
1393 1488 1557 1526 salutem
1592 1487 1812 1527 Ecclesiam
1848 1501 1953 1539 esse,
1996 1489 2106 1528 cuius

153 1538 348 1577 humilitas
383 1551 479 1576 nom
513 1537 633 1576 debet
659 1548 898 1588 quemquam
925 1545 1102 1576 auertere
1130 1539 1154 1575 a
1182 1537 1244 1577 via
1270 1540 1402 1579 salutis
1429 1540 1622 1579 ineunda:
1659 1541 1760 1580 Nam
1790 1542 1864 1581 iter
1892 1549 2101 1592 angustum

153 1591 205 1629 ad
241 1592 404 1629 salutem
440 1598 509 1629 est.
545 1591 685 1629 Matth.
719 1602 752 1638 7.
788 1603 846 1638 14.
882 1589 1047 1629 Discant
1073 1590 1147 1629 sibi
1173 1592 1294 1641 pedes
1322 1594 1359 1632 &
1387 1594 1714 1633 commoditatem
1742 1595 1793 1633 ad
1819 1593 2102 1634 instituendum

153 1643 225 1683 iter
252 1643 491 1694 suppeditari
518 1643 687 1694 gratiose
713 1646 738 1682 a
765 1643 964 1693 Domino,
993 1643 1026 1683 si
1051 1645 1176 1682 verbo
1203 1646 1508 1695 promissionum
1533 1646 1615 1685 eius
1637 1647 1895 1687 crediderint:
1924 1648 2106 1699 Discant,

154 1710 202 1737 ex
235 1709 314 1748 quo
349 1696 391 1735 in
427 1696 607 1736 Ecclesia
643 1704 753 1748 sunt,
791 1697 966 1736 animum
1002 1697 1039 1735 δι
1066 1696 1167 1736 vires
1194 1698 1269 1738 sibi
1295 1702 1320 1739 a
1347 1701 1435 1739 Deo
1463 1700 1600 1751 inge(f.
1632 1701 1855 1750 701)nerari
1883 1703 1920 1741 &
1948 1701 2106 1753 augeri,

154 1753 233 1801 que
263 1751 338 1789 sint
366 1753 621 1789 consistentes
648 1762 787 1789 eorum
814 1750 953 1801 pedes,
988 1763 1064 1789 nec
1092 1751 1351 1792 aduersarum
1377 1755 1643 1804 procellarum
1671 1753 1821 1805 impetu
1836 1755 2105 1806 deturbentur,

153 1811 270 1854 prout
296 1803 493 1843 Dominus
518 1803 559 1843 in
586 1802 764 1842 Ecclesia
791 1810 850 1842 est
876 1803 1234 1858 praesentissimus3
1260 1807 1424 1846 Discant
1453 1806 1622 1857 denique
1652 1808 1871 1847 Ecclesiam
1896 1808 1971 1847 Dei
1986 1808 2105 1847 muris

153 1857 190 1895 δι
217 1857 339 1907 portis
367 1856 557 1896 munitam
581 1869 665 1896 esse
687 1868 784 1907 quas
812 1857 920 1896 Deus
948 1859 1037 1895 ante
1066 1860 1205 1897 oculos
1232 1859 1357 1910 pictas
1378 1860 1563 1900 &manui
1579 1860 1784 1911 inscriptas
1798 1862 1936 1910 habet,
1965 1874 2099 1912 quem-

152 1910 369 1949 admodum
396 1923 467 1960 per
494 1909 636 1949 Isaiam
663 1909 961 1960 pronunciauit,
988 1917 1030 1949 vt
1057 1916 1142 1949 tum
1170 1911 1341 1963 impetus
1369 1926 1508 1953 omnes
1538 1913 1842 1953 hostiles&tela
1856 1914 2106 1954 aduersantia

153 1965 333 2014 frangant
369 1963 612 2014 quiescentes
650 1965 724 2002 sub
759 1964 899 2003 vmbra
926 1964 1076 2003 alarum
1104 1965 1289 2018 Domini,
1327 1973 1409 2006 tum
1437 1967 1489 2006 ad
1517 1980 1638 2006 omne
1666 1967 1840 2007 officium
1868 1967 1907 2006 in
1936 1968 2106 2020 pietate,

151 2016 316 2068 iustitia,
343 2016 525 2066 veritate,
554 2018 590 2055 &
618 2015 808 2055 charitate
837 2017 1094 2056 adducantur.
1126 2019 1210 2058 Nos
1239 2022 1332 2058 vere
1362 2021 1428 2070 qui
1451 2021 1529 2059 iam
1545 2021 1621 2059 Dei
1634 2021 1828 2061 beneficio
1842 2021 2105 2069 immerentes,

152 2069 283 2120 inuiti,
320 2076 600 2120 repugnantes,
638 2070 691 2108 ad
723 2069 821 2108 lucis
849 2069 950 2108 illius
978 2070 1220 2111 admirabilis
1249 2073 1590 2124 participationem
1619 2074 1750 2113 vocati
1779 2087 1934 2124 sumus,
1973 2076 2009 2113 &
2039 2075 2106 2125 qui

151 2124 226 2162 hac
253 2125 340 2162 luce
368 2123 456 2162 freti
483 2123 661 2161 videmus
690 2122 873 2173 mysteria
901 2123 976 2162 Dei
1004 2123 1043 2161 in
1073 2124 1252 2164 Ecclesia
1265 2127 1347 2165 eius
1363 2127 1558 2177 exposita,
1588 2139 1689 2177 quae
1704 2141 1784 2167 non
1800 2127 1907 2166 videt
1922 2127 2105 2179 mundus,

153 2176 189 2215 δι
223 2175 436 2227 spiritalem
470 2177 639 2215 fructum
675 2189 723 2214 ex
756 2176 809 2214 eis
838 2177 1101 2215 communiter
1128 2191 1176 2216 ac
1204 2179 1450 2230 singulariter
1475 2180 1712 2231 percipimus
1741 2181 1778 2219 in
1807 2181 1965 2220 Christo
1994 2183 2105 2231 Iesu,

153 2237 300 2280 quanto
338 2229 488 2280 studio,
526 2236 673 2279 quanta
709 2229 916 2280 religione,
955 2237 1101 2279 quanta
1138 2233 1394 2272 contentione
1421 2233 1574 2284 pietatis
1602 2234 1652 2272 ad
1680 2234 1778 2273 haec
1807 2235 1940 2274 omnia
1967 2247 2104 2285 recog-

152 2283 354 2322 noscenda
381 2283 420 2321 in
450 2282 647 2331 Domino,
675 2282 715 2320 in
743 2282 927 2333 ecclesia,
956 2282 994 2321 in
1023 2284 1206 2323 fratribus
1221 2285 1381 2335 nostris,
1411 2287 1449 2325 in
1463 2286 1686 2337 nobisipsis
1701 2299 1801 2338 opus
1816 2296 1874 2326 est
1891 2286 2107 2327 accurere?

152 2335 219 2386 qui
258 2336 477 2375 Ecclesiam
514 2336 696 2374 nouimus
731 2336 805 2374 Dei
844 2336 1009 2375 domum
1037 2350 1142 2388 esse,
1175 2338 1244 2388 qui
1272 2340 1438 2379 salutem
1466 2343 1489 2378 a
1519 2341 1607 2378 Deo
1635 2341 1675 2379 in
1706 2341 1884 2380 Ecclesia
1913 2342 2102 2391 quodam-

152 2390 276 2428 modo
303 2389 540 2440 depositam,
569 2388 637 2439 qui
664 2389 784 2439 pedes
813 2395 970 2428 nostros
999 2389 1134 2429 diuino
1164 2392 1285 2430 ductu
1312 2393 1351 2431 in
1380 2405 1427 2432 ea
1455 2395 1691 2443 collocatos,
1721 2394 1787 2444 qui
1803 2395 1943 2434 eadem
1958 2395 2099 2433 virtute

152 2443 274 2491 pedes
308 2442 457 2482 ibidem
485 2442 740 2481 consistentes
769 2442 947 2481 omnium
981 2445 1244 2492 procellarum
1272 2446 1464 2496 impetum
1492 2448 1736 2497 proculcare,
1765 2448 1833 2498 qui
1860 2461 1934 2486 nos
1962 2451 1984 2486 a
2013 2449 2101 2487 Deo

150 2495 407 2546 Ecclesiaque
443 2495 570 2534 curari
603 2495 643 2534 in
679 2496 801 2546 portis
840 2495 941 2534 illius
969 2507 1087 2545 quam
1117 2497 1362 2548 fidelissime,
1391 2499 1459 2549 qui
1493 2499 1664 2550 denique
1699 2501 1807 2540 omni
1836 2501 2101 2540 benedictioni

151 2548 339 2599 spirituali
365 2549 406 2587 in
432 2549 530 2588 locis
557 2549 906 2599 supercaelestibus
933 2548 972 2587 in
1000 2549 1158 2589 Christo
1187 2564 1259 2591 nos
1287 2554 1548 2603 locupletatos
1571 2566 1677 2604 esse,
1706 2566 1786 2604 quo
1803 2567 1924 2604 vsque
1939 2554 2099 2593 tandem

151 2601 336 2652 operibus
363 2602 505 2641 nostris
535 2604 570 2641 Sc
599 2603 903 2641 conuersatione
931 2602 1189 2642 ementiemur
1216 2605 1344 2645 lucem
1370 2606 1524 2646 diuinae
1551 2606 1724 2646 veritatis
1753 2607 1792 2646 in
1820 2608 1964 2647 nostris
1993 2621 2100 2646 men-

149 2654 255 2695 tibus
282 2657 318 2694 &
345 2655 593 2695 conscientiis
621 2653 864 2694 radiantem?
893 2655 1000 2703 Quin
1027 2657 1157 2706 potius
1185 2659 1293 2709 Deo,
1324 2660 1550 2712 Ecclesiae,
1579 2661 1780 2706 fratribus,
1811 2662 1848 2699 &
1878 2661 2100 2711 nobisipsis

150 2708 358 2748 tribuimus
392 2708 552 2759 singulis
578 2709 688 2759 quod
714 2720 828 2748 suum
853 2706 936 2747 est?
975 2710 1061 2748 Iam
1084 2711 1172 2760 plus
1202 2712 1292 2751 satis
1319 2714 1344 2752 a
1366 2714 1454 2752 Deo
1482 2713 1695 2753 auertimus
1725 2723 1896 2764 mentes,
1926 2714 2079 2753 animos
2095 2745 2105 2764 ,

149 2762 186 2799 δι
228 2761 360 2801 officia
397 2761 552 2813 pietatis
593 2761 747 2812 omnia,
783 2762 925 2812 quibus
963 2774 1037 2802 nos
1075 2763 1287 2804 obstrictos
1314 2778 1400 2806 esse
1429 2765 1577 2806 iamdiu
1604 2767 1694 2808 Deo
1722 2774 1907 2819 auctore,
1934 2774 2100 2806 testante

1959 2821 2103 2871 verbo,
