2334 3020
267 102 318 140 90
905 96 971 123 DE
1006 94 1154 122 VERA
1194 94 1538 122 THEOLOGIA.

269 206 415 252 dicere,
451 203 506 241 sic
541 215 626 240 eam
655 202 987 251 contemplamur,
1023 207 1064 239 vt
1092 201 1216 238 solam
1243 206 1420 238 naturam
1447 198 1687 249 Theologiae
1714 209 1785 235 suo
1813 196 1974 247 proprio
2001 193 2077 236 fine
2105 196 2186 235 fini-

270 259 392 295 busue
433 255 567 293 instrui
608 260 807 304 oporteat,
849 253 916 302 qui
957 252 1135 302 proprius
1170 251 1255 290 finis
1289 253 1340 290 ad
1366 251 1608 301 Theologiae
1632 257 1810 288 naturam
1836 249 2016 300 pertinet.
2056 252 2186 298 Atque

270 311 366 347 haec
408 307 587 357 quidem,
629 308 720 344 cum
760 306 1060 355 supernaturalis
1093 305 1161 354 sit,
1197 304 1313 342 etiam
1340 304 1458 342 finem
1485 304 1816 353 supernaturalem
1845 304 1879 340 &
1907 309 2067 340 naturae
2097 313 2187 340 suae

268 360 571 399 conuenientem
599 359 781 408 postulat.
822 357 1050 395 Necessario
1087 363 1215 394 autem
1243 369 1316 394 nos
1343 363 1409 394 aut
1436 358 1554 394 finem
1580 355 1757 405 vnicum,
1785 361 1852 393 aut
1877 355 1978 393 duos
2007 355 2058 393 ad
2086 365 2186 392 sum-

270 425 376 450 mum
417 411 625 449 attribuere
665 417 822 459 oportet
858 409 1117 458 Theologiae:
1155 408 1246 458 quia
1272 421 1351 447 non
1380 408 1518 447 diffluit
1545 408 1584 446 in
1611 408 1738 446 varios
1765 407 1972 454 terminos,
2001 413 2187 456 tanquam

270 465 301 503 si
328 465 475 502 incerta
502 471 603 502 esset
628 462 896 511 instabilisque
921 461 1126 512 sapientia,
1153 461 1222 499 sed
1250 468 1315 499 aut
1340 462 1458 499 finem
1485 460 1642 499 vnicum
1670 460 1800 498 statuit
1827 459 1893 498 illa
1920 458 2085 498 suumin
2100 460 2188 497 sub-

269 518 370 555 iecto
411 528 482 555 suo
521 516 625 554 circa
665 515 773 564 quod
807 521 998 564 versatur,
1031 521 1097 552 aut
1132 513 1179 562 (si
1205 515 1301 552 alter
1328 524 1486 563 quoque
1513 512 1600 551 finis
1626 512 1864 551 adiiciendus
1892 514 1964 561 est)
1992 511 2057 549 hic
2085 523 2185 550 vnus

269 577 399 608 tamen
436 569 476 607 in
510 569 693 607 omnibus
731 567 814 605 aliis
842 568 956 605 rebus
984 567 1035 605 ad
1063 566 1282 605 subiectum
1310 566 1511 616 proprium
1538 564 1657 615 ipsius
1685 565 1871 603 ordinatis
1898 565 1984 602 finis
2011 570 2188 602 constan-

268 622 411 660 tissime
437 623 588 659 fururus
616 627 692 670 est,
719 633 766 658 ac
793 632 873 658 non
901 621 1030 669 plures
1059 629 1241 668 vnquam.
1269 620 1339 657 Est
1365 625 1495 656 autem
1525 617 1742 656 subiectum
1766 617 1870 656 idem
1886 616 2060 656 omnium
2083 629 2189 655 com-

269 687 408 723 mune,
457 674 734 724 propriumque
782 671 1025 722 Theologiae
1065 678 1240 721 nostrae,
1282 673 1407 709 Deus:
1448 671 1499 709 ad
1539 670 1666 720 ipsum
1707 670 1906 720 homines,
1948 668 2190 720 Theologiae

272 727 438 775 alumni,
467 726 696 765 ordinantur
722 724 853 775 ipsius.
893 726 954 763 De
981 723 1204 763 hominibus
1231 727 1347 774 vero,
1376 723 1442 774 qui
1469 723 1521 761 ad
1544 722 1863 761 communionem
1884 722 1995 761 huius
2011 721 2193 771 singulari

269 778 460 818 beneficio
499 778 575 816 Dei
616 778 746 816 vocati
787 785 896 825 sunt,
932 779 1049 828 longe
1064 776 1184 826 {aliud
1210 776 1397 815 iudicium
1425 775 1508 815 fieri
1534 787 1693 814 necesse
1722 782 1801 814 est:
1833 775 1924 824 quia
1950 787 2030 813 non
2056 781 2193 813 natura

271 833 397 870 solum
425 831 475 869 ad
502 833 618 869 finem
648 831 893 869 contendunt
920 829 993 869 sibi
1019 830 1286 880 propositum,
1315 836 1381 867 aut
1406 830 1607 867 voluntate
1634 827 1800 866 naturali
1827 830 1863 866 &
1889 828 2098 866 reformata
2125 840 2194 877 per

271 883 451 935 gratiam:
487 884 556 922 sed
593 883 710 922 etiam
739 884 937 922 voluntate
965 884 1143 921 consulta
1171 882 1467 930 inconsultaque
1495 880 1739 931 promiscue,
1766 887 1808 919 vt
1835 891 1904 919 suo
1932 882 2022 919 loco
2051 879 2191 918 dicturi

272 948 414 974 sumus
452 937 544 975 Duo
571 936 686 986 igitur
713 937 760 984 (si
785 935 836 974 ita
864 937 1006 986 placet)
1033 936 1128 973 fines
1157 942 1356 984 ponuntur
1381 933 1641 984 Theologiae:
1683 935 1795 971 Vnus
1821 940 1937 982 atque
1963 931 2190 983 primarius,

270 990 320 1027 ad
361 990 489 1027 Deum
517 989 746 1040 respicien53
774 990 890 1039 alter,
920 987 1187 1038 secundarius,
1213 988 1263 1026 ad
1290 1000 1363 1025 nos
1391 989 1427 1025 ἃ
1453 986 1675 1025 vniuersum
1702 987 1916 1024 humanum
1943 997 2085 1036 genus:
2128 986 2190 1023 De

272 1041 412 1091 quibus
439 1042 576 1080 ordine
603 1041 787 1091 deinceps
813 1042 1008 1091 agendum
1036 1047 1106 1079 est.
1147 1040 1212 1078 Ad
1239 1040 1406 1090 primum
1434 1040 1552 1077 finem
1580 1040 1658 1077 hoc
1681 1038 1834 1077 axioma
1857 1038 2042 1089 pertinet3
2078 1039 2191 1076 lees.

273 1106 404 1132 XXXII.
430 1095 657 1133 primarius
676 1095 773 1144 finis
801 1096 865 1133 vel
884 1107 1052 1132 summus
1087 1094 1335 1143 Theologiae,
1363 1098 1420 1130 est
1437 1094 1574 1141 gloria
1600 1093 1700 1132 Dei:
1726 1093 1826 1129 lianc
1854 1093 1950 1129 enim
1984 1092 2192 1139 Theologia

273 1148 444 1184 omnibus
483 1148 725 1198 spectandam
767 1147 937 1197 exhibet,
986 1147 1035 1184 ἐφ’
1074 1159 1199 1184 omnes
1240 1147 1351 1183 etiam
1393 1146 1483 1183 boni
1520 1157 1589 1183 vsu
1628 1145 1837 1196 sapientiae
1875 1145 1990 1182 liuius
2027 1145 2193 1192 legitimo

272 1213 353 1237 eam
394 1204 565 1238 testatam
597 1199 773 1249 fizcizcnt,
797 1205 924 1249 prout
946 1200 1134 1249 sapientia
1160 1200 1395 1248 iustificatur
1423 1200 1447 1234 ὰ
1477 1199 1568 1241 filiis
1594 1199 1686 1235 suis.
1713 1199 1833 1235 Matt.
1861 1208 1902 1235 11.
1934 1209 1993 1246 19.
2036 1195 2193 1234 Nemini

274 1239 436 1290 dubiursn
476 1265 560 1291 esse
598 1258 747 1302 potest,
790 1254 846 1300 (vt
884 1254 972 1290 ante
1008 1251 1247 1299 dicebamus)
1286 1251 1379 1300 quin
1407 1262 1534 1289 rerum
1562 1251 1658 1288 fines
1688 1252 1735 1288 eo
1765 1249 1961 1300 digniores
1988 1248 2084 1300 sint,
2113 1260 2192 1298 quo

274 1304 450 1354 digniora
486 1306 641 1354 objecta
678 1311 784 1355 sunt,
812 1304 862 1342 ad
891 1317 1011 1355 quae,
1038 1311 1225 1353 tanquam
1251 1303 1300 1342 ad
1327 1305 1446 1341 finem
1472 1304 1635 1353 iustum,
1663 1302 1761 1342 iuste
1789 1301 2057 1341 contenditur:
2085 1314 2192 1351 prae-

274 1356 403 1395 sertim
443 1358 533 1394 cum
575 1356 767 1395 certitudo
806 1356 892 1395 finis
933 1358 982 1395 ad
1025 1356 1251 1406 dignitatem
1291 1356 1409 1406 ipsius
1450 1356 1616 1394 accedit.
1656 1355 1796 1405 quibus
1832 1355 1982 1393 duabus
2009 1354 2048 1392 in
2077 1355 2192 1392 rebus

272 1409 438 1447 maxime
479 1409 604 1459 posita
645 1416 703 1447 est
743 1409 990 1448 scientiarum
1032 1408 1225 1459 omnium,
1260 1408 1535 1458 actionumque
1563 1407 1795 1458 praestantia
1822 1414 1939 1457 atque
1969 1406 2192 1445 auctoritas,

271 1463 341 1499 Est
376 1468 505 1500 autem
543 1462 605 1500 hic
633 1462 874 1512 Theologiae
903 1463 1101 1511 objectum
1129 1463 1258 1510 Deus,
1291 1474 1382 1499 narn
1410 1463 1617 1511 propterea
1646 1460 1864 1510 Theologia
1891 1462 2126 1510 appellatur:
2155 1466 2193 1498 et

271 1514 430 1563 quidem
464 1515 571 1552 Deus
607 1526 743 1565 verus,
770 1527 861 1553 nam
889 1517 1095 1564 propterea
1123 1514 1343 1564 Theologia
1369 1515 1538 1552 reuelata
1565 1515 1627 1552 vel
1655 1513 1839 1563 inspirata
1867 1512 2027 1551 dicitur:
2057 1524 2190 1562 quem·

270 1567 484 1604 admodum
520 1569 608 1605 ante
643 1567 885 1605 ostendimus
913 1567 1092 1605 eamdem
1120 1580 1203 1606 esse
1231 1566 1489 1616 Theologiam
1516 1566 1762 1605 reuelationis
1789 1579 1835 1604 ac
1862 1572 2047 1604 nostram.
2089 1565 2189 1603 Cum

269 1619 398 1668 itaque
425 1619 705 1669 amplissimum
732 1620 827 1658 illud
855 1621 1054 1670 objectum
1082 1619 1149 1670 sit,
1179 1631 1257 1669 quo
1285 1619 1503 1669 Theologia
1524 1626 1657 1657 nostra
1681 1620 2034 1669 occupatur,recte
2049 1617 2190 1667 prima-

270 1671 370 1709 rium
399 1673 461 1709 vel
487 1683 683 1710 summum
710 1674 827 1711 finem
856 1672 973 1722 ipsius
1000 1672 1164 1723 gloriam
1191 1672 1267 1710 Dei
1295 1685 1378 1710 esse
1404 1671 1694 1721 praedicamus:
1725 1672 1816 1721 quia
1843 1671 1937 1709 nihil
1966 1671 2014 1708 de
2037 1677 2191 1708 caetero

269 1723 340 1774 ipsi
369 1736 439 1773 per
466 1737 539 1762 nos
566 1731 694 1774 potest
722 1725 932 1775 accedere,
961 1725 1030 1763 sed
1057 1731 1206 1763 tantum
1233 1724 1351 1774 ipsius
1379 1724 1502 1774 gloria
1528 1724 1643 1762 nobis
1670 1724 1932 1773 innotescere,
1956 1725 1991 1761 δε
2013 1723 2117 1772 apud
2131 1736 2191 1761 res

268 1785 416 1814 creatas
443 1776 623 1815 illustrari
651 1777 860 1826 sapientiae
887 1777 999 1816 huius
1027 1777 1276 1816 reuelatione.
1305 1779 1436 1826 Atque
1462 1778 1558 1815 haec
1585 1777 1637 1815 ita
1665 1790 1705 1816 se
1729 1778 1876 1815 habere
1900 1777 2056 1815 duobus
2080 1787 2191 1826 argu-

269 1828 408 1867 mentis
436 1831 554 1879 quam
581 1829 868 1868 euidentissime
896 1831 1228 1869 demonstramus:
1257 1841 1424 1880 quorum
1452 1841 1573 1868 vnum
1601 1836 1658 1868 est
1684 1832 1707 1867 a
1728 1837 1865 1867 natura
1888 1828 2006 1878 ipsius
2022 1829 2191 1867 Theolo—

268 1881 354 1930 giae
394 1881 576 1933 petitum3
612 1883 774 1920 alterum
814 1884 864 1921 ab
892 1882 1038 1921 effectis
1065 1882 1392 1932 consequentibus
1427 1881 1466 1920 in
1494 1882 1538 1921 iis
1567 1893 1666 1932 quos
1700 1884 1788 1921 Deo
1816 1881 1961 1932 placuit
1988 1894 2192 1931 aspergere

271 1934 514 1985 Theologiae
541 1935 653 1973 huius
680 1935 1049 1974 communicatione.
1077 1935 1231 1974 Etenim
1257 1948 1304 1974 ex
1331 1942 1467 1973 natura
1491 1942 1548 1974 est
1563 1935 1824 1985 Theologiae,
1839 1934 1946 1984 quod
1959 1935 2047 1972 lcuic
2052 1935 2194 1984 finem,

269 1986 344 2025 Dei
371 1987 534 2036 gloriam
568 1989 739 2025 omnibus
775 1990 1070 2037 cognoscendam
1106 1989 1272 2026 exhibet:
1302 1990 1338 2026 δε
1363 1994 1547 2037 tanquam
1590 1989 1657 2026 Sol
1683 1987 1843 2037 quidam
1870 1990 1893 2025 a
1921 1987 2021 2025 coeli
2047 1986 2192 2025 vertice

267 2040 369 2077 hanc
403 2040 536 2078 sedern
576 2039 797 2079 inferiorem
839 2047 1012 2079 nostram
1046 2042 1291 2090 perlustrans.
1335 2040 1399 2078 Sic
1427 2040 1592 2090 gloriam
1619 2040 1724 2078 illam
1753 2039 1913 2090 exponit
1939 2047 2029 2078 ante
2057 2052 2126 2078 ora
2156 2041 2191 2077 &

268 2093 404 2130 oculos
439 2092 634 2143 omnium,
669 2101 709 2131 vt
743 2093 774 2131 si
801 2093 867 2143 qui
894 2106 976 2131 non
1003 2094 1189 2145 credunt,
1218 2094 1267 2132 de
1294 2093 1339 2131 iis
1367 2093 1481 2131 statui
1507 2100 1687 2143 oporteat
1717 2093 1826 2143 quod
1853 2092 1945 2131 dicit
1972 2093 2187 2142 Apostolus
2211 2136 2219 2146 ⁸

270 2157 289 2180 2
323 2145 410 2202 003‘.
438 2158 475 2191 4.
506 2157 542 2193 3.
571 2159 608 2192 4.
651 2145 690 2183 Si
713 2153 814 2185 tecta
842 2153 899 2185 est
925 2146 1159 2197 Theologia,
1187 2145 1231 2184 iis
1259 2146 1326 2196 qui
1352 2153 1516 2195 pereunt
1537 2152 1639 2184 tecta
1653 2146 1782 2196 est,in
1798 2145 1940 2195 quibus
1956 2146 2062 2184 Deus
2077 2144 2189 2183 huius

268 2198 387 2254 seculi
414 2197 636 2236 excaecauit
663 2206 833 2248 mentes,
860 2200 1002 2248 nempe
1029 2198 1069 2236 in
1095 2198 1314 2237 infidelibus
1341 2211 1391 2237 ne
1419 2198 1573 2237 irradiet
1595 2198 1649 2237 eis
1670 2199 1802 2237 lumen
1826 2198 2026 2248 Euangelij
2042 2197 2189 2248 gloriae

267 2248 427 2299 Chr1sti,
459 2249 525 2298 qui
553 2257 610 2288 est
636 2250 765 2301 imago
793 2251 889 2302 Dei,
917 2251 998 2289 siue
1023 2253 1081 2302 (vt
1107 2251 1210 2290 idem
1238 2251 1330 2290 alibi
1356 2251 1526 2301 loquitur
1553 2253 1656 2290 Heb.
1676 2265 1707 2290 1.
1726 2254 1779 2300 3.)
1808 2251 2093 2302 resplendentia
2107 2252 2188 2301 glo-

265 2301 344 2339 riae
371 2301 501 2351 ipsius.
530 2303 650 2350 Quod
676 2303 708 2341 si
734 2307 758 2342 a
786 2310 922 2342 natura
948 2311 1026 2354 est,
1055 2305 1230 2343 colorem
1257 2305 1462 2354 lucemque
1489 2307 1512 2342 a
1540 2317 1684 2354 coeco,
1711 2311 1777 2342 aut
1799 2304 1843 2356 (f.
1864 2305 1980 2353 1414)
2004 2315 2143 2342 sonum
2166 2304 2189 2340 a

266 2354 406 2404 surdo,
433 2361 500 2392 aut
525 2356 688 2394 odorem
716 2357 766 2394 ab
794 2364 973 2394 emortuo
1002 2357 1159 2395 minime
1186 2356 1334 2407 percipi
1360 2360 1476 2406 (quae
1501 2363 1632 2396 tamen
1658 2369 1718 2395 res
1742 2359 1934 2395 naturales
1963 2358 2066 2405 sunt)
2095 2355 2186 2405 quia

265 2407 444 2464 facultate
471 2413 630 2446 naturae
652 2408 701 2446 ad
725 2410 822 2447 haec
844 2409 1095 2459 percipienda
1116 2417 1266 2460 carent3
1290 2410 1426 2447 eadem
1451 2412 1576 2460 certe,
1591 2423 1636 2448 ac
1651 2409 1799 2448 maiore
1813 2409 1941 2460 potius
1960 2414 2188 2459 argumento

265 2471 430 2507 lmpares
466 2471 549 2498 esse
577 2459 809 2511 -ineptosque
845 2462 1021 2500 homines
1047 2462 1306 2512 percipiendis
1334 2463 1448 2500 rebus
1476 2462 1633 2512 diuinis,
1661 2465 1696 2501 &
1724 2462 2080 2512 supernaturalibus
2105 2474 2190 2499 cre-

265 2511 436 2549 dendum
466 2519 543 2563 est3
571 2524 661 2551 cum
676 2515 783 2552 omni
797 2515 977 2553 facultate
992 2522 1131 2553 vacent
1144 2528 1224 2553 non
1239 2515 1311 2564 ipsi
1325 2516 1593 2564 solummodo,
1609 2517 1677 2554 sed
1691 2522 1772 2554 tota
1786 2515 1869 2565 ipsa
1883 2527 2011 2554 rerum
2027 2520 2164 2552 natura
2178 2542 2189 2564 ,

264 2575 338 2611 qua
373 2566 553 2603 facultate
589 2579 650 2604 res
677 2565 742 2604 illa
770 2566 923 2605 diuinae
951 2569 986 2605 δε
1014 2569 1331 2606 transcendentes
1360 2567 1646 2606 vniuersitatem
1673 2575 1855 2614 naturae,
1884 2567 2188 2618 prehendantur.

315 2616 393 2654 Sed
429 2618 546 2667 longe
583 2618 798 2657 euidentius
825 2621 988 2657 alterum
1017 2620 1112 2659 illud
1140 2627 1412 2670 argumentum
1443 2619 1482 2658 in
1509 2633 1650 2671 genere
1677 2622 1851 2658 humano
1881 2620 2046 2669 emicat,
2077 2619 2186 2668 quod

261 2669 312 2704 ab
342 2669 485 2727 effectis
512 2670 590 2720 peti
617 2671 834 2710 docuimus.
876 2673 977 2710 Nam
1005 2686 1064 2711 res
1095 2673 1253 2722 quidem
1280 2672 1367 2711 illae
1393 2675 1700 2722 supernaturales
1728 2687 1774 2711 ac
1802 2673 1957 2711 diuinae
1983 2671 2106 2710 videri
2133 2671 2184 2709 ab

263 2721 485 2760 homlmbus
511 2736 582 2761 nec
611 2725 826 2762 secundum
854 2724 973 2776 ipsas,
1003 2739 1074 2764 nec
1097 2727 1313 2765 secundum
1337 2725 1732 2764 communicationem
1749 2725 1920 2776 ipsarum
1935 2738 2006 2775 per
2019 2722 2185 2774 gratiam

1986 2777 2026 2815 in
2052 2775 2186 2815 electis
