2334 3020
711 107 926 139 TH‘ns‘Es
966 107 1394 137 THEOLOGICAE.
1956 108 2025 149 135

95 217 283 269 hominis,
318 218 408 268 quia
435 231 515 258 non
543 226 600 257 est
628 217 792 257 volentis
822 230 895 256 nec
922 215 1123 254 currentis.
1152 217 1265 252 Rom.
1295 228 1330 264 9.
1365 217 1422 253 16.
1465 215 1556 252 Non
1583 214 1680 252 fides
1708 214 1907 265 praeuisa,
1935 214 2026 264 quia

97 272 210 311 electi
246 284 378 310 sumus
420 279 460 310 vt
497 271 720 317 credamus,
759 271 794 308 δε
832 269 1025 308 credimus
1053 268 1144 318 quia
1171 267 1284 306 electi
1312 280 1462 317 sumus,
1492 271 1575 304 Act.
1610 279 1666 315 13.
1697 269 1760 313 48.
1802 268 1893 305 Non
1921 268 2026 305 bona

98 337 216 374 opera
243 323 439 374 praeuisa,
467 323 558 374 quia
585 323 626 361 id
653 325 868 373 Apostolus
895 323 1075 372 expresse
1099 327 1234 371 negat,
1264 321 1375 358 Rom.
1393 333 1428 369 9.
1453 333 1508 358 12.
1536 320 1597 357 De
1613 319 1716 357 finali
1731 319 1845 358 causa
1861 319 2027 358 diximus

97 389 233 428 supra,
262 378 298 415 &
326 377 454 415 adhuc
482 389 570 415 eam
597 376 636 414 in
664 376 890 415 definitione
919 374 1044 425 posita
1070 375 1191 412 verba
1219 373 1284 421 (ad
1305 374 1476 421 laudem)
1492 371 1637 423 gloriae
1651 373 1865 411 luculenter
1878 380 2026 410 notant.

153 441 212 480 25.
266 431 445 468 Materia
479 428 691 467 Electionis
728 429 832 468 circa
859 440 996 479 quam,
1026 426 1182 477 propria
1210 428 1245 464 &
1273 427 1510 476 adaequata,
1541 431 1630 463 sunt
1658 437 1795 464 omnes
1823 426 1858 462 δε
1887 424 2028 476 singuli

98 482 233 532 electi,
273 484 308 521 &
346 481 480 532 pauci,
516 481 651 520 habita
678 482 826 521 ratione
855 483 1079 520 innumerae
1108 481 1365 528 reproborum
1396 477 1667 524 multitudinis,
1696 479 1843 516 Alaltlz.
1875 491 1934 515 20.
1970 481 2028 516 16.

97 537 198 573 hanc
226 534 403 585 designat
431 536 644 585 Apostolus
669 534 860 582 dicendo,
888 547 973 572 nos.
1003 535 1148 571 Forma
1179 531 1336 582 propria
1363 540 1419 570 est
1448 531 1630 569 discretio
1659 532 1694 568 ἃ
1723 530 1940 580 designatio
1969 534 2027 573 εἰς

98 587 302 626 &affectate
329 588 370 624 ἐν
397 590 543 638 Χριςῷ.

153 640 211 676 26.
267 640 430 678 Addidit
470 642 684 690 Apostolus
719 642 761 678 ἐν
790 642 944 692 Χριςὼ,
973 646 1014 676 vt
1042 638 1120 676 duo
1149 638 1327 687 doceret,
1355 637 1536 675 nimirum
1566 637 1601 674 δε
1632 635 1786 673 vinculo
1817 649 1916 685 opus
1945 648 2028 674 esse

97 699 282 740 tanquam
311 692 559 743 intermedio,
589 706 668 742 quo
698 695 804 732 Deus
832 695 977 731 electos
1007 690 1079 729 sibi
1108 691 1357 740 adiungeret,
1386 690 1451 739 qui
1480 690 1517 727 in
1547 702 1609 738 se,
1638 690 1674 727 δε
1698 700 1748 727 ex
1771 701 1812 727 se
1828 690 2029 730 ὑιοθεσίας

94 743 301 793 incapaces
329 753 457 784 erant:
489 747 523 784 ἃ
551 746 749 784 Christum
778 748 1026 796 θεάνθρωπον
1052 743 1167 781 fuisse
1196 744 1393 780 vinculum
1423 742 1534 790 illud,
1564 755 1643 791 quo
1674 741 1764 780 vnio
1794 741 1916 780 nostri
1941 753 2029 778 cum

98 798 186 834 Deo
215 798 315 836 facta
344 806 413 837 est.
443 799 539 837 haec
566 800 615 837 de
644 798 879 838 definitionis
907 796 1064 846 analysi.
1107 799 1190 834 Iam
1219 796 1402 834 adiuncta
1429 796 1631 833 videamus
1660 796 1694 832 ἃ*
1724 795 1872 833 effecta.

156 861 217 897 27.
272 851 363 889 Duo
404 859 492 889 sunt
526 852 708 898 adiuncta
735 850 952 902 praecipua.
984 849 1174 899 primum,
1210 849 1316 898 quod
1345 848 1393 887 sit
1420 848 1597 898 gratuita.
1644 861 1677 885 2.
1706 848 1810 896 qued
1840 848 1887 886 sit
1915 853 2032 884 certa.

98 914 183 941 esse
209 903 415 953 gratuitam
443 918 490 942 ex
517 905 748 955 supradictis
777 910 903 954 patet:
932 903 981 940 de
1009 901 1238 940 certitudine
1267 909 1442 951 superest
1469 900 1692 938 dicendum.

156 958 215 993 28.
270 957 514 995 Electionem
543 966 690 996 certam
719 971 800 996 esse
829 955 970 995 dicitur
997 955 1219 1004 dupliciter,
1248 956 1307 992 vel
1336 954 1373 991 in
1403 967 1465 1002 se,
1495 955 1555 991 vel
1584 953 1620 990 in
1651 952 1777 990 nobis.
1808 952 1963 990 Certam
1991 951 2029 989 in

102 1021 143 1046 se
171 1010 206 1047 δε
234 1008 536 1059 immutabilem,
565 1013 654 1049 cum
683 1024 731 1049 ex
759 1011 866 1054 Deo,
895 1007 1119 1046 immediate
1147 1007 1352 1056 procedat,
1381 1019 1497 1044 nemo
1525 1005 1706 1055 negabit,
1734 1005 1806 1043 nisi
1821 1005 1886 1054 qui
1902 1006 2030 1042 Deum

102 1062 328 1100 mutabilem
356 1064 500 1113 fingere
528 1064 640 1111 velit,
670 1070 808 1102 contra
835 1061 1065 1111 Scripturas.
1093 1061 1270 1098 Malas-lc.
1300 1073 1335 1108 3.
1366 1061 1403 1097 6.
1431 1060 1515 1096 lac.
1551 1072 1580 1095 1.
1615 1071 1673 1105 17.
1703 1059 1737 1094 δε
1756 1069 1911 1096 sensum
1927 1070 2031 1095 com-

102 1126 262 1152 munem
303 1115 512 1155 dictantem
553 1117 667 1155 nobis
709 1114 974 1154 aeternitatem
1017 1113 1234 1162 simplicem
1276 1125 1354 1150 non
1398 1124 1482 1149 esse
1527 1110 1696 1160 tempori
1731 1119 1797 1148 aut
1832 1110 2036 1154 mutationi

103 1163 336 1217 obnoxiam,
365 1182 438 1207 nec
467 1182 549 1208 esse
576 1182 702 1219 posse.
731 1171 773 1218 (f.
805 1170 933 1217 1619.)
1942 1164 1946 1168 ’

159 1233 218 1270 29.
276 1220 391 1260 Certa
430 1221 543 1272 igitur
585 1230 642 1261 est
670 1221 809 1260 electio
837 1221 873 1258 &
902 1217 1173 1264 immutabilis,
1201 1224 1381 1267 respectu
1410 1229 1569 1254 caussae
1597 1228 1710 1263 suae,
1740 1217 1775 1252 δι
1804 1228 1872 1265 per
1901 1228 2037 1253 conse-

103 1284 226 1321 quens
266 1275 481 1313 electorum
523 1287 706 1321 numerus
748 1281 896 1322 certus,
938 1279 1019 1310 tum
1050 1283 1257 1309 numerans
1286 1274 1343 1320 (vt
1370 1282 1460 1308 eum
1490 1268 1741 1307 Scholasticis
1771 1271 1926 1317 loquar)
1956 1276 2037 1306 tum

106 1334 342 1365 numeratus.

157 1391 219 1428 30.
274 1381 334 1418 De
377 1388 605 1418 numerante
647 1380 718 1419 etsi
757 1392 838 1418 non
879 1378 1093 1416 debeamus
1135 1375 1363 1425 (curiositati
1405 1382 1562 1414 nostrae
1589 1374 1751 1413 nimium
1780 1373 2041 1424 indulgentes)

104 1445 341 1482 magnopere
369 1446 453 1472 esse
480 1433 654 1483 solliciti,
682 1445 799 1471 nemo
829 1439 885 1470 est
912 1438 1042 1469 tamen
1071 1429 1136 1479 qui
1163 1442 1244 1467 non
1273 1436 1448 1467 teneatur
1476 1429 1635 1467 credere
1663 1435 1811 1466 certum
1833 1429 2038 1465 &firmum

104 1497 209 1535 esse,
237 1486 272 1523 δι
300 1485 373 1536 ita,
401 1493 443 1524 vt
470 1500 544 1524 nec
571 1486 722 1536 augeri,
754 1484 894 1534 minui,
921 1491 987 1522 aut
1015 1481 1158 1521 mutari
1185 1481 1319 1532 possit.

162 1552 226 1588 31.
280 1540 340 1577 De
367 1546 593 1589 numerato,
621 1539 662 1577 id
689 1546 766 1588 est,
795 1537 862 1588 qui
890 1536 966 1576 sint
994 1536 1017 1585 ij
1045 1548 1182 1574 omnes
1211 1547 1311 1584 quos
1339 1536 1446 1572 Deus
1475 1534 1601 1584 eligit,
1631 1541 1713 1572 tum
1741 1533 1817 1571 Dei
1839 1535 2038 1582 voluntas,

105 1600 188 1631 tum
222 1599 356 1630 nostra
392 1591 625 1642 incapacitas
662 1592 760 1631 scire
797 1604 877 1629 non
914 1589 1068 1640 patitur.
1112 1589 1355 1638 Scripturae,
1398 1600 1498 1637 quae
1527 1595 1678 1625 tantum
1706 1586 1915 1625 voluntatis
1943 1585 2040 1635 Dei,

107 1652 296 1695 quantum
324 1645 374 1683 ad
402 1653 577 1683 nostram
605 1646 768 1684 salutem
797 1651 855 1682 est
883 1643 995 1691 satis,
1025 1641 1246 1693 continent,
1276 1642 1420 1679 docent
1448 1642 1596 1691 solum,
1622 1640 1675 1678 ita
1703 1641 1813 1677 firme
1842 1642 1876 1678 δε
1904 1639 2041 1676 immu-

108 1697 276 1737 tabiliter
311 1699 456 1736 electos
493 1711 576 1737 esse
611 1698 809 1748 quicumq.
839 1696 951 1736 electi
979 1703 1090 1746 sunt,
1119 1703 1159 1733 vt
1186 1693 1428 1744 impossibile
1455 1693 1503 1732 sit
1531 1693 1614 1731 fieri
1643 1706 1711 1732 eos
1739 1694 1948 1743 reprobos,
1977 1699 2042 1729 aut

109 1757 262 1800 contra,
292 1751 482 1801 reprobos
510 1751 592 1790 fieri
619 1753 777 1790 electos.

161 1817 224 1853 32.
278 1805 339 1842 De
366 1815 531 1843 numero
558 1812 764 1843 numerato
792 1803 867 1842 isto
896 1803 1110 1841 electorum
1139 1814 1179 1839 se
1207 1813 1291 1839 esse
1321 1812 1458 1838 omnes
1488 1807 1683 1849 quotquot
1710 1806 1800 1837 sunt
1823 1798 1862 1836 in
1891 1797 2040 1836 mundo

108 1856 308 1906 homines,
346 1857 507 1896 credere
544 1859 690 1896 debent
727 1871 774 1896 ex
807 1856 883 1895 Dei
919 1856 1128 1893 mandato:
1167 1853 1282 1892 etiam
1320 1853 1350 1891 si
1388 1852 1461 1891 soli
1487 1852 1601 1891 electi
1628 1853 1731 1890 hanc
1758 1851 1941 1890 fiduciam
1969 1850 2041 1889 sibi

108 1909 304 1961 applicare
332 1910 502 1961 possint,
532 1911 567 1948 δι
596 1923 732 1950 reuera
757 1910 974 1961 applicent,
1002 1909 1037 1946 ἃ
1065 1906 1105 1945 in
1133 1908 1208 1945 hac
1235 1906 1378 1944 fiducia
1406 1905 1668 1956 acquiescant.
1696 1907 1788 1943 Non
1817 1904 1920 1943 enim
1937 1911 2042 1942 certa

110 1965 236 2001 solum
273 1970 331 2001 est
365 1964 400 2000 &
436 1964 547 2013 Deo,
584 1964 619 2002 δε
653 1963 693 2002 in
730 1977 770 2002 se
807 1961 971 2012 electio,
1005 1961 1074 1999 sed
1112 1962 1148 1999 &
1183 1959 1318 1999 electis
1353 1961 1462 1997 Deus
1495 1972 1567 2010 pro
1597 1970 1665 1997 sua
1692 1957 1867 1997 bonitate
1895 1964 2041 1996 certam

108 2016 236 2054 reddit
264 2015 493 2055 testimoniis
521 2016 846 2056 luculentissimis.

162 2082 224 2118 33.
281 2069 393 2117 Quae
428 2077 537 2120 sunt,
567 2070 713 2120 primo,
751 2069 1019 2107 Testimonium
1048 2068 1115 2117 Sp.
1143 2065 1295 2115 Sancti,
1324 2065 1374 2104 de
1401 2077 1481 2114 quo
1510 2066 1647 2103 Paulus
1678 2063 1820 2103 diserte
1848 2063 1887 2101 in
1917 2063 2042 2113 Epist.

108 2122 158 2159 ad
200 2123 318 2160 Rom.
352 2129 435 2172 cap.
465 2125 487 2160 8
515 2136 596 2162 ver.
630 2137 689 2171 14.
718 2124 753 2161 &
782 2121 1054 2172 sequentibus,
1080 2119 1148 2158 vbi
1175 2119 1230 2157 sic
1259 2118 1481 2167 concludit,
1510 2119 1680 2167 Spiritus
1708 2117 1748 2155 S.
1778 2121 1940 2155 testatur
1966 2117 2043 2155 vm)

110 2188 192 2212 cum
220 2177 363 2226 spiritu
391 2181 544 2221 nostro,
572 2190 640 2214 1205
667 2190 746 2214 esse
763 2177 876 2226 filios
904 2176 994 2212 Dei.
1024 2174 1137 2212 Idem
1165 2173 1330 2210 habetur
1357 2171 1408 2209 ad
1436 2172 1595 2209 Galatas
1623 2177 1705 2220 cap.
1735 2183 1772 2217 4.
1786 2183 1866 2209 ver.
1882 2171 1920 2208 6.
1947 2170 2045 2206 Tale

112 2227 161 2266 de
198 2228 387 2266 electione
421 2228 724 2280 Testimonium,
759 2228 892 2268 electis
929 2227 1021 2266 solis
1055 2225 1280 2277 proprium,
1317 2223 1496 2274 reprobis
1531 2222 1923 2272 incommunicabile,
1957 2223 2044 2259 solz.

116 2294 173 2328 14.
207 2293 240 2329 7.
269 2281 532 2320 indubitatum
569 2284 604 2320 δι
632 2290 780 2321 certum
810 2289 884 2331 est,
914 2280 1121 2319 immotum
1150 2279 1337 2317 aduersus
1367 2290 1504 2316 omnes
1532 2276 1786 2315 afflictionum
1815 2275 2043 2314 &tentatio-

113 2346 206 2372 num
236 2335 370 2373 moles.

166 2400 230 2436 34.
284 2386 567 2426 Promissiones
608 2387 892 2438 Euangelicae,
934 2386 1017 2425 siue
1057 2385 1204 2439 nudae,
1229 2383 1311 2422 siue
1339 2383 1598 2421 Sam-amentis
1626 2382 1804 2432 vestitae,
1831 2380 2046 2419 seeundum

113 2440 293 2478 obtinent
332 2441 488 2491 locum,
527 2441 712 2480 omnibus
752 2441 912 2490 quidem
953 2440 992 2477 in
1034 2424 1236 2477 comrriuni
1263 2435 1508 2487 propositae,
1537 2437 1607 2475 sed
1636 2447 1736 2485 quae
1764 2434 1972 2473 efficaciter
1999 2433 2049 2470 ad

114 2494 220 2531 solos
253 2493 398 2531 electos
432 2493 646 2545 pertinent,
684 2506 781 2544 quas
815 2492 888 2533 soli
924 2491 1037 2531 electi
1074 2490 1148 2530 sibi
1181 2503 1273 2529 vera
1300 2490 1336 2527 &
1363 2489 1454 2528 viua
1480 2490 1558 2528 fide
1584 2487 1856 2539 appropriant,
1885 2497 2048 2536 quarum

113 2547 283 2584 fructum
310 2545 384 2585 soli
409 2546 646 2599 percipiunt,
675 2549 710 2586 &
738 2547 879 2597 quibus
907 2545 980 2584 sibi
1007 2542 1287 2595 appropriatis,
1315 2543 1364 2581 de
1392 2542 1461 2581 sua
1491 2542 1682 2581 electione
1708 2540 1803 2579 certi
1829 2538 2049 2578 indubitato

113 2600 232 2649 fiunt,
260 2601 295 2637 δι
323 2612 403 2637 non
432 2607 596 2649 possunt
623 2613 706 2639 non
733 2613 818 2639 esse
847 2598 954 2637 certi.

168 2662 230 2701 35.
285 2651 441 2702 Tertio,
470 2651 672 2692 electionis
698 2652 817 2703 ipsius
846 2654 1006 2702 effecta,
1035 2661 1135 2700 quae
1161 2648 1256 2687 nihil
1271 2648 1377 2686 aliud
1391 2655 1498 2698 sunt,
1523 2651 1641 2698 quam
1657 2646 1856 2685 electionis
1870 2653 2049 2684 aeternae

111 2704 312 2752 executio,
355 2704 393 2742 in
428 2711 625 2755 tempore,
655 2708 722 2744 sed
752 2713 963 2756 antequam
991 2705 1040 2742 de
1068 2702 1192 2741 modo
1221 2713 1300 2751 quo
1328 2715 1402 2740 nos
1429 2708 1560 2740 certos
1588 2700 1755 2739 reddunt
1780 2700 1829 2737 de
1857 2697 2049 2737 electione

111 2757 235 2796 nostri
262 2758 313 2795 ab
340 2765 499 2797 aeterno
528 2759 652 2809 facta,
681 2758 879 2810 dicamus,
909 2770 1009 2807 quae
1038 2758 1073 2794 δι
1102 2762 1199 2805 quot
1226 2760 1334 2805 sunt,
1362 2761 1420 2793 est
1448 2754 1673 2793 videndum.
1938 2804 1970 2841 ff

1799 2807 1861 2854 36.
1903 2806 1935 2842 E
1966 2811 2050 2841 ecta
