2334 3020
763 122 980 150 THESES
1021 120 1451 150 THEOLOGICAE.
1984 122 2053 161 175

120 241 305 283 strantur,
333 243 453 271 vnum
481 243 554 281 pro
584 229 661 268 alio
692 228 816 279 eligit,
844 236 911 267 aut
939 240 1077 280 vnum,
1106 232 1142 267 δι
1170 227 1272 266 idem
1301 229 1342 277 (f.
1377 230 1504 277 1653.)
1519 239 1590 277 pro
1607 227 1767 265 arbitrio
1784 228 1845 265 vel
1859 234 2059 278 acceptat,

124 288 273 327 ratione
301 284 414 325 boni:
444 285 506 323 vel
535 282 701 333 respuit,
730 282 882 320 ratione
914 282 1018 321 mali.

179 344 236 380 18.
291 342 334 378 In
373 340 448 376 hac
486 336 713 374 definitione
750 335 821 373 tria
859 336 974 373 nobis
1003 334 1264 373 examinanda
1291 333 1471 372 veniunt:
1502 332 1719 371 subiectum
1747 333 1858 372 liberi
1889 332 2060 383 arbitrij,

123 394 345 442 obiectum,
383 392 418 428 &
446 396 574 428 actus:
603 390 745 427 horum
774 389 878 426 enim
907 388 1113 438 explicatio
1142 388 1192 426 ad
1221 388 1465 437 sequentium
1494 386 1784 436 intelligentiam
1812 399 1893 425 non
1922 398 2060 437 parum

123 448 312 485 conferet.

180 514 238 550 19.
293 496 519 536 Subiectum
547 494 663 546 igitur
691 495 835 544 duplex
863 501 941 545 est,
969 507 1089 533 vnum
1117 494 1256 544 totale,
1285 494 1448 532 alterum
1478 492 1651 544 partiale.
1679 494 1820 530 Totale
1841 492 2060 531 subiectum

123 560 180 592 est
208 554 270 591 vel
298 551 532 598 increatum,
561 555 602 586 vt
630 549 758 598 Deus,
787 549 849 586 vel
877 555 1072 597 creatum,
1102 554 1143 586 vt
1170 546 1334 597 Angeli,
1364 547 1399 584 δε
1427 546 1625 596 homines,
1657 545 1705 584 de
1722 545 1863 595 quibus
1878 546 2061 584 omnibus

122 618 193 644 suo
227 607 329 643 loco.
372 602 539 640 Partiale
577 605 669 639 vero
699 607 756 639 est
784 602 981 651 voluntas,
1012 613 1091 639 non
1120 599 1304 638 naturalis
1334 599 1462 648 (huius
1493 599 1597 638 enim
1626 611 1706 636 non
1736 605 1793 637 est
1822 599 2060 646 Arbitrium,

122 661 211 697 cum
239 658 289 696 ad
317 669 438 694 vnum
466 656 617 692 tantum
646 655 807 703 feratur)
836 655 905 692 sed
935 654 1123 704 discreta,
1152 654 1242 692 ideo
1258 653 1313 690 sic
1330 653 1435 691 dicta
1450 665 1497 690 ex
1513 651 1714 690 communi
1730 652 2060 690 Scholasticorum

123 723 210 761 vsu,
239 709 347 760 quod
375 721 422 747 ex
450 707 684 747 discretione
714 709 769 756 (vt
797 707 850 745 ita
877 709 1029 757 loquar)
1058 709 1093 745 &
1122 705 1401 745 diiudicatione
1428 707 1648 744 intellectus
1676 712 1778 755 agat.

179 777 240 802 20.
293 764 365 800 Illa
392 768 521 800 autem
550 761 581 799 si
608 763 631 798 a
660 760 857 810 principiis
886 759 1093 810 ordinatis,
1122 773 1191 810 per
1221 759 1351 797 media
1379 759 1575 810 ordinata,
1605 759 1655 796 ad
1687 759 1804 796 finem
1820 757 2062 807 ordinatum,

123 817 305 856 ordinato
334 815 457 853 modo
485 821 709 864 moueatur,
736 815 917 852 voluntas
946 814 1194 864 προαιρετική
1222 811 1383 850 dicitur:
1412 812 1443 850 si
1470 815 1564 850 vero
1596 811 1818 849 inconsulto
1853 824 1900 849 ac
1916 814 2062 850 temere

123 883 192 921 per
218 869 470 920 particulares
499 879 635 906 causas
663 880 705 905 se
733 866 833 905 sinat
860 866 986 916 abripi
1014 869 1072 915 (vt
1102 864 1327 915 saepissime
1355 865 1525 915 aegrotis
1541 864 1706 915 accidit,
1736 865 1802 914 qui
1817 864 2062 914 praeingrau-

123 930 280 963 escente
315 922 457 960 morbo
493 922 632 960 volunt
668 921 778 970 quod
812 919 994 970 prohibet
1031 918 1220 967 medicus)
1259 919 1439 957 voluntas
1468 931 1537 968 per
1565 929 1745 968 causam,
1773 929 1840 956 seu
1869 931 1916 956 ex
1944 917 2061 956 causa

124 977 351 1027 appellatur.

179 1044 241 1068 21.
295 1028 507 1068 Obiectum
544 1033 672 1065 autem
709 1025 822 1065 liberi
858 1024 1022 1075 arbitrij,
1059 1024 1091 1062 si
1123 1025 1302 1074 generale
1341 1023 1559 1074 quaeritur,
1587 1027 1611 1061 a
1639 1023 1754 1062 nobis
1782 1035 1898 1073 supra
1926 1025 1996 1062 fuit
2024 1024 2062 1061 in

126 1083 352 1122 definitione
389 1081 660 1131 adsignatum,
698 1081 790 1118 cum
817 1079 985 1117 liberum
1013 1076 1216 1116 arbitrium
1243 1076 1283 1115 in
1313 1088 1471 1126 eorum,
1502 1088 1603 1126 quae
1632 1077 1918 1115 consultatione
1948 1079 2065 1126 fiunt,

126 1136 318 1175 electione
345 1135 517 1185 positum
541 1146 624 1172 esse
653 1133 883 1171 diceremus.
910 1133 968 1170 Ea
997 1138 1126 1169 autem
1157 1137 1246 1168 sunt
1275 1131 1337 1168 vel
1366 1130 1513 1180 media,
1540 1131 1602 1168 vel
1631 1131 1742 1170 fines.
1769 1131 1917 1168 Verum
1947 1132 1996 1169 de
2026 1132 2064 1168 fi-

127 1191 260 1240 nibus,
289 1189 381 1238 quia
408 1190 495 1226 raro
523 1188 690 1225 habetur
717 1184 965 1232 deliberatio,
995 1187 1083 1222 raro
1113 1182 1230 1222 etiam
1259 1189 1316 1222 est
1343 1183 1557 1222 arbitrium.

182 1257 240 1281 22.
297 1242 338 1281 Si
373 1244 467 1280 vero
503 1241 552 1279 de
586 1239 745 1278 obiecto
774 1237 933 1288 speciali
960 1236 1135 1287 quaestio
1165 1243 1240 1286 est,
1269 1236 1365 1274 illud
1393 1236 1574 1286 ponimus
1602 1235 1641 1273 in
1671 1235 1812 1286 triplici
1841 1236 2069 1275 differentia.

129 1295 331 1346 Quicquid
363 1294 467 1333 enirn
503 1294 574 1332 sub
613 1291 819 1331 discretam
861 1292 1104 1329 voluntatem
1143 1288 1269 1339 cadit,
1307 1295 1373 1327 aut
1410 1296 1468 1327 est
1500 1291 1670 1340 bonum,
1713 1296 1779 1327 aut
1808 1291 1976 1340 malum,
2006 1297 2069 1327 aut

127 1349 340 1399 ἀδιαφορόν
370 1347 521 1385 Eadem
549 1352 678 1384 autem
705 1351 763 1383 est
790 1344 888 1383 ratio
917 1342 1150 1392 voluntatis,
1179 1343 1215 1380 δε
1242 1342 1323 1381 eius
1351 1341 1513 1391 arbitrij.

182 1414 243 1450 23.
297 1403 420 1439 Actus
455 1399 568 1438 liberi
602 1398 746 1448 arbitrij
783 1396 984 1448 proprius,
1013 1403 1070 1435 est
1100 1396 1255 1434 electio:
1293 1396 1362 1434 sed
1392 1409 1437 1434 ea
1466 1396 1621 1434 (luobus
1649 1396 1777 1434 modis
1806 1395 1888 1434 fieri
1918 1403 2069 1446 potest,

128 1456 190 1493 vel
227 1454 427 1504 seligendo
464 1464 583 1491 vnum
619 1465 667 1490 ex
695 1451 872 1502 duobus,
900 1451 962 1489 vel
988 1450 1164 1500 pluribus
1194 1448 1406 1499 oppositis,
1435 1461 1536 1498 quae
1564 1449 1641 1487 dici
1664 1451 1763 1488 solet
1790 1449 1948 1488 libertas
1979 1463 2070 1488 con-

127 1506 347 1546 trarietatis:
388 1507 451 1545 vel
489 1518 568 1544 vno
609 1506 760 1543 tantum
787 1503 1011 1554 proposito,
1040 1502 1136 1541 illud
1162 1503 1426 1552 acceptando,
1454 1510 1520 1540 aut
1549 1502 1783 1553 reiiciendo,
1813 1504 1849 1540 ἅτ
1880 1504 1978 1541 haec
2009 1510 2068 1542 est

128 1560 287 1599 libertas
314 1558 647 1598 contradictionis.
675 1560 894 1608 Vtrumque
920 1556 1084 1595 modum
1111 1555 1151 1593 in
1178 1556 1279 1594 thesi
1312 1567 1371 1604 17.
1400 1555 1672 1606 expressimus.

183 1626 243 1660 24.
298 1615 499 1651 Hactenus
527 1613 576 1651 de
605 1611 832 1650 definitione
859 1610 972 1649 liberi
999 1608 1165 1660 arbitrij,
1194 1610 1230 1647 δε
1260 1610 1435 1659 partibus
1464 1609 1557 1648 eius.
1586 1610 1701 1647 Nunc
1731 1616 1858 1647 vtrum
1888 1608 2072 1648 omnibus

129 1666 257 1705 totalis
285 1666 449 1705 subiecti
476 1665 681 1716 speciebus
709 1667 826 1715 supra
854 1662 1086 1702 enumeratis
1115 1676 1162 1700 ex
1189 1674 1317 1712 aequo
1347 1662 1557 1702 conueniat
1583 1666 1649 1708 (ea
1678 1663 1782 1701 enirn
1811 1663 1859 1701 de
1887 1676 1929 1701 re
1943 1663 1982 1700 in
1997 1664 2071 1701 hac

130 1718 356 1769 quaestione
384 1719 549 1758 maxime
578 1718 900 1766 controuertitur)
929 1717 1146 1756 videndum
1175 1722 1245 1754 est.
1274 1717 1336 1754 De
1364 1715 1523 1766 singulis
1537 1715 1653 1765 igitur
1667 1715 1862 1766 sigillatim
1879 1717 2072 1767 dicemus,

130 1775 153 1810 a
180 1775 267 1812 Deo
295 1784 449 1811 summo
477 1773 543 1811 illo
571 1774 607 1810 δε
635 1771 843 1810 vniuersali
871 1770 1048 1809 omnium
1077 1781 1206 1808 rerum
1233 1768 1428 1820 principio
1456 1769 1695 1819 incipientes.

187 1836 246 1876 25.
302 1827 432 1865 Deum
469 1839 553 1865 esse
588 1825 830 1864 liberrimum
868 1825 918 1863 ab
956 1822 1139 1862 omnibus
1177 1835 1249 1872 pro
1278 1824 1461 1861 confesso
1490 1823 1676 1874 habetur,
1704 1822 1846 1872 quibus
1875 1823 2005 1861 adhue
2034 1822 2072 1860 in

133 1887 294 1930 pectore
321 1879 464 1918 residet
491 1878 629 1929 aliquis
656 1877 866 1917 diuinitatis
893 1888 1048 1917 sensus:
1077 1876 1299 1915 libertatem
1328 1876 1431 1914 enim
1460 1877 1548 1914 Deo
1578 1876 1799 1927 detrahere,
1820 1876 1983 1926 perinde
1999 1882 2075 1925 est,

131 1946 178 1971 ac
205 1933 335 1971 Deum
361 1945 522 1983 negare,
551 1934 640 1970 cum
667 1932 746 1970 hoc
774 1943 894 1970 vnum
923 1930 970 1970 sit
998 1944 1045 1969 ex
1059 1928 1277 1980 praecipuis
1293 1929 1374 1968 eius
1388 1929 1789 1980 attributis,qu01·um
1803 1942 1853 1967 ne
1868 1928 2073 1967 minimum

133 1985 294 2036 quidem
323 1987 380 2036 (vt
406 1986 459 2024 ita
486 1987 710 2036 loquamur)
739 1986 789 2024 ab
818 1998 866 2024 eo
894 1984 979 2023 tolli
1006 1990 1159 2034 potest,
1187 1983 1280 2033 quin
1294 1990 1378 2021 tota
1392 1982 1581 2021 continuo
1598 1984 1758 2020 tollatur
1772 1983 1869 2021 ratio
1884 1981 2073 2032 Deitatis,

134 2041 230 2078 haec
257 2046 389 2078 autem
416 2040 575 2078 libertas
602 2039 642 2077 in
670 2040 758 2077 Deo
787 2045 844 2077 est
871 2037 1074 2088 bipartita,
1102 2043 1220 2087 prout
1248 2035 1472 2086 bipartitam
1501 2035 1583 2074 eius
1613 2036 1843 2074 relationem
1858 2035 1968 2074 initio
1985 2035 2075 2074 feci-

135 2104 240 2144 mus,
278 2093 328 2131 ad
363 2092 575 2132 voluntatis
600 2091 783 2130 nimirum
812 2090 1188 2142 apprehensionem,
1217 2090 1253 2127 δι
1282 2090 1333 2128 ad
1362 2089 1417 2128 rei
1444 2092 1467 2127 a
1495 2090 1697 2128 voluntate
1724 2089 2012 2140 apprehensae,
2040 2089 2076 2126 δε

135 2145 346 2196 imperatae
375 2146 655 2185 executionem.

192 2200 252 2237 26.
308 2200 533 2238 Secundum
559 2198 731 2249 priorem
759 2204 980 2248 respectum
1006 2197 1071 2243 (de
1099 2208 1178 2246 quo
1208 2195 1417 2246 praecipue
1431 2196 1470 2234 in
1485 2197 1559 2234 hac
1574 2195 1803 2245 quaestione
1819 2195 2076 2246 disputamus)

134 2252 293 2292 libertas
330 2255 419 2292 Deo
452 2252 655 2303 tribuitur,
689 2252 760 2291 sed
788 2264 870 2290 non
899 2250 1100 2301 vniuerse,
1130 2250 1162 2289 si
1188 2250 1237 2288 de
1266 2249 1445 2288 libertate
1474 2252 1496 2287 a
1524 2248 1755 2288 necessitate
1783 2249 1942 2299 proprie
1971 2248 2078 2287 dicta

137 2305 384 2356 intelligatur.
413 2307 504 2356 Qua
531 2313 660 2345 autem
687 2306 837 2344 ratione
864 2304 906 2343 id
932 2306 1017 2355 fiat,
1046 2317 1094 2343 ex
1122 2303 1370 2342 obiectorum
1398 2302 1625 2353 specialium
1651 2301 1765 2340 liberi
1793 2302 1959 2352 arbitrij,
1981 2302 2077 2340 boni

138 2358 303 2410 scilicet,
331 2360 367 2397 &
398 2359 491 2398 mali
518 2361 624 2408 (nam
653 2359 702 2398 de
728 2357 952 2409 adiaphoris
979 2370 1039 2396 res
1066 2358 1184 2407 plana
1211 2359 1284 2404 est)
1314 2355 1581 2406 distinctione,
1609 2355 1757 2405 liquido
1782 2355 1942 2406 patebit.

194 2424 256 2462 27.
309 2414 381 2451 Illa
417 2419 547 2451 autem
578 2413 639 2452 vel
667 2411 782 2451 vnico
811 2418 923 2463 actu,
950 2411 1101 2460 sibique
1128 2409 1298 2448 inuicem
1326 2408 1526 2459 opposita:
1555 2410 1618 2446 vel
1645 2409 1874 2458 separatim,
1904 2411 1939 2447 &
1966 2409 2078 2447 abso-

138 2466 217 2503 lute
244 2465 284 2503 in
310 2478 352 2504 se
379 2466 644 2516 considerata,
672 2465 863 2504 voluntati
889 2470 1174 2515 proponuntur.
1203 2463 1244 2501 Si
1271 2461 1390 2513 priori
1414 2463 1683 2513 modo,Deus
1697 2462 1748 2500 ad
1763 2475 1809 2500 ea
1823 2461 2078 2500 determinate

139 2531 180 2556 se
207 2519 347 2567 habet,
376 2520 412 2557 δε
438 2519 676 2570 necessario,
706 2531 780 2557 nec
808 2525 937 2568 potest
964 2518 1004 2555 in
1030 2516 1216 2555 vtramuis
1248 2522 1400 2566 partem
1427 2515 1626 2554 inclinare.
1661 2516 1701 2553 Si
1727 2518 1821 2554 vero
1851 2514 2081 2565 posteriori,

140 2572 279 2610 iterum
307 2572 623 2623 distinguendum
651 2579 721 2610 est:
750 2572 802 2610 ad
829 2572 976 2610 malum
1004 2570 1107 2609 enim
1138 2568 1245 2608 nulla
1272 2568 1585 2607 consideratione
1612 2568 1711 2607 liber
1741 2581 1823 2607 esse
1844 2568 2082 2618 potest,nisi

139 2627 162 2662 a
189 2624 415 2675 coactione,
444 2633 634 2675 quatenus
661 2638 803 2675 nempe
831 2625 926 2663 illud
954 2623 1077 2662 libera
1103 2624 1303 2662 voluntate
1329 2622 1561 2670 detestatur,
1580 2635 1663 2660 non
1679 2621 1817 2672 inuita,
1836 2621 1889 2659 ita
1903 2621 2082 2671 exigente

139 2684 299 2716 naturae
333 2690 424 2717 suae
451 2678 699 2728 conditione,
733 2678 796 2717 cui
823 2679 970 2716 malum
997 2677 1106 2715 bono
1134 2683 1372 2725 anteponere
1401 2675 1563 2714 omnino
1590 2676 1797 2725 repugnat.-
1836 2674 1902 2712 Ad
1928 2675 2080 2712 bonum

140 2737 268 2770 autem
312 2738 370 2770 est
411 2731 651 2783 liberrimus,
695 2731 775 2770 siue
813 2731 1033 2770 libertatem
1074 2727 1394 2768 contradictionis
1436 2735 1610 2779 spectes,
1661 2727 1742 2766 siue
1783 2727 2082 2767 contrarietatis.

141 2785 274 2824 Potest
309 2785 414 2823 enim
439 2786 501 2824 vel
527 2785 669 2836 eligere
697 2786 759 2824 vel
785 2797 867 2824 non
894 2783 1059 2835 eligere,
1088 2782 1120 2822 si
1146 2783 1305 2821 vnicum
1332 2781 1400 2820 sit:
1429 2782 1461 2820 si
1488 2784 1582 2820 vero
1613 2783 1744 2832 plura,
1775 2781 1854 2820 hoc
1881 2782 1943 2820 vel
1969 2781 2080 2819 illud.

1752 2837 1813 2873 28.
1855 2834 2080 2872 Secundum

219 2913 229 2930 a
