2334 3020
247 67 323 104 474
955 63 1222 92 πῖκΕΝῑοῐ
1270 64 1486 93 pAiaesrl.

650 331 1234 385 EIRENICI
1305 333 1613 386 PARS
1683 334 1766 386 II.

1193 513 1263 538 SEV

492 659 948 699 MEDITATIO
1001 662 1077 699 IN
1131 662 1521 700 PSALMVM
1577 662 1922 701 CXXXIII.

323 823 355 848 1.
414 809 610 849 Canticum
637 814 995 864 excellentissimum,
1020 815 1206 852 Dauidis.
1231 814 1332 851 Ecce
1364 815 1479 864 quc‘zm
1513 815 1651 852 bonum
1683 815 1733 852 &³
1759 816 1875 864 quam
1902 827 2098 852 amoenum

864 889 921 921 est
943 884 1121 922 habitare
1139 886 1296 933 fratre-³
1326 885 1438 922 eliam
1475 886 1563 923 vm).

292 1155 385 1194 CVM
424 1156 502 1194 hoc
542 1156 727 1207 scriptum
768 1157 1021 1199 instituimus.
1063 1161 1112 1199 de
1139 1174 1181 1199 re
1219 1160 1519 1212 pernecessaria,
1560 1160 1742 1200 nimirum
1770 1161 1820 1200 de
1846 1173 1945 1211 pace
1973 1159 2173 1199 Ecclesiae

242 1208 402 1260 dicturi,
429 1210 525 1248 haec
553 1222 703 1249 summa
726 1214 749 1249 a
776 1211 891 1250 nobis
920 1212 989 1251 fuit
1019 1214 1220 1264 proposita
1246 1214 1407 1253 instituti
1431 1213 1569 1253 nostri:
1598 1214 1758 1253 tandem
1773 1213 2174 1264 aliquandoapugnis

241 1263 276 1300 δε
312 1262 627 1302 contentionibus
656 1264 788 1303 absisti
816 1273 1022 1317 oportere,
1059 1269 1094 1305 ἃ
1123 1280 1261 1318 pacem
1289 1279 1390 1317 quae
1417 1268 1464 1306 sit
1488 1268 1702 1307 secundum
1732 1269 1860 1306 Deum
1888 1267 2107 1318 procurari,
2134 1275 2175 1304 vt

241 1317 386 1353 fructus
422 1315 521 1354 illius
555 1317 813 1367 amplissimos
852 1319 1180 1370 suauissimosque
1217 1324 1240 1359 a
1268 1323 1355 1360 Deo
1385 1321 1491 1372 pacis
1518 1332 1782 1371 assequamur.
1812 1322 1951 1371 Itaque
1979 1321 2172 1359 sermonis

239 1368 399 1407 instituti
427 1370 605 1408 ordinem
634 1378 929 1423 persequentes,
958 1375 1047 1412 cum
1076 1386 1123 1412 ex
1152 1375 1368 1424 Prophetae
1395 1375 1524 1414 verbis
1551 1375 1600 1413 de
1627 1374 1872 1424 procuranda
1887 1386 1984 1424 pace
2000 1376 2035 1412 &
2058 1374 2174 1411 rebus

238 1422 287 1460 ad
311 1434 398 1460 eam
426 1422 707 1472 pertinentibus
735 1424 773 1463 in
797 1427 993 1465 Psalmum
1021 1427 1317 1466 antecedentem
1347 1428 1577 1480 dixerimus;
1614 1439 1718 1466 nunc
1745 1427 1959 1467 videndum
1973 1427 2088 1465 nobis
2103 1433 2173 1470 est,

236 1481 278 1513 vt
319 1475 369 1512 de
410 1475 598 1515 fructibus
640 1477 739 1516 illius
776 1478 882 1528 pacis
911 1481 1084 1519 secundo
1115 1482 1206 1519 loco
1233 1482 1452 1520 adferamus
1481 1493 1581 1531 quae
1609 1480 1724 1520 nobis
1748 1483 1771 1518 a
1800 1480 1940 1531 Spiritu
1969 1486 2105 1519 sancto
2135 1479 2171 1517 in

236 1527 469 1566 breuissimo
505 1530 582 1568 hoc
624 1531 777 1569 Psalmo
806 1532 960 1570 fuerunt
988 1532 1142 1572 dictata.
1198 1535 1268 1573 Est
1297 1534 1399 1573 enim
1426 1534 1491 1572 hic
1519 1535 1694 1572 Psalmus
1718 1533 1915 1584 perbreuis
1943 1533 2100 1583 quidem
2134 1533 2172 1570 in

236 1581 407 1631 speciem
448 1581 657 1635 indiculus3
700 1584 769 1622 sed
811 1585 1068 1635 amplissimus
1106 1595 1358 1638 argumento,
1403 1587 1659 1638 spiritualium
1700 1589 1895 1625 fructuum
1923 1586 2023 1625 illius
2052 1585 2170 1636 pacis.

236 1645 354 1683 quam
389 1635 495 1673 Deus
535 1647 625 1674 cum
662 1637 837 1676 Ecclesia
864 1649 932 1677 sua
963 1641 1240 1691 communicat,
1270 1641 1525 1680 certissimam
1553 1640 1773 1679 doctrinam
1800 1638 2170 1679 conuenientissimo

234 1686 371 1725 ordine
399 1689 747 1738 comprehendens.
775 1691 1027 1742 Quapropter
1054 1693 1190 1744 etiam,
1220 1701 1260 1732 vt
1291 1695 1352 1744 alij
1382 1694 1532 1744 aliquot
1558 1693 1714 1744 Psalmi,
1733 1706 1833 1743 quos
1850 1692 1978 1744 prisca
1992 1692 2166 1730 Ecclesia

234 1740 328 1778 olim
366 1739 406 1779 in
448 1752 566 1780 vnum
594 1742 771 1782 ordinem
799 1745 980 1796 contulit,
1026 1746 1223 1785 Canticum
1252 1749 1562 1786 excellentiarum
1595 1747 1675 1785 siue
1705 1746 2075 1785 excellentissimum
2106 1757 2169 1795 ap*

234 1794 412 1843 pellatur.

284 1847 385 1885 Cum
420 1854 549 1886 autem
588 1849 637 1887 de
665 1850 739 1887 hac
766 1850 917 1889 Cantici
945 1851 1216 1904 inscriptione,
1249 1864 1349 1903 quae
1376 1853 1575 1903 Vtriusque
1604 1852 1747 1892 Psalmi
1774 1851 1993 1891 communis
2021 1858 2096 1902 est,
2126 1863 2169 1889 ea

231 1899 270 1937 in
298 1901 594 1940 antecedentem
623 1901 731 1941 illurn
758 1903 987 1952 dixerimus,
1017 1917 1116 1956 quae
1143 1906 1193 1944 ad
1221 1907 1334 1945 huius
1362 1906 1579 1958 argumenti
1607 1907 1862 1945 commodam
1878 1905 2168 1956 intelligentiam

231 1953 443 2004 pertinent,
466 1967 548 1992 non
575 1955 774 1994 statuimus
800 1956 866 1995 h‘ic
893 1965 1025 1997 actum
1051 1972 1165 2010 agere
1180 1961 1215 1998 &
1229 1961 1417 1999 lectorem
1431 1961 1470 1999 in
1487 1960 1627 1999 eodem
1643 1973 1738 1999 saxo
1752 1960 1946 1999 versando
1962 1970 2169 2008 occupare.

230 2007 279 2045 Id
305 2006 420 2045 nobis
449 2008 619 2047 futurum
647 2015 704 2047 est
731 2008 770 2047 in
797 2011 1014 2060 praesentia
1042 2012 1155 2050 satis:
1190 2020 1415 2064 auctorem,
1443 2016 1479 2052 δε
1508 2026 1589 2052 rem
1606 2043 1617 2063 ,
1645 2014 1680 2051 St
1714 2013 1877 2052 modum
1905 2015 2029 2062 aeque
2056 2010 2169 2050 nobis

228 2058 481 2110 inscriptione
507 2061 618 2099 huius
655 2062 795 2100 cantici
828 2070 945 2113 atque
969 2064 1233 2104 antecedentis
1259 2066 1529 2105 demonstrari.
1559 2068 1773 2105 Auctorem
1816 2068 1944 2105 Deum
1971 2078 2074 2115 esse,
2103 2065 2169 2113 qui

228 2112 354 2162 ipsum
382 2113 551 2164 dederit,
580 2127 648 2164 per
672 2114 866 2155 Dauidem
895 2117 1020 2156 virum
1047 2117 1122 2156 Dei
1149 2125 1281 2157 actum
1310 2119 1445 2169 spiritu
1474 2120 1590 2158 illius.
1618 2121 1720 2158 Rem
1749 2131 1849 2169 quae
1876 2118 1940 2158 hic
1964 2118 2169 2169 exponitur

227 2173 387 2204 auctore
415 2166 549 2217 spiritu
576 2166 764 2216 veritatis,
793 2181 877 2209 esse
904 2171 1081 2210 omnium
1109 2171 1496 2211 excellentissimam:
1536 2173 1704 2211 Modum
1733 2172 1903 2222 denique
1941 2184 2024 2210 esse
2045 2171 2164 2219 hunc,

226 2226 266 2256 vt
307 2219 644 2268 quemadmodum
684 2221 833 2261 ratione
873 2224 1195 2263 commodissima
1231 2225 1466 2275 perscriptus
1498 2233 1554 2265 est
1582 2226 1618 2263 δε
1647 2225 1811 2265 traditus
1841 2224 2040 2264 Ecclesiae
2068 2223 2167 2270 Dei,

225 2271 276 2309 ita
298 2271 413 2310 etiam
441 2272 652 2323 accipiatur
678 2275 728 2312 ab
756 2276 933 2314 Ecclesia
961 2277 1200 2327 singulisque
1222 2279 1406 2317 membris
1422 2279 1522 2318 illius
1539 2292 1548 2330 3
1566 2281 1601 2318 ἃ*
1616 2278 1828 2329 auditione,
1843 2279 2025 2325 lectione,
2042 2290 2166 2316 recor-

227 2324 401 2375 datione,
439 2333 555 2365 cantu
596 2327 657 2365 vel
694 2328 961 2368 modulatione
988 2332 1078 2369 cum
1106 2330 1311 2381 priuatim,
1345 2338 1428 2370 tum
1457 2331 1572 2370 etiam
1602 2331 1757 2382 publice
1783 2332 1980 2370 recolatur
2008 2337 2166 2381 propter

226 2377 502 2427 amplissimam
539 2379 619 2417 eius
656 2379 883 2430 dignitatem
921 2384 957 2421 δι
982 2383 1266 2423 certitudinem.
1298 2385 1406 2433 Quas
1434 2385 1484 2424 ad
1512 2398 1595 2434 res,
1632 2397 1714 2423 non
1743 2384 1832 2423 dico
1859 2383 1891 2423 si
1917 2383 1988 2423 viri
2012 2395 2166 2431 sumus,

225 2430 293 2468 sed
319 2431 444 2480 (quod
470 2433 634 2482 amplius
663 2435 734 2481 est)
762 2433 793 2472 si
820 2435 884 2484 filij
903 2435 977 2475 Dei
991 2447 1137 2487 sumus,
1152 2444 1309 2487 oportet
1323 2450 1396 2477 nos
1411 2451 1547 2477 omnes
1562 2449 1704 2477 neruos
1719 2438 2000 2487 facultatesque
2014 2443 2165 2475 nostras

225 2484 478 2533 contendere3
517 2493 556 2524 vt
598 2487 683 2524 Deo
725 2488 984 2537 obsequentes
1011 2490 1061 2528 ad
1090 2503 1150 2528 res
1177 2490 1519 2530 excellentissimas
1547 2491 1727 2541 religiose
1754 2490 1994 2541 aspiremus,
2022 2495 2165 2539 easque

223 2535 483 2575 indesinenter
523 2540 696 2577 colamus
733 2551 823 2578 cum
864 2541 1002 2580 animis
1027 2543 1186 2593 nostris,
1227 2549 1449 2593 reputantes
1476 2545 1710 2594 singularem
1739 2544 1813 2581 Dei
1847 2541 2162 2588 beneficentiam,

223 2588 290 2636 qui
330 2601 402 2627 nos
441 2590 491 2628 ad
519 2592 838 2632 excellentissima
867 2595 999 2633 onmia
1028 2602 1105 2634 tam
1133 2596 1302 2645 gratiose
1332 2605 1550 2647 prouocat,
1593 2598 1686 2636 dum
1716 2596 1883 2635 stadium
1916 2596 2028 2634 huius
2058 2597 2157 2635 vitae

223 2641 475 2681 decurrimus.

276 2694 429 2733 Omissa
468 2695 596 2746 itaque
623 2697 872 2748 inscriptione
898 2700 1048 2738 Cantici
1084 2701 1219 2752 huius,
1257 2702 1306 2740 de
1349 2703 1475 2741 verbis
1504 2705 1540 2741 Sc
1568 2709 1804 2754 argumento
1833 2701 1934 2740 illius
1960 2700 2161 2752 speciatim

221 2747 334 2785 nobis
364 2748 571 2787 videndum
598 2758 666 2788 est.
696 2751 820 2801 Finis,
849 2764 963 2801 quem
996 2755 1188 2803 Propheta
1218 2756 1420 2805 spectauit,
1448 2758 1537 2794 cnm
1568 2757 1644 2794 hoc
1671 2756 1867 2793 canticum
1884 2757 1979 2793 Deo
1998 2761 2160 2793 auctore

2005 2821 2166 2858 persen»
