2334 3020
272 136 348 181 308
881 140 1094 166 russas
1137 139 1574 166 TflaorlonAa.

270 249 429 299 quidem
465 254 522 284 est
561 245 633 283 Dei
669 244 808 284 veritas
845 244 1122 282 immutabilis:
1166 251 1325 282 externa
1355 248 1471 294 vero,
1514 245 1702 294 scriptura
1730 258 1862 294 sacra,
1905 245 2076 283 internae
2104 245 2206 283 illius

270 305 418 341 formae
448 299 671 348 symbolum
700 297 991 347 integerrimum
1020 298 1055 334 ἃ
1085 297 1430 335 absolutissimum.

324 364 360 403 5.
415 352 503 390 Fuit
541 350 699 400 quidem
737 351 874 388 Canon
912 349 1053 399 triplex
1088 349 1127 387 in
1165 349 1341 387 Ecclesia
1368 351 1419 388 ad
1446 351 1524 389 hoc
1553 363 1675 400 usque
1703 357 1878 399 temous:
1923 362 2020 388 unus
2050 350 2204 389 diuinus

269 406 425 457 proprie
455 407 490 443 ἃ
518 417 627 442 sacer
654 404 896 452 appellatus:
938 405 1036 440 alter
1072 402 1393 451 Ecclesiasticus,
1414 403 1489 468 qui
1524 403 1617 441 item
1647 403 1801 441 diuinus
1830 404 1865 440 &
1894 416 2004 441 sacer
2032 405 2203 453 quadam

269 458 459 498 abusione
488 457 639 495 dictus:
668 455 803 494 tertius
830 457 960 494 falsus.
1002 456 1080 493 Sed
1108 468 1181 493 nos
1212 456 1261 493 de
1291 455 1446 504 proprie
1475 456 1609 495 diuino
1638 456 1872 494 instituimus
1902 455 2044 494 dicere.

322 514 356 549 6.
414 512 590 548 DIVINUS
619 521 748 547 canon
781 521 822 547 re
853 510 888 546 &
918 507 1068 546 ratione
1097 520 1195 546 vnus
1224 515 1300 558 651,
1344 508 1382 546 id
1411 515 1493 558 651,
1534 517 1763 559 argumento
1802 510 1837 546 &
1866 509 2078 547 substantia
2109 521 2202 547 sua:

268 579 313 603 ac
342 563 508 614 proinde
540 562 636 600 nihil
662 561 701 599 in
730 574 778 600 eo
806 560 920 611 addi,
949 560 1118 611 detrahi,
1146 567 1212 599 aut
1239 561 1379 599 mutari
1407 569 1547 611 potest.

320 629 355 666 7.
409 616 555 654 Modus
593 618 686 653 vero
720 614 820 652 illius
855 613 1133 663 sapientissime
1167 614 1218 652 ad
1254 614 1536 653 institutionem
1578 614 1978 663 commoditatemque
2008 615 2203 653 Ecclesiae

266 669 451 708 variauit:
482 680 585 706 nunc
614 675 840 717 perpetuam
867 667 1137 706 auctoritatem
1165 666 1376 717 scripturae
1400 681 1529 705 canon
1558 667 1653 705 citra
1678 667 1934 706 mutationem
1961 667 2123 706 obtinet.

322 726 357 760 8.
413 721 583 759 Primum
606 720 709 759 enim
734 719 827 769 varij
852 726 941 758 sunt
966 720 1168 758 doctrinae
1193 720 1416 758 Canonicae
1439 720 1536 770 1061,
1561 721 1789 770 auctoritas
1813 721 1931 770 ratio,
1955 723 1989 760 &
2016 722 2195 770 exempla

269 775 477 814 historica:
509 786 608 823 quae
636 773 708 811 tria
735 772 958 811 hominibus
982 772 1172 812 docendis
1201 773 1237 810 &
1264 773 1521 812 informandis
1550 773 1735 812 seruiunt.

319 842 356 878 9.
413 827 617 876 Secundo,
646 826 752 864 varia
777 826 980 864 doctrinae
1007 827 1157 864 forma:
1187 825 1371 875 simplex
1401 827 1553 877 typica,
1581 825 1805 886 allegorica.

322 895 381 919 10.
437 879 591 929 Tertio,
634 878 813 917 tradendi
842 878 1006 916 modus:
1037 892 1128 917 nam
1156 878 1228 916 alia
1256 881 1362 917 Deus
1391 856 1616 917 immediate
1645 879 1727 928 ipse
1756 879 2002 929 consignauit
2033 879 2203 929 sci,ipto

270 941 363 984 puta
392 934 658 982 Decalogum:
689 931 763 969 alia
792 931 961 970 mediate
989 945 1058 981 per
1087 943 1220 970 seruos
1249 944 1339 970 suos
1368 933 1548 982 publicos
1579 934 1613 971 &
1641 932 1814 970 notarios
1844 933 2042 971 Ecclesiae
2071 933 2198 970 datos.

326 999 383 1024 11.
439 988 569 1035 Atqu)
591 986 663 1023 hae
687 984 847 1034 quidem
871 984 1075 1023 varietates
1097 986 1314 1023 secundum
1338 993 1466 1034 partes
1491 986 1705 1035 scripturae
1729 999 1883 1036 536136,
1913 985 1952 1024 id
1976 993 2053 1034 651,
2083 985 2206 1023 libros

269 1042 304 1078 &
333 1046 464 1089 partes
493 1039 683 1076 librorum
716 1037 816 1082 eius,
847 1037 959 1076 facile
987 1037 1025 1075 in
1053 1051 1099 1076 ea
1128 1039 1396 1076 obseruantur.

327 1106 384 1130 12.
442 1093 543 1130 Nam
582 1091 654 1128 etsi
692 1103 828 1128 omnes
858 1090 1060 1128 doctrinae
1087 1090 1166 1128 loci
1193 1091 1229 1129 in
1260 1091 1453 1141 plerisque
1483 1098 1656 1129 exstant:
1699 1092 1738 1129 in
1766 1094 1852 1142 lege
1881 1099 2011 1129 tamen
2040 1090 2205 1129 auctori-

268 1146 356 1184 tatis
370 1175 380 1194 ,
409 1145 447 1182 111
464 1143 681 1194 prouerbiis
696 1142 876 1194 rationis,
904 1143 944 1181 in
959 1143 1127 1182 historiis
1143 1144 1309 1194 denique
1325 1146 1594 1194 exemplorum
1611 1145 1849 1183 documenta
1864 1145 2009 1194 fulgent
2027 1146 2068 1192 (f.
2089 1145 2203 1192 1768)

268 1197 590 1236 luculentissima.

328 1265 387 1300 13.
445 1249 669 1300 Simplicem
693 1261 851 1299 quoque
876 1249 1078 1288 doctrinae
1102 1251 1270 1288 formam
1294 1250 1491 1300 Vtriusque
1513 1250 1753 1288 Testamenti
1775 1250 1982 1289 historiae:
2012 1249 2202 1300 typicam,

274 1317 363 1354 pars
394 1303 513 1353 legis:
544 1302 795 1352 allegoricam
822 1303 1040 1352 Prophetae
1067 1316 1147 1341 non
1177 1306 1265 1341 raro
1293 1305 1563 1342 obseruarunt.

333 1371 391 1404 14.
448 1355 591 1394 Modus
618 1362 749 1393 autem
776 1355 815 1392 in
843 1356 1036 1394 tradendo
1066 1356 1275 1404 scripturae
1304 1369 1455 1394 canone
1485 1357 1701 1394 secundum
1729 1363 1908 1405 tempora
1935 1355 2133 1394 Ecclesiae
2163 1357 2197 1393 δι

274 1423 462 1459 personas
498 1408 684 1446 variauit:
726 1408 903 1457 quamuis
942 1409 1132 1458 principio
1170 1411 1374 1459 formaque
1404 1409 1554 1447 interna
1581 1409 1768 1458 canonis,
1798 1409 1838 1447 id
1866 1417 1946 1458 651,
1977 1410 2099 1446 verbo
2132 1409 2203 1446 Dei

274 1461 508 1500 immutabili
535 1469 799 1511 permanente.

331 1527 389 1565 15.
446 1517 506 1552 Ac
531 1515 700 1564 primilm
730 1514 889 1563 quidem
917 1516 994 1552 hoc
1024 1515 1257 1565 principium
1287 1515 1447 1554 canonis
1476 1514 1695 1553 viueutibus
1724 1514 1830 1552 libris
1854 1515 2082 1564 inscriptum
2105 1521 2206 1561 erat5¹

272 1575 483 1617 antequam
512 1567 699 1618 scriptura
727 1567 926 1615 existeret,
955 1568 995 1605 id
1019 1576 1096 1615 651,
1126 1568 1164 1605 111
1188 1576 1414 1606 sanctorum
1439 1569 1747 1606 Patriarcharum
1774 1567 1980 1606 mentibus.
2023 1566 2078 1604 Hi
2103 1567 2204 1604 enim

269 1628 454 1670 tanquam
476 1620 564 1658 libri
588 1620 759 1658 diuturni
781 1620 820 1657 in
844 1621 1018 1658 Ecclesia
1043 1622 1312 1667 versabanturq
1344 1624 1378 1660 &
1399 1635 1467 1671 per
1492 1621 1640 1670 aliquot
1663 1621 1793 1659 secula
1815 1621 2068 1659 instituebant
2092 1632 2201 1658 suos:

267 1687 313 1712 ac
342 1682 550 1723 propterea
577 1673 882 1723 longaeuitatem
913 1673 965 1711 eis
995 1674 1241 1723 prouidentia
1270 1673 1338 1711 sua
1366 1674 1539 1712 attribuit
1568 1675 1685 1712 Deus.

326 1728 380 1764 16¹
439 1728 697 1776 Posteaquam
735 1730 826 1764 vero
866 1727 1062 1765 Israelitae
1090 1728 1237 1764 faecem
1269 1727 1430 1776 AEgypti
1459 1729 1670 1765 hauserunt
1705 1726 1873 1764 veritatis
1904 1725 2058 1764 diuinae
2088 1727 2202 1762 loco:

266 1786 349 1817 tum
379 1779 589 1828 scripturae
614 1779 937 1825 instrumentum„
968 1781 1072 1817 velut
1095 1780 1254 1817 canonis
1281 1780 1472 1830 indicem7
1500 1780 1550 1818 ad
1575 1780 1822 1818 asserendam
1849 1779 2048 1817 veritatem
2074 1792 2205 1824 suam„

265 1832 375 1882 quasi
405 1840 586 1870 externae
615 1833 764 1869 formae
794 1832 1074 1871 constitutione
1103 1833 1274 1882 quadam
1302 1833 1480 1871 adhibuit
1509 1836 1544 1871 &
1571 1832 1827 1871 sanctificauit
1855 1834 1976 1870 Deus.

326 1897 385 1933 17.
441 1887 555 1923 Haec
584 1885 713 1934 itaque
741 1885 930 1934 scriptura
958 1885 1147 1923 canonica
1175 1898 1254 1922 non
1282 1898 1329 1923 eo
1362 1887 1487 1924 solum
1517 1893 1573 1923 est
1602 1885 1821 1934 diciturque
1851 1884 2064 1934 canonica,
2095 1884 2204 1933 quod

264 1939 391 1975 forma
413 1946 571 1976 externa
594 1943 853 1987 expressaque
878 1945 934 1976 est
958 1938 1167 1984 6311011163,
1197 1939 1429 1983 essentialisq
1459 1939 1497 1976 id
1523 1945 1595 1982 651,
1627 1938 1755 1977 verbis
1783 1938 1974 1976 veritatis:
2003 1938 2070 1976 sed
2087 1937 2203 1975 etiam

263 2004 310 2029 eo
339 1992 448 2040 quod
475 1993 498 2028 a
528 1993 614 2028 Deo
642 1991 805 2038 tradita„
835 1991 1044 2041 imperata,
1074 1994 1109 2030 &
1138 1991 1378 2029 sanctificata
1405 1999 1483 2041 651,
1520 1999 1560 2028 vt
1589 1991 1635 2029 sit
1664 1992 1777 2029 nobis
1803 1992 1842 2029 in
1861 1991 2038 2028 Ecclesia
2053 2004 2198 2028 canon.

324 2047 382 2081 18.
439 2046 499 2082 Ac
542 2043 708 2093 proinde
746 2044 924 2092 quamvis
965 2044 1125 2093 aliquod
1168 2044 1354 2094 scriptum
1396 2045 1501 2082 aliud
1537 2045 1711 2093 daretur7
1754 2053 1819 2083 aut
1847 2045 1886 2082 in
1918 2046 1995 2082 hoc
2024 2051 2200 2093 tempore

264 2097 462 2143 existeretq
506 2109 594 2135 cum
637 2109 731 2134 vero
774 2110 924 2135 canone
966 2097 1074 2135 omni
1115 2110 1162 2135 ex
1204 2106 1312 2146 parte
1355 2098 1564 2148 ἀνάλογονῑ
1607 2096 1647 2135 id
1676 2104 1807 2135 tamen
1837 2098 1941 2135 nulla
1969 2096 2202 2134 auctoritate

265 2151 436 2187 humana
466 2162 596 2187 canon
624 2157 690 2188 aut
720 2149 965 2188 Canonicum
994 2150 1117 2199 effici7
1146 2157 1211 2188 aut
1241 2163 1346 2200 6556,
1376 2157 1441 2187 3111
1470 2150 1547 2187 dici
1577 2158 1720 2199 posset.

326 2216 381 2251 19.
438 2204 566 2240 vas
596 2202 757 2240 canonis
786 2210 914 2252 partes
942 2204 1157 2241 secundum
1185 2203 1248 2241 illa
1278 2204 1357 2241 duo
1380 2203 1578 2241 Ecclesiae
1603 2211 1801 2252 tempora7
1830 2202 1971 2240 veteris
1995 2203 2030 2239 81
2056 2214 2206 2251 1101136,

267 2255 305 2293 in
334 2255 454 2293 libros
484 2255 725 2293 Testamenti
752 2255 892 2293 veteris
921 2257 956 2294 &
984 2255 1077 2294 noui
1101 2256 1384 2305 distinguimus.

319 2322 378 2346 20.
434 2310 558 2346 Vetus
588 2321 715 2346 canon
746 2316 823 2356 est„
855 2320 973 2358 quem
1002 2309 1128 2359 prisca
1156 2309 1392 2347 Iudaeorum
1423 2309 1599 2346 Ecclesia
1631 2308 1817 2346 diuinitus
1846 2314 2054 2357 acceptum
2082 2307 2203 2357 impe-

264 2367 468 2410 ratumque
498 2361 688 2406 seruauit„
717 2362 859 2412 coluit,
889 2362 924 2399 &
953 2363 1117 2411 posteris
1154 2375 1221 2411 per
1252 2374 1388 2400 manus
1418 2361 1577 2399 tradidit
1607 2362 1825 2399 secundum
1854 2363 2006 2399 Deum:
2048 2362 2206 2410 Nouus,

263 2425 381 2462 quem
409 2413 628 2452 Christiana
656 2414 835 2452 Ecclesia
863 2414 1029 2464 amplius
1059 2415 1194 2453 habuit
1223 2414 1314 2453 inde
1341 2417 1364 2452 a
1388 2413 1531 2453 Christi
1557 2416 1923 2464 Apostolorumque
1947 2412 2204 2462 temporibus.

319 2480 377 2505 21.
433 2469 480 2504 IN
508 2474 638 2505 vetere
667 2478 819 2505 canone
848 2467 991 2516 duplex
1020 2476 1075 2506 est
1103 2468 1316 2517 scripturae
1344 2479 1486 2517 genus,
1516 2475 1556 2505 vt
1585 2475 1674 2506 ante
1703 2467 1895 2506 diximus:
1928 2478 2066 2516 vnum,
2096 2466 2204 2515 quod

262 2519 370 2557 Deus
399 2519 481 2568 ipse
506 2519 729 2558 immediate
758 2520 950 2565 exarauit‚
981 2528 1074 2569 puta
1096 2522 1337 2570 Decalogus:
1353 2522 1539 2569 alterum,
1556 2521 1665 2569 quod
1682 2520 1849 2558 mediate
1865 2532 1933 2569 per
1951 2530 2083 2557 seruos
2100 2531 2206 2557 suos.

321 2585 380 2610 22.
438 2574 554 2610 Hanc
582 2576 693 2620 vero„
723 2580 762 2610 vt
793 2581 891 2610 esset
926 2573 1126 2612 Ecclesiae
1154 2587 1304 2619 6311011,
1333 2573 1586 2611 sanctificauit
1602 2574 1710 2610 Deus
1727 2573 1868 2622 partim
1884 2571 2206 2621 communi7par-

263 2623 409 2673 timque
437 2625 621 2674 singulari
650 2627 790 2663 modo:
822 2637 920 2675 quos
950 2627 1091 2665 modos
1118 2627 1169 2664 ad
1198 2626 1521 2664 commoditatem
1555 2626 1691 2675 ῧςερον
1715 2630 1898 2676 πρότερον
1914 2636 2203 2674 persequemur.

323 2690 382 2726 23.
439 2678 647 2727 Singularis
678 2679 817 2716 modus
845 2678 883 2715 in
912 2692 1062 2717 canone
1091 2680 1320 2728 imperando
1349 2681 1383 2717 &
1412 2678 1695 2716 sanctificando
1722 2677 1791 2715 fuit
1815 2678 1907 2716 olim
1924 2678 2088 2727 duplex:
2108 2689 2202 2715 vnus

265 2736 371 2767 extra
400 2730 598 2778 ordinem,
630 2732 725 2769 alter
752 2732 984 2769 ordinarius.

322 2795 380 2830 24.
439 2784 556 2821 Extra
583 2783 761 2821 ordinem
790 2785 895 2822 Deus
924 2796 1013 2821 cum
1043 2786 1156 2822 Mose
1185 2796 1274 2823 vsus
1304 2792 1360 2823 est
1393 2783 1577 2833 singulari
1606 2783 1728 2820 modo
1757 2782 1996 2833 praesentiae
2026 2794 2133 2829 suae„
2164 2784 2198 2820 ἃ*

1957 2833 2180 2884 aspectabili
2193 2850 2198 2871 :
