2334 3020
790 114 1007 142 'russas
1050 112 1479 141 THEOLOGICAE.
2029 113 2098 149 297

162 238 231 276 per
259 238 394 264 seruos
416 223 510 274 Dei,
538 223 708 262 dictante
736 223 771 260 δε
800 229 1008 273 praeeunte
1035 221 1179 272 Spiritu
1207 221 1328 271 illius,
1356 227 1555 269 tamquam
1584 218 1778 257 actuarios
1806 220 1866 257 vel
1892 218 2104 258 tabularios

163 279 343 330 publicos
372 278 447 317 Dei
476 280 511 316 δι
539 276 762 325 Ecclesiae,
795 282 852 314 est
882 275 1035 325 scriptis
1062 275 1347 324 consignatum.

221 344 278 383 15.
336 334 448 370 Haec
478 338 608 369 autem
637 328 772 367 onmia
797 331 821 367 a
844 341 883 367 se
911 329 1090 378 profecta
1126 340 1210 366 esse
1241 329 1348 366 Deus
1376 325 1599 365 certissimis
1628 324 1964 364 testificationibus
1993 337 2099 364 com-

161 384 367 436 probauit,
395 383 536 435 partim
564 381 789 431 ordinariis,
819 386 1039 432 partimque
1067 380 1395 419 extraordinariis.

220 440 276 477 16.
332 437 677 476 Eaetraordinaria
720 435 1013 485 singularesque
1054 435 1336 484 testificationes
1376 434 1436 471 vel
1472 432 1582 483 signa
1625 431 1746 470 dufim
1775 438 1865 470 sunt
1893 442 2102 481 generum:

162 491 260 529 aliae
289 490 393 529 enim
421 497 511 528 sunt
540 492 644 528 mere
674 488 933 537 symbolicae,
962 488 1059 526 aliae
1089 488 1205 525 etiam
1235 486 1488 537 energeticae.

222 556 280 593 17.
336 545 569 589 symbolicae
596 544 752 580 fuerunt
782 554 869 589 eae,
899 541 1040 591 quibus
1055 541 1306 579 solummodo
1323 538 1580 590 praesentiam
1597 550 1706 577 suam
1721 536 1971 576 confirmauit
1986 538 2107 587 Deus,

164 605 205 637 vt
237 598 358 636 verbo
387 598 598 635 haberetur
625 596 745 646 fides,
773 596 808 633 δε
839 594 911 633 sibi
939 594 1168 633 reuerentia.
1197 596 1255 632 Ita
1285 595 1354 632 fuit
1384 594 1504 631 rubus
1532 592 1685 630 ardens.
1718 592 1842 629 Exod.
1873 603 1910 640 3.

221 652 279 689 18.
333 651 569 698 Energetica
604 651 717 698 vero,
754 660 876 698 quum
911 656 976 686 aut
1013 647 1192 685 homines
1220 647 1326 697 ipsos
1355 645 1484 685 affecit
1511 652 1663 684 exserta
1689 644 1728 682 in
1757 643 1850 694 ipsis
1879 642 2108 694 operatione

163 715 252 754 sua,
281 710 347 741 aut
376 715 436 741 res
466 702 583 741 etiam
610 702 704 740 alias
732 701 937 740 hominum
975 701 1150 751 ipsorum
1178 712 1316 751 causa,
1358 699 1622 750 propinquas,
1657 697 1915 748 longinquas,
1943 696 2109 735 omneis.

162 759 219 795 Ita
247 758 401 795 fuerunt
431 756 673 806 curationes,
702 756 876 806 flagella,
905 761 1183 803 terraemotus,
1212 754 1312 792 Solis
1341 756 1375 792 &
1400 754 1535 791 Lunae
1564 751 1750 790 stationes
1768 749 2109 801 retrogressiones-

163 822 263 861 que,
292 810 497 858 tenebrae,
539 812 573 848 ἃ
603 808 742 848 similia
771 809 895 846 multa
921 809 1024 846 facta
1053 806 1091 845 in
1118 806 1314 845 euidentia
1349 806 1532 856 Spiritus,
1570 806 1605 843 &
1633 804 1836 855 designata
1864 803 1903 841 in
1933 802 2110 842 omnium

164 862 288 902 oculis
316 862 600 913 potentissime.
629 864 756 900 Marc.
791 863 850 899 16.
882 874 943 912 29.
972 861 1120 899 Mattlc.
1153 872 1212 909 27.
1243 871 1307 910 45.
1337 861 1387 898 ὢν
1413 870 1474 909 51.

222 929 280 966 19.
342 916 584 954 Ordinarz'ae
610 914 902 954 testificationes
930 914 1027 952 aliae
1058 913 1173 952 certis
1201 912 1444 964 temporibus
1474 912 1609 962 datae,
1633 911 1732 950 aliae
1745 910 1795 948 ad
1810 910 2111 961 perpetuitatem

164 972 188 1008 a
216 970 304 1008 Deo
333 968 531 1007 institutae
560 975 660 1007 sunt.

219 1035 280 1061 20.
335 1022 400 1060 Ad
442 1022 742 1072 perpetuitatem
784 1027 874 1059 sunt
916 1027 1012 1059 tres:
1054 1032 1130 1058 vna
1168 1030 1288 1068 quam
1315 1020 1424 1057 Deus
1453 1018 1556 1056 intus
1585 1018 1764 1068 exhibet,
1792 1016 1957 1067 Spiritus
1986 1016 2111 1054 sancti

163 1075 391 1114 affirmatio:
433 1076 572 1124 altera,
614 1087 733 1125 quam
766 1074 859 1113 foris
902 1073 1060 1113 exhibet
1102 1073 1241 1123 nobis,
1282 1072 1467 1110 nimirum
1506 1078 1691 1121 euentus,
1733 1082 1814 1120 quo
1842 1070 1959 1108 fidem
2002 1081 2112 1108 suam

162 1128 380 1179 Dominus,
408 1128 448 1166 id
477 1136 555 1179 est,
586 1128 784 1167 dictorum
814 1129 1089 1176 factorumque
1118 1125 1431 1164 constantiam&
1448 1123 1649 1163 veritatem
1664 1124 1819 1163 asserit:
1842 1123 2113 1174 tertia,quam

162 1185 186 1221 a
214 1182 329 1221 nobis
368 1182 535 1232 imperat
577 1180 772 1232 exhiberi,
811 1193 956 1231 nempe
998 1187 1134 1218 sancta
1162 1179 1366 1218 Ecclesiae
1409 1177 1621 1229 professio,
1663 1177 1832 1227 denique
1861 1184 1945 1215 tum
1975 1189 2113 1215 omnes

167 1235 342 1274 actiones
383 1241 540 1274 sanctae
581 1235 620 1273 in
650 1233 850 1273 Ecclesiae
879 1233 1150 1273 obseruandae
1178 1246 1227 1272 ex
1254 1231 1498 1284 praescripto
1526 1230 1608 1269 eius
1623 1261 1633 1281 ,
1662 1237 1746 1269 tum
1774 1229 2047 1281 perpessiones
2074 1229 2113 1267 in

164 1288 353 1328 membris
379 1288 494 1327 illius.

219 1355 281 1381 21.
335 1344 396 1381 Ac
425 1354 565 1380 omnes
593 1341 754 1391 quidem
782 1341 855 1379 hae
881 1339 1202 1379 testificationum
1224 1339 1374 1390 species
1391 1337 1505 1376 simul
1520 1344 1921 1387 concurrerunt,quo
1936 1343 2115 1386 tempore

163 1396 272 1434 Deus
300 1397 449 1446 Legem
478 1396 628 1445 populo
657 1406 729 1434 suo
757 1393 937 1445 tradidit,
966 1395 1002 1432 &
1030 1394 1187 1431 Mosem
1215 1394 1365 1444 populo
1394 1404 1475 1430 non
1506 1392 1634 1429 solilm
1666 1397 1885 1440 annuente,
1914 1389 1982 1428 sed
1999 1389 2116 1428 etiam

166 1448 384 1500 flagitante,
425 1447 627 1499 publicum
670 1460 755 1486 esse
795 1446 1030 1486 tabularium
1082 1445 1205 1485 voluit
1245 1448 1281 1486 &
1323 1456 1578 1485 communem
1617 1444 1925 1483 interuentorem
1965 1454 2037 1482 suo
2081 1445 2116 1482 &

172 1501 374 1541 Ecclesiae
401 1501 574 1541 nomine.
603 1502 734 1540 Eaeod.
762 1514 821 1551 19.
852 1501 903 1539 ἐφ’
933 1514 994 1539 2ο.

222 1568 282 1594 22.
340 1556 454 1605 Quae
482 1567 543 1593 res
571 1554 734 1593 omnino
762 1553 836 1592 fuit
863 1552 1102 1604 necessaria,
1130 1559 1172 1591 vt
1200 1552 1316 1604 Legis
1344 1555 1367 1591 a
1395 1553 1510 1591 Mose
1538 1550 1807 1601 praesentibus
1835 1549 2009 1601 partibus
2024 1562 2116 1588 con-

165 1608 332 1659 scriptae
360 1607 574 1648 sanciretur
603 1607 643 1646 in
670 1607 940 1659 posteritatem
954 1606 1163 1658 autoritas,
1191 1607 1227 1644 &
1242 1605 1464 1645 communis
1479 1617 1608 1644 canon
1624 1615 1850 1644 sermonum
1867 1603 2118 1653 scriptorum-

168 1673 246 1712 que
278 1661 457 1701 omnium
485 1661 672 1712 deinceps
699 1660 892 1700 existeret.

224 1728 285 1764 ²3·
343 1714 607 1765 Sequentibus
644 1717 738 1754 vero
780 1713 1025 1765 temporibus
1071 1714 1123 1752 ad
1165 1712 1484 1764 deportationem
1535 1723 1659 1761 vsque
1698 1710 2001 1761 Babylonicam,
2041 1709 2116 1748 hae

167 1768 459 1808 testificationes
503 1768 731 1807 exstiterunt
767 1780 859 1806 arca
894 1767 970 1806 Dei
1005 1769 1040 1806 δι
1076 1767 1202 1805 nubes
1244 1780 1293 1805 ex
1335 1778 1412 1817 qua
1456 1766 1576 1804 dabat
1604 1777 1792 1814 responsa
1820 1765 1945 1814 Deus,
1973 1763 2119 1813 Ephod

168 1834 258 1860 cum
288 1822 401 1860 Vrim
430 1823 467 1860 &
495 1821 747 1873 Thummim,
775 1820 931 1871 Legalis
959 1833 1109 1871 canon,
1138 1822 1173 1858 &
1203 1821 1381 1858 Examen
1410 1819 1588 1869 Synedrij
1614 1816 1881 1856 Ecclesiastici
1911 1830 1958 1855 ex
1986 1817 2118 1855 Sacer-

168 1875 327 1913 dotibus
356 1876 392 1913 &
421 1875 626 1925 Prophetis
655 1874 879 1913 constituti:
919 1873 1062 1924 quibus
1099 1873 1228 1912 modis
1257 1874 1424 1924 probata
1452 1874 1487 1911 δε
1516 1872 1736 1923 approbata
1772 1878 1862 1909 sunt
1888 1881 2121 1920 quaecumq.

168 1927 348 1967 homines
377 1928 452 1967 Dei
480 1928 609 1968 verbis
637 1927 740 1966 illius
766 1927 949 1966 dixerunt
963 1927 1301 1979 scripseruntque,
1331 1926 1421 1966 &in
1437 1927 1662 1965 thesaurum
1678 1923 1878 1963 Ecclesiae
1891 1923 2121 1973 importata,

171 1982 279 2020 velut
307 1981 450 2020 canoni
478 1993 549 2020 suo
576 1981 864 2021 conuenientia.

225 2048 287 2082 24.
344 2036 422 2074 Sed
450 2046 572 2085 quum
601 2035 693 2073 inde
721 2036 744 2073 a
772 2041 952 2085 tempore
980 2033 1264 2084 deportationis
1293 2035 1446 2073 sublata
1461 2045 1572 2081 arca,
1600 2031 1666 2070 illa
1681 2030 1758 2069 Dei
1778 2030 1903 2082 gloria
1917 2028 2122 2080 abluisset,

169 2089 279 2137 quod
320 2089 527 2128 Iechezkel
569 2089 892 2139 prophetauerat,
930 2100 965 2127 c.
1010 2101 1070 2126 11.
1107 2088 1142 2125 &
1183 2088 1292 2138 signa
1321 2086 1432 2125 Vrim
1471 2087 1507 2124 &
1536 2083 1765 2123 Thummim
1805 2083 2031 2134 periissent,
2057 2082 2123 2120 illa

169 2141 366 2180 ordinaria
409 2142 490 2181 duo
518 2148 837 2192 permanserunt:
867 2153 996 2179 canon
1025 2140 1165 2191 Legis,
1193 2147 1380 2190 tanquam
1410 2138 1578 2178 foederis
1607 2137 1821 2176 authentici
1847 2150 1895 2176 ex
1925 2147 2122 2175 consensu

172 2195 340 2244 partium
370 2194 593 2246 perscripti,
622 2194 833 2245 Prophetia
861 2195 904 2243 (f.
937 2195 1054 2245 1759)
1081 2197 1248 2244 rumque
1275 2207 1323 2233 ex
1345 2192 1570 2233 testimonio
1593 2191 1670 2229 Dei
1695 2191 1730 2228 &
1753 2190 1869 2241 Legis
1893 2189 1931 2227 in
1946 2189 2123 2228 Ecclesia

171 2255 441 2300 receptarum,
470 2250 506 2287 &
533 2248 749 2299 legitimum
778 2261 942 2286 examen
972 2246 1168 2298 Synedrij,
1197 2260 1298 2298 quae
1325 2246 1418 2285 iuris
1445 2247 1618 2294 fuerunt,
1648 2255 1739 2282 cum
1766 2245 1992 2294 legegquae
2011 2242 2122 2292 facti,

171 2313 262 2339 cum
298 2301 461 2341 veritate
500 2303 537 2340 &
573 2303 869 2352 complemento
908 2313 980 2339 suo
1010 2301 1298 2351 comparantis,
1335 2300 1524 2352 signaque
1553 2298 1738 2337 adiuncta
1766 2311 1813 2337 ex
1840 2296 1978 2336 iisdem
2007 2297 2123 2334 rebus

171 2353 421 2394 diiudicantis
449 2356 667 2394 secundum
696 2356 857 2405 Legem.
885 2356 1006 2393 Dent.
1039 2367 1097 2403 13.
1132 2367 1164 2392 1.

231 2418 291 2457 25.
347 2408 423 2448 His
447 2408 563 2460 igitur
591 2407 721 2447 modis
755 2408 899 2458 scripta
929 2421 1038 2446 sacra
1053 2414 1144 2458 post
1158 2405 1589 2458 deportationem,siue
1603 2404 1839 2455 perscripta,
1861 2403 1943 2442 siue
1959 2403 2123 2441 collecta

171 2461 316 2499 suerint
343 2475 391 2501 ex
419 2475 468 2501 eo
493 2469 693 2513 ternpore,
722 2462 962 2512 examinata,
990 2461 1179 2511 probata,
1207 2473 1280 2510 pro
1301 2458 1534 2499 authenticis
1547 2458 1890 2509 habita,&penes
1904 2455 2122 2495 Ecclesiam

173 2515 332 2553 fuerunt
361 2516 566 2566 deposita,
594 2522 636 2554 vt
662 2515 701 2553 in
730 2522 965 2565 perpetuum
995 2514 1074 2552 vim
1103 2513 1367 2552 authenticam
1395 2512 1628 2552 obtinerent.
1680 2547 1684 2549 ,

230 2568 291 2606 26.
346 2570 390 2606 In
420 2575 645 2619 temporum
674 2575 806 2607 autem
834 2567 1096 2618 plenitudine,
1125 2566 1207 2606 siue
1237 2567 1297 2605 his
1324 2565 1569 2617 temporibus
1597 2564 1742 2603 vltimis
1764 2566 1874 2603 Deus
1900 2576 1971 2614 per
1984 2561 2125 2600 Filium

172 2633 246 2659 nos
275 2622 501 2671 alloquutus
543 2628 602 2661 est
643 2621 766 2672 gratia
795 2622 831 2659 &
859 2621 1020 2660 veritate
1048 2621 1230 2671 plenum,
1259 2621 1310 2658 de
1338 2632 1418 2670 quo
1447 2618 1722 2658 antecedentes
1751 2619 1973 2668 Scripturae
2000 2615 2124 2665 perhi-

173 2675 342 2713 buerant
371 2675 660 2724 testimonium,
689 2675 725 2712 δι
753 2674 817 2713 ille
845 2673 1170 2713 antecedentibus
1197 2672 1368 2712 vicissim
1397 2672 1624 2712 testificatus
1651 2679 1721 2710 est.
1750 2673 1855 2710 Heb.
1875 2684 1908 2710 1.
1929 2671 1990 2708 Io.
2013 2682 2045 2708 1.
2067 2681 2126 2715 14.

173 2729 262 2766 Act.
294 2740 331 2777 3.
365 2731 425 2766 18.
457 2730 508 2767 ἐφ’
537 2742 613 2779 seq.
643 2729 693 2766 (ἓν
725 2741 784 2766 10.
808 2741 873 2778 43.
900 2729 961 2766 Io.
993 2738 1028 2777 5.
1057 2740 1122 2777 39.

229 2792 290 2829 27.
348 2783 409 2819 Ac
443 2781 527 2831 Filij
557 2781 717 2831 quidem
747 2794 876 2820 sermo
905 2788 964 2819 est
992 2793 1121 2819 canon
1150 2779 1373 2830 Scripturae
1402 2779 1520 2819 totius
1550 2778 1585 2816 δι
1614 2784 1770 2816 nostrae
1796 2773 2129 2816 fideiconstantis-

1122 2835 1172 2882 38
1988 2828 2126 2866 simus:
