2334 3020
834 126 1099 153 κιαι-,11101
1142 124 1282 152 PARS
1324 119 1377 152 11.
1998 115 2071 161 487

140 241 279 286 putore
308 235 488 285 sentitur,
518 236 635 283 quam
666 246 772 272 mors
796 239 928 271 nostra
951 232 1189 283 cogitatione
1205 231 1459 282 prospicitur:
1482 233 1555 270 hos
1571 234 1659 269 ante¹
1676 231 1865 269 foetantes
1880 230 2078 281 sentimus,

136 291 253 338 quam
282 296 458 327 mortuos
486 287 680 326 nouimus.
708 288 802 326 Hoc
831 289 925 325 vero
953 299 1033 324 non
1061 287 1165 324 laudi
1194 285 1378 335 cuiquam
1408 285 1606 335 nostrum,
1635 286 1704 323 sed
1733 285 1859 323 fraudi
1886 285 1922 322 &
1951 284 2076 334 perdi-

136 342 232 380 tioni
273 341 547 380 acerbissimae
589 342 758 379 futurum
798 346 876 390 est,
918 339 948 377 si
977 351 1048 389 pro
1078 339 1201 378 odore
1230 338 1345 377 etiam
1375 345 1527 377 exteros
1555 339 1605 377 ad
1634 338 1831 376 Christum
1862 338 2077 387 pellecturo

136 397 327 434 foetorem
357 395 517 433 edamus
547 395 781 444 fugaturum.

201 515 236 551 3.
304 503 341 539 V
336 506 352 538 t
376 513 444 538 ros
470 501 700 546 Hermonis,
727 504 770 538 vt
792 500 860 547 qui
884 500 1074 536 descendit
1098 505 1215 549 super
1238 504 1379 536 montes
1407 497 1549 537 Sionis.
1578 499 1687 536 Nam
1720 500 1797 536 illic
1827 499 2030 536 mandauit

567 554 716 591 [eleana
745 552 1054 602 benedictionem,
1082 553 1198 591 vitam
1223 565 1339 601 vsqve
1366 553 1406 589 in
1434 553 1636 589 sczeculirmz⁴

186 662 595 707 ΑΜΟΕΝΙΤΑΤΕΜ,
625 670 742 709 quam
771 658 810 696 in
840 657 1122 696 communione
1151 663 1376 696 sanctorum
1405 658 1600 696 Dominus
1628 657 1858 704 collocauit‚
1889 656 1998 695 cuius
2027 656 2078 706 pij

135 725 224 752 sunt
252 714 357 764 apud
387 726 428 752 se
456 713 624 762 conscij,
668 715 703 750 δι
731 724 849 761 quam
879 711 999 750 exteri
1028 717 1226 760 vtcunque
1255 710 1425 748 sentiunt
1455 710 1593 749 virtute
1622 710 1721 761 Dei,
1749 723 1796 748 ex
1824 711 2081 760 praecedente

133 778 268 817 versu,
310 767 464 804 Dauide
504 773 624 815 teste,
667 765 940 816 cognouimus.
971 765 1072 803 Cum
1102 767 1196 802 vero
1228 764 1384 802 duobus
1408 764 1632 802 nominibus
1662 763 1945 802 sanctissimam
1978 764 2079 801 illam

131 820 452 858 communionem
480 820 676 870 Propheta
705 818 982 867 celebrauerit,
1012 817 1256 856 amoenitatis
1284 819 1319 855 δι
1348 817 1463 855 boni:
1502 817 1577 854 iam
1606 817 1721 855 nobis
1741 818 1837 855 ratio
1853 816 1953 854 illius
1972 817 2080 861 boni,

132 874 240 922 quod
283 873 322 911 in
365 874 542 912 Ecclesia
584 871 866 912 communione
909 879 1135 909 sanctorum
1178 870 1215 908 in
1247 869 1405 909 Christo
1434 870 1617 920 deposuit
1645 872 1775 919 Deus,
1819 870 1987 908 videnda
2012 876 2080 908 est.

132 927 314 965 Videnda
342 935 496 976 autem,
525 940 606 965 non
635 924 890 964 accumulatis
919 926 954 962 δε
982 923 1177 963 arcessitis
1205 924 1297 961 hinc
1328 923 1418 961 inde
1445 923 1699 974 testimoniis,
1732 925 1798 962 sed
1829 936 1875 961 ex
1905 923 1964 961 his
1990 923 2081 972 ipsis

131 982 352 1030 Prophetae
379 980 527 1030 verbis,
555 992 656 1030 quae
683 979 806 1017 modo
836 977 1128 1028 exscripsimus:
1158 983 1199 1016 vt
1228 976 1488 1015 certissimum
1516 977 1622 1014 huuc
1658 978 1821 1015 ductum
1851 976 1997 1026 securi,
2027 976 2077 1013 de

132 1046 230 1083 pace
259 1033 342 1083 illa,
372 1046 490 1084 quam
519 1033 633 1072 nobis
660 1032 769 1071 dedit
796 1031 992 1081 Christus,
1035 1031 1295 1081 continenda,
1338 1030 1551 1077 seruanda,
1581 1037 1699 1079 atque
1727 1031 1895 1068 colenda
1926 1029 1964 1067 in
1995 1029 2077 1066 dies

130 1087 252 1137 magis
280 1100 326 1125 ac
356 1087 477 1138 magis
505 1087 734 1138 cogitemus.

182 1142 335 1179 Bonum
377 1141 508 1190 itaque
547 1139 837 1180 communionis
877 1144 1123 1188 sanctorum,
1166 1140 1202 1176 &
1244 1136 1351 1187 pacis
1390 1136 1429 1174 in
1459 1138 1533 1175 hac
1561 1136 1843 1175 communione
1870 1139 1893 1174 a
1922 1136 2078 1174 Christo

128 1193 363 1244 imperatae,
392 1195 547 1233 duobus
574 1194 702 1233 modis
730 1194 807 1231 hoc
834 1193 926 1231 1000
955 1191 1206 1230 describitur:
1251 1190 1420 1241 primiun
1446 1190 1606 1240 quidem
1636 1190 1751 1228 simili
1778 1192 1801 1227 a
1829 1197 1988 1228 naturae
2019 1202 2079 1227 or-

128 1247 220 1286 dine
248 1254 427 1298 sumpto,
456 1255 496 1286 vt
523 1250 612 1286 ante
640 1247 888 1286 dicebamus:
929 1245 1073 1284 deinde
1101 1247 1195 1283 vero
1225 1243 1401 1294 simplice
1430 1243 1706 1282 enunciatione
1736 1250 1819 1282 tum
1847 1242 1963 1292 boni,
1997 1250 2078 1281 tum

128 1313 289 1352 causae,
325 1302 429 1340 vnde
457 1309 613 1340 emanat
642 1301 814 1351 bonum,
843 1300 878 1336 &
907 1299 958 1337 ad
986 1298 1309 1336 communionem
1337 1304 1561 1335 sanctorum
1592 1297 1780 1346 peruenit.
1837 1296 1969 1335 Simile
1998 1308 2078 1345 quo

128 1355 322 1405 Propheta
364 1355 502 1406 vtitur,
547 1354 725 1405 quamuis
767 1353 897 1404 specie
941 1351 1085 1402 duplex
1113 1358 1230 1400 atque
1258 1350 1577 1400 circumstantia,
1619 1350 1770 1389 ratione
1797 1358 1929 1388 tamen
1957 1362 2077 1387 vnum

127 1415 205 1458 est,
234 1410 323 1446 cum
352 1409 429 1446 1100
458 1409 581 1447 modo
611 1407 723 1459 dicit,
752 1412 809 1445 cst
831 1412 872 1446 vt
895 1419 963 1443 ros
990 1406 1226 1455 Hermonis,
1254 1411 1296 1443 vt
1319 1406 1388 1454 qui
1416 1405 1606 1442 descendit
1619 1411 1738 1456 snper
1761 1409 1904 1441 montes
1935 1405 2074 1441 Sionis.

125 1461 266 1511 Agitur
304 1462 407 1500 enim
446 1462 496 1501 de
530 1474 609 1500 vno
638 1474 746 1511 rore,
789 1460 898 1498 cuius
925 1466 1105 1497 naturam
1133 1457 1214 1496 siue
1242 1458 1433 1496 rationem
1462 1470 1542 1496 non
1570 1458 1693 1496 variat
1721 1457 1885 1496 subiecti
1908 1457 2005 1503 loci,
2038 1457 2077 1494 in

124 1525 242 1563 quem
283 1515 447 1565 decidit,
488 1515 727 1554 constitutio.
771 1513 933 1564 Propria
969 1518 1100 1550 autem
1124 1511 1220 1550 boni
1247 1511 1348 1550 illius
1377 1510 1587 1561 descriptio
1628 1512 1868 1562 ἀπολογικιῦς
1895 1512 1917 1547 a
1951 1511 2076 1548 Psalte

124 1567 351 1619 subiicitur,
381 1568 536 1607 dicente
561 1568 689 1607 verbis
721 1567 984 1617 sequentibus,
1014 1567 1124 1604 Nam
1154 1567 1232 1603 illic
1259 1566 1423 1603 mandat
1447 1565 1598 1602 lelzomz
1626 1566 1914 1602 benedictionem
1943 1565 2024 1601 ὢν.

176 1621 298 1669 Quod
326 1629 456 1660 autem
485 1622 681 1672 Propheta
708 1622 759 1660 ad
787 1620 842 1660 rei
871 1619 1044 1659 eiusdem
1073 1618 1480 1668 circumscriptionem
1497 1618 1653 1656 duobus
1668 1617 1726 1656 his
1741 1616 1931 1655 similibus
1946 1617 2076 1667 vtitur,

123 1674 163 1712 id
197 1681 305 1713 certo
343 1674 508 1714 consilio
537 1677 586 1714 ab
615 1675 701 1725 ipso
725 1676 870 1713 factum
900 1679 975 1712 est:
1012 1672 1121 1722 quod
1149 1671 1356 1711 consilium
1384 1674 1474 1710 ante
1504 1671 1648 1722 exponi
1676 1673 1698 1708 a
1727 1669 1842 1709 nobis
1871 1682 1970 1721 opus
2000 1677 2077 1720 est,

123 1729 240 1777 quam
268 1729 316 1767 ad
345 1728 647 1778 explicationem
675 1727 895 1779 argumenti
918 1725 1038 1776 ipsius
1065 1725 1280 1764 veniamus.
1336 1727 1584 1763 Hermonem
1613 1730 1808 1774 montem,
1854 1726 1916 1763 vel
1947 1723 2076 1774 potius

124 1789 310 1820 montana
351 1782 584 1831 Hermonis,
627 1795 675 1820 ex
708 1780 916 1832 Scripturis
945 1785 1099 1818 constat
1127 1779 1280 1829 pascuis
1308 1778 1381 1816 illis
1410 1778 1571 1817 Basanis
1600 1777 1796 1816 fertilitate
1825 1789 1977 1816 summa
2007 1791 2076 1815 110-

123 1834 265 1873 bilibus
309 1848 393 1874 esse
433 1836 636 1886 imposita:
681 1841 836 1873 montes
871 1836 965 1873 vero
1011 1832 1139 1871 Sionis
1168 1831 1207 1870 in
1232 1833 1316 1882 ipsa
1343 1833 1439 1870 vrbe
1469 1832 1585 1871 fuisse
1614 1837 1791 1880 constat,
1832 1833 1868 1869 &
1897 1830 2075 1881 proxime

123 1889 259 1927 vrbem
288 1889 677 1940 Hierosolymorum,
720 1888 938 1927 admodum
967 1885 1207 1925 siticulosos:
1237 1886 1337 1924 adeo
1367 1893 1409 1924 vt
1438 1885 1656 1934 neminem,
1685 1897 1734 1923 ne
1765 1886 1971 1934 puerulum
1993 1884 2075 1933 qui-

121 1941 233 1990 dem,
271 1943 404 1992 fugere
445 1950 577 1993 posset
606 1942 782 1993 cognitio
811 1939 1106 1980 commoditatis
1134 1939 1234 1978 illius
1263 1951 1363 1989 quae
1388 1939 1568 1989 proximo
1597 1950 1693 1988 agro
1722 1950 1768 1976 ex
1799 1949 1888 1976 rore
1915 1938 2076 1976 caelitus

121 1995 338 2034 accidebat.
381 1995 456 2034 His
491 1998 607 2035 rebus
649 1994 952 2045 animaduersis,
995 1992 1108 2031 facile
1150 1992 1227 2031 iam
1265 2005 1403 2031 omnes
1431 1991 1549 2030 visuri
1578 1998 1686 2037 sunt,
1730 2002 1798 2029 cur
1826 1991 1906 2029 duo
1936 1991 2075 2029 similia

121 2056 351 2098 argumento
395 2049 555 2100 eadem,
596 2051 688 2088 loco
729 2047 946 2088 differentia
974 2048 1172 2096 Propheta
1199 2047 1277 2084 hoc
1306 2047 1397 2084 loco
1426 2044 1688 2095 adscripserit.
1730 2043 1840 2082 Prius
1868 2044 1993 2083 simile
2025 2045 2076 2083 ad

120 2102 276 2151 copiam
317 2102 597 2153 amplissimam
637 2104 836 2142 bonorum
877 2104 900 2139 a
930 2102 1018 2139 Deo
1047 2100 1087 2138 in
1115 2099 1293 2137 Ecclesia
1321 2099 1371 2137 ad
1401 2105 1595 2138 extremos
1623 2109 1748 2147 vsque
1773 2097 1962 2136 terminos
1990 2111 2074 2148 per-

119 2154 325 2194 tinentium
354 2156 530 2207 respicit:
573 2155 767 2207 posterius
796 2156 847 2194 ad
874 2154 953 2193 vim
977 2153 1083 2192 illam
1111 2151 1397 2191 benedictionis
1426 2151 1526 2202 Dei,
1556 2163 1634 2202 qua
1662 2153 1751 2189 loca
1778 2150 1896 2189 etiam
1925 2151 2074 2190 arentia

120 2209 156 2245 Sc
196 2208 396 2248 siticuloso
437 2210 557 2259 (vnde
595 2210 689 2249 Sion
726 2208 921 2248 Hebraeis
944 2208 1161 2257 appellatus
1190 2208 1262 2254 est)
1292 2219 1339 2244 ac
1369 2207 1491 2244 ferme
1518 2204 1649 2255 inepta
1677 2204 1839 2243 edendis
1865 2204 2074 2255 fructibus,

119 2262 340 2301 efficiuntur
366 2263 536 2302 ferendis
565 2262 639 2302 illis
666 2262 824 2302 habilia.
852 2263 970 2300 Nunc
1000 2261 1050 2299 de
1078 2265 1311 2310 argumento
1339 2259 1426 2309 ipso
1455 2259 1672 2298 videamus.

169 2317 216 2353 In
243 2316 322 2354 hoc
346 2315 476 2366 itaque
504 2316 618 2355 simili
647 2317 804 2355 easdem
833 2325 962 2366 partes
991 2324 1123 2352 sumus
1152 2311 1416 2361 obseruaturi,
1460 2325 1556 2362 quas
1584 2311 1624 2350 in
1654 2311 1914 2363 praecedente
1942 2318 2070 2351 osten-

119 2369 257 2408 dimus.
287 2369 461 2408 Primum
490 2369 594 2408 enim
622 2370 838 2409 videndum
871 2368 967 2419 quid
1004 2367 1052 2405 sit
1087 2366 1196 2416 quod
1223 2366 1427 2416 analogice
1456 2377 1547 2404 cum
1576 2365 1644 2403 illo
1673 2364 1836 2415 spiritali
1864 2366 1993 2416 bono,
2022 2366 2071 2404 de

117 2433 198 2471 quo
238 2422 303 2461 11ἳο
330 2435 459 2462 5011110
488 2431 565 2474 est,
607 2424 753 2462 habere
781 2421 923 2461 dieitur
951 2419 1264 2460 similitudinem:
1309 2419 1492 2458 Secundo
1521 2419 1572 2457 ad
1599 2430 1718 2469 quem
1750 2431 1814 2457 ros
1843 2418 1907 2457 ille
1934 2431 2069 2468 perue-

117 2475 256 2525 niebat,
272 2483 432 2515 naturae
460 2476 598 2515 ordine
627 2478 734 2526 (nam
762 2477 841 2515 hoc
870 2475 1095 2524 exemplum
1123 2473 1299 2511 naturale
1327 2473 1400 2521 est)
1417 2474 1453 2510 &
1470 2473 1592 2510 ductu
1607 2471 1792 2522 singulari
1807 2472 2070 2522 DeizTertiO,

117 2528 184 2578 qui
217 2541 308 2568 vsus
336 2533 372 2568 δε
399 2530 541 2568 111οά115
568 2529 727 2568 istarum
756 2541 885 2568 rerum
915 2541 963 2567 ex
992 2527 1168 2565 instituto
1196 2525 1309 2564 illius.
1340 2526 1448 2575 Quid
1477 2525 1525 2564 sit
1552 2537 1642 2564 cum
1672 2527 1781 2564 bono
1809 2525 1876 2563 illo
1909 2538 2070 2576 compa-

117 2588 262 2634 ratum,
291 2585 420 2634 palam
449 2590 526 2633 est,
570 2583 726 2623 dicente
753 2584 950 2633 Propheta
977 2587 1034 2618 est
1058 2586 1100 2619 vt
1121 2592 1202 2618 ros.
1244 2580 1336 2628 Qud
1365 2579 1590 2630 perueniat,
1620 2579 1913 2618 demonstratur
1942 2579 2071 2618 verbis

115 2635 210 2686 illis,
238 2643 353 2686 super
381 2643 523 2676 montes
551 2638 769 2675 Hermonis
793 2638 843 2675 ἐφ’
871 2641 986 2685 super
1015 2639 1158 2671 montes
1200 2634 1261 2671 vel
1290 2639 1472 2671 montana
1499 2632 1641 2671 Sionis.
1672 2631 1752 2681 Qui
1769 2643 1858 2671 vsus
1876 2633 1911 2669 δι
1928 2632 2069 2670 111οὀ115

115 2689 281 2728 docetur
309 2703 356 2729 eo
384 2691 493 2740 quod
521 2691 718 2741 Propheta
746 2703 875 2729 rorem
904 2688 956 2727 ait
984 2687 1220 2725 descendere.

168 2743 228 2781 Ac
257 2756 387 2782 rorem
415 2743 576 2794 quidem
603 2751 741 2783 natura
768 2745 920 2783 boumn
949 2753 1032 2779 esse
1061 2746 1256 2778 nonerunt
1284 2752 1444 2790 omnes,
1473 2740 1564 2778 cum
1593 2740 1740 2778 fructus
1766 2737 1867 2777 illius
1891 2738 2067 2788 quotidie

113 2796 163 2834 ab
192 2796 416 2836 hominibus
443 2796 706 2848 percipiantur
733 2795 960 2848 amplissimi
988 2794 1038 2833 ad
1067 2792 1391 2832 commoditatem
1413 2792 1627 2843 praesentis
1653 2792 1768 2831 vitae.
1799 2792 2066 2884 Quogautem

1925 2858 1947 2884 e
1975 2857 2064 2883 rore
