2334 3020
265 125 337 161 134
887 118 1101 147 THESES
1144 118 1568 150 THEOLOGICAE.

257 227 549 277 reprobatione,
577 239 655 264 non
685 226 806 276 gratia
833 226 1079 276 simpliciter,
1109 227 1148 264 in
1176 227 1375 265 hominem
1405 228 1630 278 simpliciter
1645 228 1953 279 consideratum3
1978 230 2181 279 inlapsum

257 282 369 329 vero,
397 282 433 317 δε
460 286 706 328 peccatorem
722 309 731 326 ,
759 278 1143 317 non-misericordia.
1174 282 1209 318 &
1238 280 1336 318 haec
1364 281 1413 318 de
1438 281 1592 319 caussis.
1616 284 1698 319 Iam
1713 282 1764 319 ad
1780 280 1964 319 adiuncta
1978 282 2027 320 de
2042 283 2182 332 quibus

259 332 386 370 dicere
412 330 686 381 proposuimus
716 331 814 369 thesi
844 342 877 380 5.

314 386 370 421 16.
426 385 618 421 Adz'zcncla
659 384 882 421 communia
921 391 999 421 tam
1042 384 1172 422 electis
1213 386 1329 434 quam
1371 385 1547 435 reprobis
1591 388 1815 435 (antequam
1857 392 1923 424 aut
1958 385 2012 425 illi
2046 399 2181 436 reapse

258 438 450 475 donentur
478 437 632 474 Christo
662 449 731 485 per
758 437 895 486 fidem,
924 443 990 474 aut
1017 436 1056 474 hi
1083 436 1228 474 malitia
1255 439 1290 475 &
1316 437 1587 476 incredulitate
1617 439 1811 477 Christum
1840 440 1876 477 δε
1898 439 2088 477 beneficia
2102 439 2183 478 eius

257 492 451 538 respuant)
492 496 579 527 sunt
614 491 638 526 a
664 490 750 527 Deo
780 489 929 538 optimo
959 491 994 528 δε
1022 489 1190 527 maximo
1220 489 1367 539 optime
1398 491 1433 528 &
1460 498 1641 540 potenter
1668 491 1811 542 creari3
1842 491 2003 542 deinde,
2031 494 2055 530 a
2081 491 2182 530 iusto

256 543 352 580 iuste
384 541 455 580 sini
483 541 561 580 labi
588 541 627 579 in
655 548 873 591 peccatum.

313 606 368 642 17.
425 595 583 644 Optime
625 601 803 632 creantur
844 597 867 632 a
909 596 997 633 Deo
1034 607 1172 633 omnes
1199 596 1235 633 &
1264 594 1403 645 singuli
1430 595 1627 642 homines,
1655 602 1738 634 tum
1766 603 1956 645 quatenus
1984 597 2183 635 Adamum

255 648 337 697 (qui
377 647 644 685 consideratur
684 654 725 685 vt
765 660 901 685 omnes
929 648 1122 696 homines)
1150 647 1395 697 immediate,
1422 647 1462 685 in
1490 647 1729 698 integritate,
1757 649 1808 687 ad
1837 648 2046 699 imaginem
2074 661 2182 688 suam

256 699 400 738 creauit
442 701 565 750 Deus,
615 700 710 738 Gen.
749 713 781 738 1.
814 701 872 737 16.
902 706 984 737 tum
1015 706 1203 749 quatenus
1234 713 1370 738 omnes
1398 708 1575 750 posteros
1606 700 1772 752 Adami,
1801 702 1967 751 creauit,
1996 708 2120 752 creat,
2149 704 2185 741 &

257 759 452 791 creaturus
494 759 552 790 est
587 764 708 802 vsque
734 753 785 790 ad
812 753 929 790 finem
958 752 1114 803 mundi,
1145 753 1246 791 bene
1274 755 1309 791 &
1337 753 1530 803 inculpate
1559 766 1629 803 per
1657 761 1854 804 naturam,
1882 767 1982 804 quae
2011 768 2058 792 ex
2085 754 2186 793 insti-

255 812 359 853 tuto,
390 806 471 844 sine
500 806 577 844 vllo
607 817 676 844 suo
706 804 824 853 vitio,
854 806 1054 843 hominem
1082 818 1152 855 per
1179 806 1378 844 hominem
1408 806 1543 844 fundit.
1576 808 1618 854 (f.
1651 808 1787 856 1618.)

311 861 368 896 18.
421 859 525 896 Iuste
568 857 743 907 permissi
782 857 861 896 labi
891 857 931 896 in
968 866 1174 908 peccatum
1202 858 1401 909 dicuntur,
1431 866 1512 896 turn
1540 865 1732 907 quatenus
1762 859 1935 898 Adamus
1962 859 2184 898 vniuersum

252 922 372 960 genus
400 911 611 949 humanum
639 911 678 948 in
704 910 847 949 lumbis
875 911 951 949 suis
979 918 1152 960 gestans,
1181 913 1288 949 bona
1315 912 1514 949 voluntate
1540 912 1768 961 instructus,
1793 911 1831 949 in
1857 925 1897 950 re
1912 912 2096 963 naturali,
2113 912 2187 951 sibi

252 976 419 1013 suaeque
447 971 606 1002 naturae
634 964 904 1013 concreditus,
931 963 1004 1002 sibi
1032 966 1067 1002 &
1095 963 1259 1014 posteris
1287 963 1364 1002 suis
1394 966 1524 1014 lapsus
1551 971 1621 1002 est.
1649 967 1743 1002 Gen.
1760 966 1848 1014 3.6.
1878 966 1981 1002 Turn
1995 973 2185 1014 quatenus

253 1016 354 1054 iusto
394 1017 470 1054 Dei
510 1016 673 1066 iudicio,
710 1030 845 1054 omnes
882 1016 1060 1055 homines
1096 1019 1118 1054 a
1147 1016 1420 1067 peccatoribus
1449 1017 1694 1066 parentibus,
1722 1024 1969 1067 peccatores,
1999 1025 2183 1066 tanquam

254 1069 486 1119 elephantici
521 1071 571 1107 ab
605 1069 855 1119 elephanticis
883 1077 1136 1120 generantur,
1165 1071 1201 1107 &
1229 1076 1394 1120 peccato
1422 1071 1480 1118 (vt
1506 1071 1666 1118 vocant)
1697 1069 1894 1120 orginario
1922 1069 2110 1119 inquinati
2137 1071 2187 1109 ab

255 1129 384 1171 vtero,
434 1124 527 1159 Gen.
565 1125 601 1160 8.
642 1136 701 1160 21.
743 1124 811 1161 Ps.
842 1133 902 1171 51.
936 1133 970 1170 7.
996 1122 1112 1160 morti
1140 1119 1508 1171 aeternae‘obnoxij
1538 1130 1647 1171 sunt,
1685 1125 1798 1162 Rom.
1830 1134 1865 1172 5.
1897 1135 1955 1160 12.
1991 1135 2050 1170 14.
2081 1123 2190 1172 quod

255 1174 359 1213 enim
400 1174 559 1224 quidam
594 1188 674 1213 non
712 1175 951 1226 moriuntur,
979 1176 1056 1213 hoc
1087 1176 1129 1214 fit
1157 1175 1348 1214 beneficio
1377 1175 1595 1226 electionis,
1627 1176 1676 1214 de
1704 1187 1781 1225 qua
1808 1176 2022 1214 videndum
2049 1175 2188 1214 ordine

257 1227 372 1265 nobis
399 1227 614 1277 proposito.

314 1294 371 1330 19.
425 1281 571 1318 Electio
605 1282 655 1319 ab
685 1280 864 1329 eligendo
892 1280 1014 1330 dicta,
1043 1287 1083 1318 vt
1112 1281 1248 1332 ἐκλογή
1278 1281 1352 1318 ἀπὸ
1382 1283 1451 1318 τοῦ
1480 1281 1671 1332 ἐκλέγειν,
1700 1291 1800 1329 quae
1828 1281 1946 1319 verba
1974 1280 2191 1331 significant

259 1340 341 1371 tum
371 1332 532 1371 Graecis
561 1340 643 1370 turn
672 1333 838 1380 Latinis,
869 1334 929 1371 vel
958 1346 1005 1371 ex
1033 1334 1188 1371 duobus
1215 1346 1360 1384 vnum,
1388 1333 1449 1371 vel
1479 1346 1526 1372 ex
1555 1333 1731 1382 pluribus
1758 1345 1877 1371 vnum
1901 1340 1966 1371 aut
1981 1334 2102 1371 multa
2119 1332 2192 1371 sibi

257 1398 457 1435 separare,
486 1385 559 1423 sibi
586 1398 782 1424 assumere
810 1387 845 1423 &
873 1385 1050 1424 retinere.

311 1451 370 1476 20.
426 1437 577 1476 Electio
606 1438 645 1476 in
675 1438 883 1488 Scripturis
912 1439 1151 1477 vocabulum
1180 1444 1237 1476 est
1266 1440 1502 1488 πολύσημον.
1531 1437 1731 1488 Significat
1759 1437 1861 1476 enim
1879 1440 1939 1476 vel
1953 1438 2190 1476 electionem

257 1491 507 1541 singularem,
550 1503 626 1540 qua
665 1493 772 1529 Deus
813 1491 885 1530 sibi
925 1491 1115 1541 quosdam
1158 1490 1197 1528 in
1232 1490 1331 1529 filios
1360 1491 1554 1540 separauit
1581 1492 1630 1529 ab
1660 1498 1832 1530 aeterno.
1860 1492 1963 1541 Eph.
1997 1504 2030 1527 1.
2060 1503 2097 1537 4.
2125 1497 2192 1528 aut

256 1543 364 1582 istius
398 1543 597 1582 electionis
635 1545 684 1581 ab
718 1550 876 1582 aeterno
914 1544 1060 1593 factae,
1090 1543 1128 1581 in
1157 1550 1333 1593 tempore
1362 1543 1653 1582 executionem:
1683 1545 1771 1582 [ola.
1805 1554 1865 1593 15.
1900 1557 1959 1594 19.
1988 1544 2051 1582 vel
2079 1542 2193 1593 signi-

257 1598 347 1634 ficat
387 1596 618 1634 electionem
655 1608 924 1642 communem,
959 1608 1036 1646 qua
1064 1609 1232 1645 corpora
1259 1595 1462 1634 nationum
1492 1603 1720 1645 separantur
1748 1597 1798 1634 ab
1825 1596 1908 1634 aliis
1936 1595 2190 1646 corporibus,

257 1652 291 1688 &
331 1648 619 1686 sanctificantur
654 1651 677 1686 a
704 1649 898 1687 Domino:
929 1650 1098 1698 quadam
1127 1648 1333 1687 vocatione
1361 1649 1583 1697 communi,
1611 1656 1797 1698 tanquam
1826 1648 1958 1687 medio
1988 1649 2037 1686 ad
2065 1648 2191 1699 singu-

257 1704 374 1739 larem
416 1701 662 1740 vocationem
700 1701 905 1749 ordinato,
942 1709 982 1739 vt
1016 1701 1307 1751 praedicatione
1335 1700 1466 1751 verbi,
1496 1703 1531 1739 &
1560 1701 1835 1739 Sacramentis:
1864 1703 1985 1739 Dent.
2015 1713 2049 1750 7.
2079 1703 2115 1739 8.
2143 1702 2193 1739 &³

260 1756 319 1792 26.
353 1756 411 1791 18.
439 1753 627 1804 significat
656 1761 854 1804 praeterea
882 1754 1043 1805 electio,
1071 1753 1303 1792 electionem
1331 1754 1381 1791 ad
1408 1764 1548 1791 munus
1576 1753 1738 1802 aliquod
1766 1753 1805 1791 in
1821 1753 2015 1802 Ecclesia,
2043 1754 2138 1791 Luc.
2155 1755 2191 1792 6.

262 1818 320 1857 15.
348 1809 432 1844 Act.
467 1820 499 1844 1.
530 1820 588 1853 24.
619 1814 684 1844 aut
712 1806 861 1844 Politia.
896 1820 927 1846 1.
954 1808 1097 1846 Paral.
1129 1809 1188 1844 28.
1219 1821 1255 1851 4.
1294 1808 1377 1844 Nos
1406 1807 1455 1844 de
1484 1806 1673 1844 electione
1701 1806 1740 1844 in
1769 1806 1893 1856 prima
1915 1805 2196 1855 significatione

258 1871 435 1910 agemus:
478 1859 589 1897 tertia
631 1861 666 1897 δι
708 1859 870 1910 quarta,
912 1866 1097 1909 tanquam
1139 1859 1342 1909 proposito
1387 1865 1523 1897 nostro
1557 1872 1640 1898 non
1670 1858 1995 1897 convenientibus
2023 1857 2196 1896 reiectis:

256 1912 473 1961 secundae,
502 1911 542 1949 in
571 1911 830 1961 explicatione
860 1912 1086 1950 effectorum
1116 1911 1316 1950 electionis
1344 1917 1545 1960 aeternae,
1573 1919 1770 1950 reseruato
1799 1913 1903 1950 loco.

310 1978 370 2003 21.
425 1964 579 2003 Electio
608 1964 648 2002 in
676 1966 749 2002 hac
777 1964 1063 2015 significatione
1091 1964 1216 2014 prima
1244 1971 1423 2014 accepta,
1453 1977 1493 2002 re
1521 1963 1625 2002 idem
1642 1972 1700 2002 est
1716 1976 1805 2002 cum
1820 1962 2194 2014 praedestinatione,

234 2023 347 2055 cum
377 2016 626 2055 adiunctione
658 2017 901 2055 Sanctorum.
929 2017 960 2055 si
989 2017 1093 2055 enim
1122 2016 1421 2066 praedestinatio
1450 2017 1610 2055 seorsim
1639 2018 1689 2055 ab
1719 2017 1910 2055 electione
1936 2023 2126 2065 ponatur,
2154 2029 2196 2054 re

257 2069 362 2107 idem
403 2076 460 2107 est
498 2083 544 2107 ac
581 2069 741 2109 electio:
780 2070 816 2106 δι
855 2076 1001 2108 contra.
1034 2070 1074 2108 Si
1102 2073 1194 2109 vero
1223 2069 1296 2108 sibi
1322 2069 1490 2107 inuicem
1520 2077 1789 2119 opponantur,
1819 2069 1969 2107 ratione
1995 2069 2192 2107 differunt:

260 2122 560 2171 praedestinatio
590 2122 692 2161 enim
721 2129 847 2160 totum
877 2123 1056 2161 ordinem
1086 2122 1231 2173 gratiae
1260 2124 1295 2161 &
1324 2121 1488 2172 gloriae,
1517 2134 1635 2171 quam
1663 2134 1751 2160 cum
1780 2122 1857 2161 suis
1872 2121 2006 2160 electis
2021 2134 2192 2160 commu-

259 2174 362 2212 nicat
391 2176 517 2224 Deus,
547 2175 830 2224 complectitur.
874 2175 1026 2214 Electio
1056 2178 1171 2224 vero,
1202 2182 1259 2214 est
1284 2175 1431 2225 primus
1454 2175 1637 2213 terminus
1665 2175 1832 2225 gratiae,
1859 2177 1895 2213 &
1923 2173 2091 2227 respicit
2113 2181 2193 2212 tan-

260 2229 339 2265 tum
370 2240 577 2276 personam
605 2227 644 2265 in
672 2227 849 2276 Christo,
877 2229 981 2266 velut
1008 2229 1047 2266 in
1077 2228 1222 2278 capite:
1239 2229 1316 2266 hoc
1331 2227 1934 2278 obseruato,praedestinationis
1948 2228 2192 2265 Sanctorum

262 2291 328 2318 seu
357 2279 554 2317 electionis
584 2280 849 2318 definitionem
878 2280 1079 2319 videamus
1107 2280 1306 2330 ipsissimis
1334 2279 1441 2318 Pauli
1467 2280 1595 2318 verbis
1624 2280 1870 2318 delineatam.
1892 2281 1996 2330 Eplz.
2031 2293 2062 2317 1.
2093 2292 2128 2326 4.
2157 2290 2190 2330 5.

316 2346 376 2370 22.
431 2334 740 2371 szedestimztio
769 2334 1017 2384 Sanctorum,
1047 2341 1104 2372 est
1135 2333 1355 2381 decretum,
1384 2344 1463 2382 quo
1491 2334 1597 2371 Deus
1625 2335 1739 2371 Pater
1766 2332 1927 2371 Domini
1953 2331 2078 2370 nostri
2105 2335 2192 2370 Iesu

262 2385 424 2434 Christi,
459 2397 530 2434 pro
566 2385 812 2435 beneplacito
848 2386 1056 2425 voluntatis
1086 2398 1196 2435 suae,
1222 2386 1272 2423 ab
1301 2393 1458 2423 aeterno
1486 2398 1558 2423 nos
1586 2385 1885 2436 praedestinatur
1913 2384 1967 2433 (id
1996 2391 2052 2423 est
2078 2397 2192 2434 quos-

261 2438 351 2475 dam
380 2450 428 2475 ex
456 2437 697 2487 hominibus)
729 2438 801 2475 sibi
828 2439 878 2475 ad
915 2440 1116 2478 ὑιοθεσίαν
1144 2438 1181 2476 in
1211 2438 1383 2488 Christo,
1411 2438 1461 2475 ad
1488 2439 1642 2476 laudem
1671 2438 1816 2489 gloriae
1844 2437 1987 2488 gratiae
2016 2449 2118 2475 suae.

316 2503 376 2538 23.
436 2490 604 2527 Csmsam
637 2491 860 2540 efficientem
892 2492 1079 2528 denotant
1108 2493 1246 2536 verba,
1276 2492 1381 2529 Deus
1410 2492 1540 2537 Pater,
1571 2492 1642 2529 &c.
1671 2493 1950 2539 Impulsiuam,
1978 2503 2050 2539 pro
2077 2491 2192 2528 bene-

260 2542 424 2591 placito,
454 2545 524 2580 &Q
555 2543 603 2581 de
631 2554 706 2592 qua
741 2555 829 2580 cum
858 2543 1065 2581 dixerimus
1094 2543 1204 2592 (nihil
1233 2551 1361 2581 autem
1392 2543 1556 2581 diximus
1586 2547 1682 2582 κατὰ
1713 2545 1844 2592 θέσιν,
1873 2543 1941 2581 sed
1969 2543 2092 2580 solum
2111 2544 2190 2579 κατ’

265 2596 394 2644 ἄρσιν)
423 2607 577 2644 causas,
605 2607 704 2644 quae
732 2596 941 2633 afferuntur
969 2596 1083 2645 aliae,
1111 2595 1261 2634 fictitias
1288 2609 1371 2634 esse
1399 2595 1750 2634 demonstrabimus
1779 2597 1815 2634 &
1842 2597 2035 2633 tollemus.

318 2659 377 2692 24.
436 2647 578 2684 Christi
604 2647 723 2697 ipsius
753 2647 933 2685 meritum
961 2661 1042 2686 non
1071 2656 1199 2698 potest
1229 2648 1305 2686 dici
1333 2659 1472 2686 causa:
1494 2649 1584 2696 quia
1607 2656 1664 2687 est
1678 2648 1893 2686 remedium
1909 2647 2035 2685 morbi
2049 2645 2192 2693 nostri,

265 2700 424 2736 morbus
465 2703 558 2738 vero
597 2699 734 2738 ordine
774 2700 971 2749 praecedit
1008 2701 1242 2739 remedium:
1271 2707 1415 2750 quanto
1444 2701 1565 2751 magis
1593 2701 1730 2739 electio
1758 2701 1853 2745 Dei,
1881 2712 1980 2750 quae
2007 2713 2079 2738 nos
2105 2706 2193 2737 ante

265 2751 445 2789 morbum
472 2751 590 2803 vidit,
618 2753 653 2790 &
685 2753 734 2791 ad
764 2753 1006 2791 curationem
1035 2753 1164 2792 morbi
1190 2754 1314 2792 nostri
1341 2753 1479 2792 merito
1509 2753 1651 2792 Christi
1678 2767 1745 2792 vsa
1777 2751 1856 2792 est?
1896 2754 1988 2791 Non
2014 2753 2194 2790 voluntas

1998 2804 2186 2855 hominis,
