2334 3020
784 115 1051 146 EIRENICI
1096 115 1234 144 PARS
1276 114 1299 142 1.
1921 114 1996 155 415

75 227 282 277 odoratur,
310 234 456 278 gustat,
486 225 629 276 tangit,
658 225 793 275 sentit,
823 223 1077 274 imaginatur,
1104 222 1270 273 appetit,
1299 221 1500 271 intelligit,
1529 220 1719 270 quidquid
1747 219 1860 269 viuit,
1889 219 1997 269 quid-

75 280 168 330 quid
193 288 394 330 mouetur,
423 278 611 330 quidquid
640 285 717 327 est,
748 278 786 316 id
814 284 937 316 totum
967 276 1141 314 diuinum
1171 282 1325 325 oportet
1352 288 1458 313 esse:
1489 276 1537 312 Et
1552 274 1741 323 quidquid
1759 272 1999 311 tideliaillius

74 334 247 372 membra
284 333 507 381 instituunt,
544 331 716 370 similiter
751 332 801 369 ab
837 331 979 368 eodem
1020 328 1232 379 principio,
1271 329 1410 366 eodem
1447 334 1574 375 motu,
1611 330 1645 365 ἃ*
1684 327 1804 364 modo
1840 327 1889 363 ab
1926 325 1999 362 illis

73 386 216 424 institui
245 386 440 425 conuenit.
468 386 569 423 Nam
598 384 628 422 si
656 385 784 434 Deus,
812 384 843 422 si
871 382 1046 422 Christus
1072 383 1151 420 vita
1177 388 1309 420 nostra
1337 388 1394 419 est
1424 383 1478 429 (vt
1495 380 1568 429 est)
1596 392 1665 418 cur
1692 380 1809 417 vitam
1838 380 1998 416 alteram

75 439 248 477 viuamus
285 442 401 489 quam
440 435 607 477 Christi?
650 449 719 475 cur
752 436 856 475 aliud
892 435 1129 486 cogitemus,
1169 437 1286 484 quam
1322 433 1578 484 cogitationes
1613 433 1794 471 decentes
1823 433 1999 469 membra

75 489 239 530 Christi?
272 505 342 530 cur
377 492 459 530 aliis
492 492 608 529 rebus
643 491 886 539 studeamus,
923 491 1038 539 quam
1074 488 1118 526 iis
1151 500 1246 537 quas
1282 488 1398 525 docet
1434 484 1634 525 Christus?
1669 498 1738 523 cur
1765 485 1931 533 denique
1960 484 1997 521 in

73 544 228 583 Christo
258 545 432 583 dicamur
459 557 563 594 esse,
592 543 622 582 si
651 556 731 582 non
761 542 927 580 viuimus
951 540 1131 580 Christo?
1159 543 1212 579 Vt
1227 543 1349 579 forma
1365 539 1417 578 rei
1434 539 1621 589 cuiusque
1637 546 1710 589 est,
1738 539 1789 576 ita
1806 544 2000 588 operatur.

73 597 244 647 quisquis
272 597 512 636 Christianus
527 611 588 646 es,
604 598 681 646 qua
696 596 934 635 Christianus
950 608 1011 646 es,
1036 594 1210 644 spiritum
1226 594 1346 632 habes
1363 592 1522 641 Christi,
1539 592 1769 643 principium
1785 594 1820 630 ἃ
1836 594 2000 629 formam

75 651 273 689 Ecclesiae
310 650 464 689 Christi.
501 653 546 688 In
576 651 648 688 hac
676 651 802 688 forma
831 648 1046 696 Christum,
1084 649 1119 685 δε
1148 647 1392 697 proximum,
1429 647 1464 684 δε
1494 646 1657 695 teipsum
1688 652 1843 694 oportet
1871 656 2003 693 recog-

74 716 234 754 noscas,
262 711 301 742 vt
323 704 438 754 digne
453 704 610 742 incedas
625 702 831 741 vocatione
846 709 922 740 tua.
951 702 997 739 Id
1013 700 1085 739 sibi
1100 701 1193 738 olim
1208 700 1330 737 voluit
1347 700 1578 749 Apostolus,
1608 700 1695 736 cum
1713 699 1762 736 ad
1779 697 2003 736 Corinthios

73 756 276 808 scriberet,
311 757 488 795 Charitas
524 756 587 794 illa
624 755 768 795 Christi
797 754 1026 804 constringit
1052 766 1145 803 nos3
1180 760 1221 791 vt
1249 752 1314 802 qui
1344 754 1420 791 hoc
1448 752 1712 799 statuerimus,
1750 751 1778 789 si
1808 762 1905 788 vnus
1933 762 2005 799 pro

74 809 257 848 omnibus
285 810 355 848 fuit
382 817 577 860 mortuus,
607 822 746 860 nempe
774 821 910 846 omnes
939 808 1052 845 fuisse
1081 813 1276 844 mortuos:
1306 806 1411 843 illum
1440 812 1568 842 autem
1598 818 1670 855 pro
1699 803 1880 842 omnibus
1901 815 2001 841 mor-

72 870 181 901 tuum
219 876 322 914 esse,
359 871 398 902 vt
435 863 501 914 qui
535 863 670 901 viuunt
703 862 866 913 posthac
895 873 975 898 non
1006 860 1078 899 sibi
1106 860 1255 909 viuant,
1292 859 1360 896 sed
1389 858 1423 897 ei
1451 858 1517 907 qui
1545 871 1616 908 pro
1643 857 1735 908 ipsis
1764 863 1939 895 mortuus
1968 858 2003 894 &

73 916 276 955 suscitatus
305 923 372 955 est.
401 918 537 966 Itaque
566 929 638 954 nos
666 916 829 965 posthac
857 914 1051 952 neminem
1079 912 1259 951 nouimus
1288 914 1502 950 secundum
1518 924 1695 949 carnem:
1719 910 1825 960 quod
1842 910 1871 947 si
1887 909 2002 948 etiam

74 969 254 1007 nouimus
282 969 479 1008 Christum
508 969 721 1008 secundum
748 981 924 1017 carnem,
956 978 1061 1004 nunc
1089 974 1219 1004 tamen
1237 978 1316 1003 non
1333 965 1497 1014 amplius
1512 964 1714 1013 nouimus,
1743 963 1773 1001 si
1789 963 1874 1012 quis
1889 962 2003 1013 igitur

73 1029 131 1060 est
158 1022 196 1060 in
225 1023 400 1073 Christo,
432 1035 535 1061 noua
563 1029 737 1061 creatura
765 1029 841 1060 est:
871 1027 1002 1058 vetera
1031 1018 1331 1069 praeterierunt,
1360 1030 1453 1056 ecce
1480 1029 1584 1055 noua
1613 1018 1713 1055 facta
1744 1023 1831 1055 sunt
1858 1015 2003 1064 omnia,

72 1077 168 1114 haec
195 1083 324 1114 autem
353 1076 483 1115 omnia
512 1089 558 1113 ex
586 1078 693 1125 Deo,
722 1075 789 1125 qui
816 1072 1081 1112 reconciliauit
1107 1085 1181 1110 nos
1210 1071 1282 1110 sibi
1311 1084 1379 1121 per
1395 1073 1523 1109 Iesum
1540 1070 1756 1117 Christum,
1775 1070 1846 1107 &o
1866 1070 2004 1107 2.C0r.

75 1139 110 1178 5.
145 1142 202 1176 14.
231 1131 266 1167 &
287 1143 322 1168 c.
350 1130 382 1166 O
411 1129 584 1167 diuinam
612 1130 778 1167 formam
802 1126 987 1166 veritatis!
1019 1127 1185 1163 formam
1215 1124 1417 1162 scientiae!
1447 1126 1612 1161 formam
1641 1122 1856 1161 charitatis!
1887 1134 2004 1171 quam

76 1184 287 1232 Apostolus
329 1183 379 1220 de
420 1196 460 1221 se
497 1182 535 1220 in
564 1181 720 1220 Christo
750 1180 980 1219 subsistente
1009 1179 1061 1217 ita
1089 1177 1344 1228 praedicauit,
1372 1177 1425 1214 ita
1452 1177 1637 1227 gloriatus
1661 1183 1717 1214 est
1740 1176 1778 1213 in
1808 1175 2005 1223 Domino,

73 1242 114 1273 vt
141 1234 278 1274 eadem
306 1243 388 1273 tum
418 1237 583 1274 formam
612 1234 788 1284 corporis
816 1233 1014 1272 Ecclesiae
1042 1231 1284 1270 Catholicam
1302 1230 1509 1280 exprimat,
1538 1237 1618 1267 tum
1636 1229 1868 1279 singularem
1885 1241 2006 1265 mem-

73 1289 234 1327 brorum
268 1288 369 1327 illius
397 1288 437 1327 in
465 1288 620 1327 Christo
646 1290 746 1326 Iesu.
788 1288 889 1325 Nam
917 1285 1095 1324 videmus
1122 1286 1282 1322 Paulum
1311 1284 1347 1322 in
1380 1283 1535 1321 Christo
1564 1283 1818 1321 constrictum
1846 1282 2004 1319 vinculo

74 1341 289 1381 charitatis:
327 1342 435 1381 cuius
472 1341 668 1380 charitatis
703 1340 868 1391 pignora
896 1340 1113 1387 effectaque
1143 1337 1355 1375 certissima
1383 1338 1480 1374 haec
1508 1343 1616 1386 sunt,
1654 1336 1760 1385 quod
1791 1336 1826 1384 (f
1850 1336 1941 1384 694)
1971 1336 2006 1372 &

74 1395 249 1434 Christus
277 1403 453 1434 mortuus
479 1402 553 1446 est,
582 1397 865 1443 resurrexstque
893 1405 964 1443 pro
993 1392 1129 1441 nobis,
1159 1392 1194 1428 δε
1211 1403 1283 1428 nos
1302 1390 1339 1427 in
1355 1389 1440 1439 ipso
1456 1389 1599 1427 mortui
1614 1403 1660 1427 ac
1677 1388 1847 1426 suscitati
1862 1399 2006 1437 sumus,

73 1455 114 1486 vt
142 1448 316 1487 viuamus
344 1448 428 1498 ipsi.
456 1448 647 1487 Videmus
674 1448 837 1485 Paulum
865 1446 903 1484 in
934 1444 1006 1483 ista
1033 1443 1310 1483 coniunctione
1334 1442 1552 1492 charitatis,
1578 1441 1669 1480 vera
1684 1440 1844 1480 scientia
1859 1443 2007 1479 formae

74 1500 173 1539 illius
212 1501 455 1540 Christianae
483 1501 535 1539 ita
562 1500 782 1551 praeditum
814 1498 1015 1549 diuinitus,
1044 1505 1084 1536 vt
1112 1497 1250 1535 eadem
1279 1495 1461 1547 scientia,
1498 1509 1569 1534 nos
1599 1503 1728 1533 autem
1759 1494 1931 1540 diuersa,
1971 1496 2005 1532 &

74 1554 293 1606 Christum,
328 1557 363 1594 &
398 1568 459 1601 se,
496 1557 532 1593 δι
569 1556 704 1592 fratres
740 1565 830 1591 suos
868 1557 1083 1602 cognoscat
1115 1550 1251 1600 simul,
1286 1563 1365 1588 non
1403 1550 1619 1588 secundum
1648 1561 1824 1598 carnem,
1862 1548 1901 1586 id
1932 1555 2009 1596 est,

73 1609 248 1646 naturale
277 1620 420 1658 corpus
448 1610 484 1647 &
512 1607 683 1659 speciem
712 1606 817 1644 illam
846 1612 1046 1644 externam
1077 1616 1194 1654 quam
1223 1603 1388 1653 aprimo
1403 1602 1562 1641 homine
1578 1602 1692 1640 etiam
1709 1601 1804 1639 citra
1817 1600 2008 1639 rationem

73 1661 224 1711 peccati
251 1662 459 1700 habitantis
487 1660 527 1699 in
554 1660 669 1700 nobis
683 1659 928 1710 accepimus,
957 1658 1028 1696 sed
1043 1658 1259 1695 secundum
1275 1657 1379 1694 illam
1395 1655 1676 1694 sanctissimam
1692 1654 2009 1693 constitutionem

74 1713 280 1764 spiritalem
309 1726 426 1764 quam
456 1714 631 1753 Christus
658 1714 697 1752 in
725 1726 809 1752 sese
837 1715 860 1750 a
887 1711 1013 1750 carnis
1042 1710 1329 1748 infirmitatibus
1358 1712 1393 1748 δι
1417 1716 1542 1748 morte
1557 1708 1772 1747 vindicatus
1789 1707 1926 1745 virtute
1942 1707 2010 1745 sua

73 1767 244 1818 obtinet,
274 1782 321 1807 ac
349 1767 675 1818 communicauit,
704 1767 809 1805 velut
834 1764 1034 1804 Ecclesiae
1061 1771 1178 1814 caput
1206 1765 1242 1802 &
1271 1762 1551 1814 primogenitus
1577 1762 1678 1800 inter
1697 1763 1840 1799 multos
1855 1763 2009 1810 fratres,

74 1833 164 1858 cum
203 1821 379 1860 Ecclesia
411 1821 480 1860 sua
515 1822 550 1859 &
585 1819 770 1859 membris
807 1818 965 1869 singulis
998 1817 1110 1856 illius.
1151 1816 1241 1865 Qua
1276 1817 1313 1854 in
1344 1815 1622 1854 constitutione
1650 1817 1829 1854 effectum
1857 1822 1932 1863 est,
1969 1821 2009 1852 vt

75 1874 249 1913 Christus
275 1888 348 1913 nos
377 1888 534 1924 omnes,
563 1875 598 1912 δι
627 1872 798 1912 vicissim
825 1885 898 1911 nos
927 1870 1126 1910 Christum
1157 1872 1191 1909 δε
1219 1871 1355 1908 fratres
1383 1877 1538 1908 nostros
1560 1869 1597 1907 in
1617 1869 1772 1907 Christo
1790 1868 2008 1906 secundum

75 1927 370 1966 renouationem
399 1928 504 1966 illam
532 1929 582 1966 ab
612 1940 658 1966 eo
688 1927 831 1964 factam
855 1936 1155 1975 cognoscamus.
1184 1923 1374 1962 Videmus
1401 1922 1570 1972 denique
1585 1921 1623 1959 in
1641 1922 1698 1960 his
1713 1922 1864 1959 duabus
1880 1921 2010 1970 rebus,

75 1981 258 2020 charitate
287 1981 447 2031 inquam
476 1982 511 2019 δι
540 1979 764 2031 cognitione
792 1977 1010 2018 Christiana
1037 1976 1192 2028 nostra,
1220 1975 1473 2015 certissimam
1491 1975 1693 2014 veritatem
1710 1975 1760 2013 ab
1776 1974 1883 2012 omni
1905 1986 2012 2011 men-

75 2033 207 2084 dacio,
239 2035 423 2083 vanitate,
452 2035 487 2072 &
516 2034 729 2072 mutatione
758 2032 943 2071 alienam:
974 2031 1193 2070 secundum
1223 2042 1359 2080 quam,
1388 2028 1562 2079 quisquis
1585 2028 1623 2066 in
1640 2028 1795 2067 Christo
1811 2035 1888 2076 est,
1907 2039 2012 2065 noua

75 2095 251 2126 creatura
293 2095 371 2126 est:
415 2094 544 2126 vetera
581 2085 883 2138 praeterierunt,
917 2096 1017 2135 quae
1051 2086 1175 2134 prope
1214 2090 1302 2122 sunt
1339 2090 1380 2121 vt
1408 2083 1619 2131 intereant,
1648 2084 1683 2120 &
1711 2093 1815 2119 noua
1844 2083 1947 2119 facta
1975 2080 2013 2118 in

76 2141 260 2179 credente
304 2149 393 2179 sunt
433 2140 565 2179 omnia
606 2139 780 2179 nouitate
821 2139 1022 2178 aeternnm
1063 2137 1264 2184 duratura,
1304 2137 1394 2174 cum
1422 2137 1457 2173 &
1486 2142 1687 2173 auctorem
1717 2135 1859 2173 habeat
1885 2135 2013 2172 Deum

75 2202 246 2245 patrem,
289 2195 542 2233 mediatorem
583 2194 887 2242 effectoremque
929 2190 1149 2241 Christum,
1190 2203 1260 2240 per
1287 2201 1404 2239 quem
1434 2188 1674 2227 reconciliati
1701 2200 1833 2226 sumus
1860 2188 1947 2225 Deo
1976 2188 2012 2225 δι

75 2247 175 2297 patri
203 2255 352 2287 nostro.

128 2300 218 2338 Hac
251 2301 382 2339 radice
420 2300 639 2348 charitatis,
675 2300 754 2337 hoc
790 2310 911 2337 succo
949 2296 1138 2347 veritatis,
1176 2297 1250 2334 hac
1284 2297 1371 2333 luce
1399 2294 1634 2345 cognitionis
1662 2300 1778 2344 atque
1809 2293 2010 2344 scientiae,

75 2354 148 2392 hac
187 2354 356 2404 denique
387 2355 513 2392 forma
549 2351 845 2392 Christianitatis
872 2350 1069 2401 instructi,
1104 2349 1135 2388 si
1163 2349 1360 2388 Christum
1388 2348 1591 2394 nouimus,
1625 2347 1656 2385 si
1683 2360 1756 2386 nos
1784 2347 1822 2385 in
1853 2347 2009 2385 Christo

76 2406 307 2457 experimur,
335 2419 404 2446 cur
432 2420 511 2446 nou
540 2408 575 2445 &
603 2404 840 2455 Ecclesiam,
870 2405 905 2442 &
934 2404 1110 2442 membra
1140 2402 1261 2453 illius,
1285 2409 1367 2440 tum
1383 2413 1482 2451 quae
1497 2400 1573 2439 iam
1588 2414 1636 2439 ex
1650 2402 1753 2439 facto
1771 2408 1908 2439 vocata
1923 2407 2011 2438 sunt

76 2473 144 2509 per
172 2461 246 2498 Dei
268 2460 430 2511 gratiam
443 2491 453 2511 ,
468 2468 551 2499 turn
567 2471 666 2510 quae
681 2461 798 2509 porro
814 2457 994 2496 vocanda
1009 2455 1326 2505 misericorditer,
1341 2466 1411 2493 cur
1426 2467 1504 2492 non
1523 2454 1715 2504 (inquam)
1731 2455 1805 2492 hos
1820 2466 1957 2492 omnes
1971 2453 2009 2491 in

76 2514 213 2551 eadem
243 2513 437 2552 charitatis
465 2513 617 2563 radice,
646 2514 682 2551 δε
710 2523 831 2550 succo
861 2509 1049 2559 veritatis,
1065 2509 1202 2548 eadem
1226 2507 1460 2559 cognitionis
1475 2509 1580 2556 luce,
1597 2507 1813 2557 eademque
1829 2506 2011 2545 Christia-

75 2565 203 2605 nitatis
231 2568 358 2606 forma
386 2562 696 2618 cognoscamus?
725 2567 840 2603 Haec
868 2563 971 2602 enim
998 2562 1063 2600 illa
1090 2561 1188 2600 ratio
1204 2568 1279 2612 est,
1310 2573 1409 2611 quae
1424 2560 1611 2600 recreauit
1625 2565 1857 2610 summaque
1870 2559 2014 2598 laetitia

77 2619 270 2658 Dauidem
307 2620 455 2671 affecit,
490 2621 526 2658 &
564 2631 701 2658 omnes
729 2619 858 2657 bonos
887 2617 1068 2666 exemplo
1098 2615 1178 2653 eius
1207 2616 1391 2653 affectura
1419 2622 1496 2653 est:
1532 2615 1629 2653 haec
1658 2614 1722 2652 illa
1750 2616 1876 2652 forma
1902 2612 2012 2651 cuius

77 2673 316 2712 conscientia
342 2675 559 2723 Apostolus
588 2685 668 2711 non
693 2670 897 2710 dubitabat
921 2669 1071 2718 dicere,
1101 2668 1190 2707 Siue
1206 2667 1435 2719 insanimus,
1463 2667 1675 2706 insanimus
1690 2668 1797 2718 Deo,
1824 2667 1905 2705 siue
1920 2678 2013 2704 sana

77 2734 207 2765 mente
243 2739 396 2775 sumus,
436 2726 550 2765 vobis
585 2731 715 2764 mente
749 2737 842 2762 sana
879 2733 1029 2761 sumus:
1068 2722 1169 2760 adef)
1206 2720 1432 2772 possidebat
1469 2732 1558 2760 vera
1592 2720 1656 2758 illa
1691 2721 1816 2758 forma
1843 2719 2012 2758 hominis

80 2780 288 2818 Christiani
316 2780 554 2829 Apostolum
585 2778 746 2826 Christi,
775 2784 815 2816 vt
842 2789 923 2814 non
952 2775 1002 2813 ad
1024 2787 1064 2812 se
1080 2774 1306 2824 respiceret,
1335 2774 1402 2812 sed
1417 2774 1465 2812 ad
1482 2773 1677 2813 Christum
1693 2781 1809 2823 caput
1821 2780 2012 2863 ῃοεὲζιιζη,

1964 2838 2003 2863 m
