2334 3020
228 114 301 154 154
878 113 1092 141 THESES
1132 112 1561 142 THEOLOGICAE.

224 221 483 261 indicantur
513 219 679 258 decreti
716 219 806 259 Dei
837 220 1010 259 aeterni
1040 220 1233 260 nominc:
1265 217 1316 259 de
1347 234 1430 272 quo
1463 227 1553 261 tum
1591 221 1876 261 communiter
1891 253 1899 268 ‚
1933 229 2148 274 quatenus

221 281 367 320 omnia
408 284 554 318 creata
568 292 583 317 .·
627 285 717 318 tum
758 279 1077 331 singulariter,
1111 286 1325 331 quatenns
1358 281 1580 321 leontinum
1606 281 1746 334 finem
1780 282 2021 330 concernit,
2058 283 2144 323 sin—

216 340 342 392 gulis
377 337 754 391 disputationibus
785 345 929 378 actum
963 345 1054 378 est:
1088 346 1330 391 sequuntur
1362 347 1544 380 externa
1581 340 1671 380 Dei
1700 347 1854 392 opera,
1883 355 1993 393 quae
2010 342 2143 382 etiam

220 399 422 451 (triplicia
469 403 591 444 sunt,
643 404 831 438 naturae
874 398 1042 438 scilicet
1079 399 1123 439 (θ’
1157 399 1350 450 gratiae.
1384 400 1447 439 ad
1464 401 1665 452 primum
1698 400 1890 440 ordinem
1915 401 2145 453 pertinent

218 467 345 511 opera
374 457 611 498 creationis
644 459 688 497 ἅ
720 458 1066 498 conseruatiom's
1092 458 1258 506 mnndi.
1290 473 1366 499 nos
1393 459 1464 499 laic
1487 460 1538 499 de
1554 460 1772 500 creatione
1787 460 1957 501 dicturi
1972 475 2142 510 sumus,

219 519 357 558 secuti
388 531 586 558 normam
620 518 744 557 verbi
770 518 869 558 Dei.
901 518 1099 570 primum
1129 525 1273 558 autem
1306 533 1456 559 vocum
1487 520 1822 572 ambiguitatem
1855 521 2066 561 tollemus.

1027 675 1240 711 THESIS
1280 674 1311 711 Ι.

268 814 298 838 1.
354 801 529 838 Verbum
571 813 723 848 creare,
769 801 875 850 quod
918 801 955 839 in
991 801 1092 839 libro
1121 802 1264 839 Genes.
1293 813 1362 849 per
1390 802 1658 839 vocenrsbara
1685 801 1930 851 exprimitur,
1958 802 2141 840 trifariam

211 853 457 903 potissimum
498 853 622 904 accipi
660 861 789 903 potest
829 857 885 902 (vt
926 856 961 892 ἅ*
1003 853 1165 891 Basilius
1205 853 1243 891 in
1287 853 1373 902 Epi.
1408 854 1623 902 annotauit)
1651 865 1675 892 1.
1704 867 1775 903 pro
1804 855 2061 904 productione
2089 854 2142 892 rei

211 906 370 943 alicuius
412 919 457 943 ex
499 908 604 944 nulla
641 907 923 956 praeexistente
955 907 1126 944 materia.
1176 910 1272 944 (ππ.
1307 919 1337 943 1.
1372 920 1404 943 1.
1437 920 1469 944 2.
1499 920 1571 956 pro
1600 906 1652 944 rei
1682 907 1932 945 innouatione
1961 910 1995 945 δι
2024 915 2142 945 muta-

209 959 315 996 tione
358 958 396 995 in
431 966 573 996 statum
611 959 824 997 meliorem.
854 961 964 997 Psal.
995 971 1057 1009 51.
1091 973 1148 998 12.
1178 972 1213 1007 3.
1242 972 1314 1008 pro
1341 959 1620 1005 viuificatione,
1649 961 1684 997 δι
1713 960 1822 1008 quasi
1850 960 2141 998 resuscitatione

210 1025 257 1049 ex
285 1011 469 1061 mortuis,
496 1013 564 1050 Ps.
597 1025 681 1059 104.
711 1025 773 1061 30.
817 1014 874 1050 Te
905 1012 1105 1050 emittente
1134 1013 1307 1061 spiritum
1336 1019 1444 1049 tuum
1473 1020 1707 1051 recreantur.
1735 1012 1859 1061 prima
1886 1013 2062 1061 acceptio
2085 1021 2141 1050 est

211 1064 321 1102 huius
350 1064 438 1102 loci.
477 1065 648 1102 Mundus
676 1066 791 1103 etiam
821 1065 860 1102 in
889 1067 926 1103 S.
957 1064 1076 1103 literis
1104 1066 1174 1102 tria
1201 1064 1405 1114 praecipue
1433 1073 1562 1114 notat,
1591 1076 1616 1104 1.
1645 1066 1888 1114 Compagem
1916 1065 2033 1103 totius
2061 1066 2140 1103 vni-

212 1117 330 1165 uersi,
359 1116 398 1154 id
427 1124 484 1155 est
511 1119 686 1164 eoelum,
714 1125 876 1167 terram,
906 1120 941 1156 &
969 1130 1069 1167 quae
1098 1118 1135 1155 in
1165 1118 1217 1156 eis
1246 1125 1352 1165 sunt,
1382 1119 1496 1156 loan.
1530 1132 1561 1156 1.
1592 1131 1650 1155 10.
1677 1119 1782 1168 Eplz.
1811 1130 1895 1164 1.4.
1913 1131 1947 1155 2.
1965 1118 2139 1155 vitiosam

211 1182 297 1206 eam
322 1171 356 1206 &
386 1169 564 1207 miseram
588 1171 854 1208 conditionem
870 1170 1158 1220 complectitur,
1174 1182 1272 1219 quae
1288 1183 1335 1207 ex
1350 1170 1517 1208 hominis
1532 1177 1694 1220 peccato
1709 1170 1891 1208 omnibus
1906 1171 2010 1208 hisce
2026 1171 2141 1208 rebus

212 1222 265 1270 (in
296 1222 435 1271 quibus
462 1222 662 1260 manifesta
691 1224 830 1264 ἀταξία
856 1225 890 1261 &
919 1224 1174 1273 perturbatio)
1202 1224 1394 1270 inhaeret,
1425 1235 1449 1260 1.
1484 1225 1566 1262 loa.
1597 1237 1629 1260 2.
1667 1225 1723 1260 16.
1753 1225 1787 1261 δι
1820 1234 1854 1272 5.
1888 1237 1945 1272 19.
1970 1237 2138 1271 3.vnam

213 1276 408 1323 quandam
448 1282 597 1323 partem
636 1287 798 1324 eamque
836 1276 1118 1314 nobilissimam
1146 1279 1180 1314 ἃ
1209 1276 1575 1326 praestantissimam
1605 1276 1703 1313 inter
1730 1277 1933 1326 inferiora,
1961 1276 2140 1313 nimirum

213 1328 390 1365 homines
418 1334 588 1377 tantum,
616 1340 762 1377 eosque
792 1330 852 1366 vel
884 1342 1019 1366 omnes
1045 1329 1082 1366 in
1113 1342 1255 1378 genere
1285 1328 1482 1375 vniuerse,
1511 1331 1625 1366 Rom.
1644 1341 1679 1379 5.
1705 1342 1762 1367 12.
1792 1336 1856 1366 aut
1872 1329 2140 1378 communiter,

210 1381 323 1417 loan.
361 1391 418 1427 17..
450 1394 509 1417 21.
559 1394 590 1419 1.
619 1382 732 1419 loan.
770 1395 803 1419 2.
844 1395 879 1419 2.
914 1383 975 1420 vel
1013 1382 1050 1419 in
1080 1382 1208 1431 specie
1237 1382 1425 1430 reprobos
1453 1384 1488 1420 ἃ
1516 1382 1709 1420 infideles:
1751 1383 1865 1420 Ioau.
1899 1395 1956 1429 14.
1992 1393 2048 1429 17.
2081 1395 2140 1419 22.

212 1434 328 1470 loan.
363 1445 421 1481 17.
451 1446 486 1482 9.
529 1433 657 1482 primo
692 1435 812 1472 modo
849 1434 887 1472 in
917 1435 1168 1483 sequentibus
1197 1434 1357 1483 intelligi
1387 1436 1565 1472 volumus
1592 1440 1737 1472 tantum
1766 1436 1810 1472 de
1835 1437 2006 1484 vocibus,
2034 1447 2139 1472 nunc

211 1486 261 1522 ad
290 1498 373 1522 rem
402 1486 647 1525 accedamus,
2135 1526 2141 1531 .

265 1551 298 1575 2.
353 1539 523 1575 Mundus
565 1538 628 1576 hic
669 1552 716 1576 an
758 1547 909 1578 creatus
952 1539 1020 1588 sit,
1062 1539 1188 1589 primo
1225 1539 1438 1588 quaeritur:
1468 1552 1555 1578 eum
1583 1547 1712 1577 autem
1740 1547 1912 1577 creatum
1943 1552 2026 1578 esse
2056 1547 2139 1577 tum

213 1590 408 1639 Scriptura
435 1603 632 1640 expressa,
661 1599 743 1629 tum
771 1601 998 1641 argumenta
1025 1593 1099 1630 alia
1127 1593 1327 1630 innumera
1356 1592 1552 1631 euincunt.
1582 1592 1777 1642 Scriptura
1805 1592 1907 1630 enim
1937 1593 2036 1630 illius
2059 1605 2138 1630 cre-

210 1643 382 1681 ationem
412 1643 449 1680 in
479 1643 669 1693 principio
698 1644 756 1694 (id
784 1653 859 1690 est,
887 1645 1011 1694 primo
1041 1645 1227 1694 temporis
1256 1644 1438 1692 termino)
1467 1647 1607 1683 factam
1641 1657 1724 1683 esse
1745 1648 1839 1682 (jen.
1875 1658 1906 1682 1.
1933 1645 2139 1694 proponit,

209 1698 243 1733 &
268 1696 409 1745 passim
439 1696 595 1746 repetit:
626 1699 747 1735 Prou.
777 1700 812 1736 8.
841 1699 909 1735 Ps.
943 1711 1027 1737 102.
1061 1711 1144 1745 104.
1179 1710 1262 1746 ¹34·
1293 1699 1363 1735 ἃς.
1392 1698 1465 1735 alia
1495 1701 1586 1736 vero
1615 1705 1840 1747 argumenta
1868 1706 1954 1735 sunt
1982 1705 2062 1735 tum
2091 1711 2138 1735 ex

209 1749 427 1798 Scriptura,
469 1758 551 1787 turn
594 1763 640 1788 ex
680 1758 817 1788 natura
854 1751 985 1799 petita.
1022 1763 1069 1788 ex
1108 1751 1324 1800 Scriptura,
1354 1749 1389 1787 in
1419 1763 1494 1799 qua
1522 1751 1612 1788 anni
1641 1753 1663 1787 a
1693 1751 1853 1788 condito
1884 1751 2030 1788 mundo
2056 1751 2136 1787 dili-

208 1809 340 1850 genter
372 1804 395 1839 a
431 1803 544 1840 Mose
575 1803 734 1851 aliisque
763 1803 924 1852 Spiritus
953 1804 991 1842 S.
1019 1803 1280 1842 instrumentis
1308 1811 1580 1851 supputantur:
1611 1816 1658 1841 ex
1687 1814 1824 1841 natura
1852 1811 2000 1852 autem,
2029 1805 2136 1852 quod

207 1855 245 1891 in
283 1867 330 1891 eo
369 1866 591 1892 caussarum
631 1857 666 1893 δι
695 1856 903 1893 effectuum
933 1869 1158 1906 progressus
1187 1869 1266 1893 non
1295 1864 1351 1894 est
1380 1856 1571 1905 infinitus,
1599 1858 1633 1893 δε
1663 1856 1830 1893 mundus
1858 1856 1973 1908 etiam
2002 1865 2137 1893 natura

210 1919 278 1944 sua
306 1907 473 1944 interitui
502 1907 694 1957 subiacet,
727 1910 833 1957 quod
863 1909 911 1947 de
939 1909 1110 1947 increato
1139 1909 1215 1946 dici
1243 1909 1392 1958 nequit:
1423 1921 1540 1958 quare
1562 1908 1780 1948 Aristotelis
1801 1909 1849 1946 de
1866 1909 2001 1946 mundi
2015 1916 2134 1946 aeter-

209 1960 325 1997 nitate
368 1960 502 2009 opinio
543 1962 646 2007 (Lil).
685 1962 720 1998 8.
750 1963 849 2005 ΡΙιν.
884 1963 947 2000 lib.
983 1976 1014 2000 1.
1043 1964 1078 2000 δε
1109 1976 1143 2000 2.
1171 1963 1216 1999 de
1243 1964 1340 1999 coelo
1369 1966 1418 2002 ἐφ’
1447 1964 1601 2010 mundo)
1629 1961 1667 1999 in
1697 1961 1915 2011 Tlieologia
1942 1961 2135 1999 audienda

209 2024 288 2049 non
319 2019 387 2051 est.
417 2014 500 2050 Nec
530 2013 620 2051 hinc
650 2014 842 2064 sequitur,
871 2016 1000 2053 Deum
1023 2022 1112 2053 ante
1134 2014 1268 2052 mundi
1284 2015 1519 2053 creationem
1537 2014 1714 2052 ociosum
1730 2014 1971 2063 fuisse,nam
1986 2023 2137 2063 practer

210 2064 406 2102 actionem
433 2066 532 2103 hanc
561 2074 759 2104 externam
789 2075 905 2116 atque
932 2075 1215 2118 transeuntem,
1243 2075 1298 2106 est
1325 2068 1360 2104 δι
1387 2068 1490 2106 aliud
1517 2079 1638 2117 genus
1665 2067 1861 2105 actionum
1878 2066 2135 2116 internarum,

210 2117 519 2166 permanentium
562 2118 764 2169 videlicet,
808 2132 907 2169 quae
942 2122 1029 2158 Deo
1067 2120 1340 2158 terminantur:
1370 2128 1535 2169 suntque
1563 2122 1625 2158 vel
1653 2120 1874 2158 essentiales
1902 2131 2133 2158 communes

208 2170 332 2207 tribus
362 2170 560 2221 personis,
589 2179 630 2209 vt
658 2172 855 2211 decretum
885 2173 1628 2223 aeternum:velpersonales,personis
1643 2172 1823 2210 distincte
1838 2172 2132 2211 conuenientes:

207 2230 248 2260 vt
276 2223 420 2271 Patris,
450 2223 588 2261 Filium
618 2224 796 2274 gignere,
825 2228 859 2264 &
888 2227 1115 2276 amborum,
1146 2227 1290 2276 spirare
1319 2226 1502 2275 Spiritum
1531 2227 1726 2264 Sanctum.
1758 2227 1849 2263 Hoc
1877 2225 2128 2275 posito,Cre-

209 2276 379 2314 ationem
422 2276 644 2325 definimus,
685 2278 847 2327 primam
892 2281 926 2317 ἃ
961 2279 1241 2317 nobilissimam
1270 2279 1344 2317 Dei
1372 2279 1566 2317 actionem
1587 2286 1802 2321 externam,
1833 2290 1910 2328 qua
1937 2279 2042 2316 solus
2069 2278 2131 2315 ille

207 2327 378 2377 (ipserum,
412 2341 481 2377 per
513 2341 574 2377 se,
608 2331 817 2377 mundum,
849 2332 1064 2369 secundum
1094 2333 1293 2370 decretum
1321 2343 1454 2380 suum,
1483 2331 1699 2380 liberrime,
1728 2333 1814 2369 solo
1841 2339 1954 2379 nutu,
1983 2331 2131 2380 absque

206 2381 503 2431 defatigatione,
532 2383 595 2420 Ps.
624 2395 688 2431 33.
716 2396 751 2432 9.
780 2385 878 2422 Esa.
908 2398 971 2431 40.
1007 2387 1066 2422 28.
1094 2385 1132 2422 in
1161 2384 1351 2434 principio
1380 2384 1565 2434 temporis
1592 2384 1796 2434 produxit,
1825 2385 1860 2422 &
1887 2397 1954 2423 sex
1980 2383 2128 2421 dierum

205 2433 329 2481 spatio
375 2433 586 2483 disposuit,
628 2435 745 2484 idque
781 2443 848 2473 aut
884 2439 989 2474 nulla
1020 2438 1301 2487 praeexistente
1329 2438 1487 2476 materia
1516 2437 1743 2486 efficiendo,
1771 2444 1836 2474 aut
1863 2436 1901 2474 in
1930 2436 2128 2474 materiam

204 2484 450 2536 inducendo,
478 2487 529 2524 ad
557 2499 767 2526 commune
795 2490 963 2540 bonum,
994 2490 1028 2527 &
1056 2490 1219 2539 gloriam
1248 2502 1369 2529 Suam.

258 2550 294 2585 3.
348 2540 393 2576 In
430 2541 503 2576 hac
532 2539 757 2578 definitione
789 2554 944 2580 caussas
974 2544 1008 2580 ἃ
1036 2544 1173 2581 effecta
1200 2545 1223 2580 a
1251 2544 1457 2592 Theologo
1486 2542 1651 2580 maxime
1680 2541 1963 2580 consideranda
1990 2553 2128 2590 expen-

205 2589 354 2628 demus.
396 2592 564 2630 Caussae
604 2601 692 2630 sunt
722 2595 782 2631 vel
812 2603 1013 2642 externae,
1041 2597 1101 2633 vel
1129 2596 1319 2644 internae,
1347 2602 1462 2645 prout
1489 2595 1584 2633 aliae
1612 2602 1719 2642 sunt,
1747 2594 1849 2632 intus
1875 2595 1913 2632 in
1943 2607 2003 2643 re,
2032 2594 2128 2631 aliae

202 2642 314 2679 foris:
343 2652 522 2682 externae
549 2652 656 2693 sunt,
688 2646 859 2684 efficiens
887 2649 921 2685 ἃ*
952 2648 1048 2686 finis.
1074 2649 1266 2697 Efficiens
1294 2660 1429 2685 caussa
1456 2647 1569 2697 igitur
1596 2655 1652 2685 cst
1679 2649 1785 2685 Deus
1801 2647 1977 2696 Elohim,
1994 2648 2126 2693 Pater,

203 2694 324 2744 filius,
352 2697 387 2733 δι
418 2697 579 2746 Spiritus
607 2698 644 2735 S.
681 2701 774 2736 Gen.
814 2713 842 2736 ι.
881 2714 907 2737 ι.
941 2701 1002 2738 26.
1031 2702 1096 2739 Ps.
1131 2714 1214 2738 102.
1246 2702 1305 2738 26.
1335 2702 1385 2738 ἐφ’
1417 2714 1500 2747 124.
1528 2703 1564 2738 8.
1594 2702 1672 2738 &a
1703 2701 1779 2740 Col.
1803 2713 1834 2738 1.
1865 2702 1921 2737 16.
1950 2701 2036 2736 Act.
2069 2709 2124 2746 17.

188 2759 266 2793 -24,
314 2762 344 2786 1.
388 2752 462 2786 Pet.
491 2763 528 2796 4.
570 2763 628 2799 19.
662 2751 794 2800 (idque
823 2752 938 2789 etiam
967 2765 1112 2790 nomen
1141 2755 1287 2803 plurale
1318 2755 1438 2790 verbo
1466 2753 1645 2803 singulari
1673 2753 1868 2801 iunctum,
1902 2753 1996 2842 ng.
2028 2764 2060 2789 1.
2092 2764 2125 2789 1.

1965 2810 2123 2842 enotare
