2334 3020
764 123 981 155 ’11111565
1024 122 1450 150 THEOLOGICAE.
1998 115 2065 162 185

139 237 287 281 uasset,
315 230 409 269 nihil
437 242 506 280 per
532 242 572 269 se
601 228 846 279 contulisset,
874 236 1027 279 praeter
1054 242 1099 268 ea
1126 240 1225 278 quae
1254 230 1450 268 creatione
1477 231 1500 266 a
1528 229 1614 266 Deo
1644 234 1860 278 acceperat.
1905 230 2000 267 Gen.
2033 242 2069 278 3.

140 286 178 324 6.
218 285 331 322 Rom.
375 295 410 334 5.
456 296 514 321 12.
556 283 636 322 Hic
663 289 823 322 euentus
865 295 1024 321 omnem
1065 294 1174 332 spem
1215 282 1345 321 salutis
1386 295 1433 321 ex
1466 282 1542 320 hoc
1580 282 1737 320 foedere
1766 282 2070 332 consequendae

138 337 287 376 homini
315 335 486 376 abstulit.

198 404 256 429 12.
312 391 413 429 Cum
454 396 583 429 autem
620 390 667 428 sit
699 389 937 440 impossibile
964 395 1005 427 vt
1034 390 1132 428 vllus
1159 403 1206 428 ex
1234 389 1279 428 iis
1307 401 1406 440 quos
1438 389 1552 440 elegit
1585 390 1712 438 Deus,
1740 396 1893 440 pereat,
1921 389 2069 428 Matth.

143 457 202 491 24.
235 457 295 490 24.
334 444 397 482 ille
433 443 732 494 sapientissime,
770 456 817 481 ex
845 442 1109 481 misericordia
1138 454 1224 493 sua,
1253 443 1354 481 viam
1384 442 1585 493 proposuit
1614 442 1779 481 iustitiae
1809 454 1900 481 suae
1928 453 2068 481 conue-

140 496 310 534 nientem
345 500 437 546 (qua
464 504 665 547 peccator,
694 496 730 534 in
761 509 802 534 se
829 495 1023 546 perditus,
1053 495 1092 533 111
1120 496 1281 546 gratiam
1311 497 1444 535 redeat
1471 498 1506 534 81
1538 502 1680 534 metam
1708 495 1949 546 propositam
1979 508 2069 533 con-

140 551 338 598 sequatur)
370 549 462 587 dum
499 549 618 587 silium
655 561 766 588 suum
800 548 914 587 nobis
942 549 1031 587 fecit
1058 548 1266 598 iustitiam,
1294 549 1606 599 redemptionem
1634 550 1669 587 &
1698 548 2067 598 sanctificationem,

147 616 158 639 1
197 603 365 642 Corinth.
400 616 432 641 1.
462 615 523 651 30.
552 610 593 641 vt
620 615 688 652 per
716 609 881 641 mortem
909 602 989 640 eius
1017 602 1255 640 reconciliati
1283 601 1375 653 ipsi,
1399 602 1584 641 haeredes
1598 603 1735 640 fiamus
1750 602 1851 640 vitae
1866 608 2067 652 aeternae,

141 669 176 693 2.
207 656 296 694 Cor.
326 666 360 705 5.
394 669 451 705 19.
493 655 575 694 sine
616 657 692 694 vlla
734 654 961 694 conditione
997 657 1111 693 Rom.
1140 657 1177 693 8.
1211 666 1270 704 17.
1299 669 1346 694 ex
1374 663 1483 706 parte
1511 655 1653 707 nostri3
1681 657 1794 693 Rom.
1825 668 1862 704 3.
1893 666 1953 703 27.
1984 668 2070 705 pro-

140 708 229 746 inde
257 716 413 746 nostrae
441 708 570 746 salutis
599 708 851 759 principium,
879 708 1006 747 media
1034 712 1068 746 &
1097 709 1213 747 finem
1240 708 1278 746 in
1308 709 1464 748 Christo
1492 721 1705 759 agnoscere
1728 707 2071 758 debeamus,nihil

140 767 270 799 autem
298 760 337 798 in
365 760 500 813 nobis,
528 763 641 800 Rom.
671 764 707 800 8.
737 775 799 811 32.

196 826 257 862 13.
311 815 395 852 Nec
434 821 565 852 tamen
607 826 793 866 negamus
834 814 951 852 fidem
987 814 1348 864 apprehendentem
1376 814 1575 853 Christum
1603 816 1754 853 fontem
1782 815 1999 865 bonorum,
2030 814 2070 851 in

140 866 300 905 homine
335 868 386 905 ad
420 869 582 906 salutem
610 867 866 906 necessariam
895 879 998 906 esse:
1027 868 1096 905 sed
1123 874 1393 917 praeterquam
1422 868 1531 918 quod
1559 869 1594 906 St
1623 867 1687 906 illa
1715 867 1790 907 Dei
1816 868 1966 906 donum
1996 874 2074 918 651,

140 922 229 958 cum
266 926 415 958 tantum
449 920 748 959 instrumentum
777 920 825 960 sit
853 923 887 959 &
917 932 1051 959 manus
1080 921 1201 970 reci(f.
1235 922 1346 959 1662.
1349 921 1475 971 )piens
1502 921 1713 973 beneficia,
1742 921 1952 960 essentialis
1981 933 2072 959 con-

140 973 236 1011 ditio
265 972 343 1011 dici
372 986 452 1011 non
481 981 621 1024 potest.
651 975 755 1026 Eplc.
787 988 821 1013 2.
851 976 886 1011 8

198 1039 256 1073 14.
311 1028 440 1076 Atque
467 1027 532 1065 illa
557 1034 613 1066 est
639 1029 759 1066 altera
787 1026 861 1065 Dei
889 1026 1078 1077 generalis
1107 1026 1310 1076 dispositio
1339 1027 1506 1077 gratuita
1533 1028 1569 1065 &
1598 1026 1711 1064 vnica
1732 1027 1862 1065 salutis
1886 1026 1969 1076 via,
1991 1026 2074 1064 sine

141 1091 217 1129 qua
248 1081 375 1117 nullus
403 1092 574 1130 vnquam
602 1080 804 1118 hominum
832 1079 869 1117 in
897 1079 1060 1129 gratiam
1089 1091 1178 1117 cum
1207 1081 1295 1118 Deo
1322 1080 1454 1131 rediit,
1483 1087 1548 1118 aut
1581 1079 1739 1117 redibit:
1783 1081 1884 1118 Nam
1913 1093 1993 1117 non
2017 1087 2073 1118 est

140 1132 245 1170 aliud
275 1145 421 1170 nomen
451 1135 522 1172 sub
550 1135 662 1172 coelo
691 1147 759 1183 per
787 1132 894 1182 quod
921 1134 1022 1170 salus
1050 1132 1267 1183 contingat,
1297 1140 1450 1181 praeter
1478 1135 1618 1171 Iesum.
1648 1134 1734 1170 Acz‘.
1763 1146 1800 1179 4.
1833 1147 1894 1172 12.
1931 1133 2073 1171 Merito

140 1185 254 1235 igitur
281 1186 499 1235 blasphemi
527 1187 707 1224 dicuntur
734 1186 797 1235 qui
825 1185 992 1223 Iudaeos
1019 1198 1089 1234 per
1117 1186 1264 1236 legem,
1288 1186 1323 1222 &
1347 1185 1536 1224 Ethnicos
1560 1199 1628 1236 per
1654 1185 2072 1236 pliilosophiam,ante

142 1238 340 1276 Christum
367 1246 521 1290 natum,
550 1241 711 1277 salutem
741 1237 988 1288 acquisiuisse
1017 1245 1230 1276 autumant.

200 1303 256 1342 15.
312 1291 467 1330 Vtimur
492 1299 622 1330 autem
650 1292 819 1342 generali
846 1291 1003 1329 nomine
1032 1290 1317 1342 dispositionis,
1346 1291 1437 1341 quia
1464 1291 1653 1342 foederis,
1669 1293 1704 1329 &
1721 1291 1961 1330 Testamenti
1976 1292 2075 1330 ratio

140 1357 220 1382 non
262 1346 388 1383 solum
423 1344 463 1382 in
497 1345 621 1395 reipsa
655 1344 877 1395 respicitur,
913 1344 982 1383 sed
1014 1343 1259 1393 potissimum
1287 1358 1334 1384 ex
1361 1345 1482 1383 modo
1511 1353 1671 1384 externo
1702 1346 1737 1382 &
1766 1346 2076 1384 solemnitatibus

139 1398 195 1435 rei
222 1397 423 1447 adhibitis,
452 1398 667 1437 deducitur.
697 1397 776 1436 Hic
805 1400 898 1435 vero
926 1409 1009 1434 rem
1036 1397 1159 1446 ipsam
1188 1398 1293 1437 nude
1321 1406 1427 1437 extra
1454 1399 1647 1437 rationem
1678 1399 1888 1437 modorum
1916 1406 1981 1437 aut
2006 1398 2076 1436 cir-

141 1450 456 1488 cumstantiarum
484 1452 668 1502 vllarum,
699 1450 986 1501 proposuimus.
1015 1450 1179 1489 Materia
1208 1464 1302 1502 ergo
1331 1450 1523 1503 foederis,
1552 1453 1587 1490 &
1612 1452 1870 1503 Testamenti,
1888 1454 1984 1490 haec
2000 1451 2076 1489 dici

141 1510 288 1555 potest,
319 1514 419 1553 quae
447 1505 536 1542 611111
563 1507 587 1542 a
615 1505 736 1542 modo
765 1511 926 1542 externo
955 1505 990 1542 &
1021 1503 1316 1544 circumstantiis
1346 1505 1469 1544 varias
1492 1505 1671 1544 habuerit
1699 1507 1908 1544 formas'&
1936 1504 2076 1555 facies,

141 1560 267 1606 euque
295 1557 448 1595 diuersa
473 1557 655 1609 nomina,
683 1557 833 1608 singula
859 1556 1112 1607 sequentibus
1140 1557 1334 1597 delineare
1363 1558 1607 1598 conabimur.

199 1610 256 1648 16.
312 1609 517 1649 Varietatis
546 1610 654 1649 istius
681 1612 767 1649 fons
796 1611 834 1649 in
863 1624 911 1649 eo
939 1623 1023 1649 esse
1050 1610 1223 1662 videtur,
1247 1612 1354 1662 quod
1370 1624 1490 1662 quum
1505 1612 1689 1651 omnibus
1704 1612 1884 1651 fidelibus
1900 1611 2078 1650 Christus

143 1662 255 1701 suerit
290 1675 380 1701 cum
413 1663 612 1703 beneficiis
642 1664 719 1702 suis
747 1663 960 1714 exhibitus,
989 1670 1120 1702 tamen
1149 1664 1216 1714 qui
1243 1672 1332 1704 ante
1360 1672 1538 1716 tempore
1566 1666 1756 1704 aduentus
1785 1665 1904 1715 ipsius
1932 1665 1970 1703 in
1999 1679 2078 1703 car-

142 1729 250 1766 nem,
293 1716 490 1767 vixerunt,
532 1717 743 1756 credebant
782 1717 891 1756 illum
926 1730 997 1767 pro
1033 1718 1203 1767 peccatis
1241 1718 1382 1758 nostris
1410 1719 1586 1758 omnium
1617 1719 1848 1758 moriturum
1881 1720 1952 1757 &Q
1994 1720 2077 1756 Nos

143 1771 234 1808 vero
262 1777 351 1819 post
378 1769 575 1809 Christum
601 1783 776 1822 passum,
804 1773 874 1810 &c.
905 1770 1099 1809 credimus
1129 1773 1164 1809 δι
1195 1772 1376 1810 110111111115
1403 1775 1426 1810 a
1453 1780 1650 1811 seruatore
1677 1780 1812 1812 nostro
1842 1772 2078 1822 illaimpleta

142 1835 224 1861 esse
266 1835 365 1872 quae
400 1824 452 1862 ad
488 1801 800 1885 redemptionem
829 1824 952 1863 nostri
979 1823 1243 1874 pertinebant.
1281 1825 1578 1877 Redemptionis
1606 1825 1787 1880 inquam,
1816 1833 1970 1875 actum,
1998 1838 2078 1862 non

142 1877 320 1915 fructum.
349 1877 451 1915 Nam
479 1877 593 1916 etiam
620 1878 899 1928 promissiones
925 1878 1137 1929 habemus,
1167 1890 1331 1928 quarum
1360 1876 1692 1930 complementum
1719 1891 1940 1929 speramus,
1964 1880 2078 1916 Rom

144 1940 178 1979 5.
211 1943 242 1966 2.
275 1931 310 1967 &
338 1930 446 1969 cuius
473 1931 595 1981 gratia
623 1932 797 1970 Christus
825 1942 902 1981 qua
927 1931 1172 1981 Redemptor
1198 1939 1353 1984 regnat,
1383 1933 1512 1972 (101166
1540 1932 1723 1984 perfectis
1751 1932 1954 1983 omnibus,
1969 1933 2077 1969 Deus

142 1984 191 2021 sit
218 1983 350 2022 onmia
376 1984 414 2022 in
442 1984 636 2023 omnibus.
670 1999 700 2022 1.
735 1985 910 2024 Cormtlz.
945 1995 1095 2034 1524.

200 2048 257 2085 17.
313 2037 374 2074 Ex
414 2037 488 2076 hac
529 2038 818 2077 circumstantia
854 2037 1066 2088 temporis,
1104 2040 1325 2088 generalem
1355 2041 1584 2092 modorum,
1612 2039 1753 2088 quibus
1782 2039 1946 2090 gratiam
1974 2038 2080 2076 illam

142 2101 250 2128 suam
279 2091 386 2128 Deus
412 2091 636 2130 hominibus
665 2091 895 2131 declarauit.
926 2091 1216 2131 distinctionem
1245 2094 1560 2145 obseruabimus,
1585 2105 1721 2132 eorum
1745 2093 1893 2132 scilicet
1908 2091 2078 2142 quiante

143 2143 340 2182 Christum
368 2151 503 2183 natum
532 2145 801 2193 obtinuerunt,
830 2147 865 2183 ἃ
895 2144 961 2195 (1111
987 2152 1078 2195 post
1104 2146 1317 2185 aduentum
1346 2147 1442 2186 eius.

201 2199 259 2235 18.
313 2199 482 2247 Atque
479 2205 512 2236 :t
539 2199 588 2236 de
615 2199 743 2249 primo
772 2199 968 2249 dieamus,
997 2198 1113 2237 etiam
1140 2206 1229 2238 ante
1259 2200 1473 2239 Seruatoris
1502 2200 1626 2239 nostri
1653 2201 1888 2250 aduentum,
1918 2197 2081 2237 diuersis

144 2250 271 2288 modis
298 2252 538 2290 voluntatem
566 2263 675 2290 suam
702 2252 902 2291 Ecclesiae
931 2251 1109 2301 exposuit
1138 2252 1349 2302 Dominus,
1381 2254 1489 2304 quod
1517 2254 1746 2292 adsalutem
1762 2254 1801 2291 in
1817 2252 1974 2292 Christo
1989 2264 2082 2289 6011-

143 2304 381 2353 sequendam
423 2305 580 2344 attinet:
624 2307 726 2343 Heb.
771 2319 877 2345 1.1.
921 2306 1172 2364 Quapropter
1208 2306 1325 2345 trium
1356 2309 1578 2346 seculorum
1606 2306 1798 2345 rationem
1826 2305 2079 2348 habebimus,

144 2357 283 2406 quibus
329 2358 404 2396 alia
442 2358 559 2397 facies
603 2360 637 2397 &
677 2360 804 2397 forma
839 2359 892 2397 illi
932 2359 1057 2397 eidem
1093 2359 1147 2396 rei
1182 2360 1443 2412 substantiae,
1478 2373 1596 2410 quam
1631 2360 1937 2410 declarauimus,
1967 2369 2082 2407 super

144 2409 301 2449 addicta
330 2410 411 2450 fuit.

200 2477 259 2513 19.
312 2464 484 2502 Primum
517 2463 624 2514 quod
656 2464 727 2502 fuit
760 2467 783 2503 a
819 2464 1061 2515 temporibus
1089 2465 1185 2515 lapsi
1214 2466 1358 2505 Adami
1384 2467 1499 2527 primi
1528 2466 1697 2517 parentis
1727 2466 1848 2505 nostri
1877 2477 2001 2514 vsque
2033 2463 2082 2502 ad

144 2517 411 2555 Abrahamum
440 2524 589 2568 patrem
619 2518 810 2568 fidelium,
842 2517 1109 2568 promissionis
1138 2519 1298 2570 dicitur3
1327 2521 1417 2570 quia
1446 2527 1540 2558 tunc
1568 2519 1700 2559 salutis
1730 2520 1791 2558 via
1820 2520 1970 2557 tantum
1996 2529 2082 2567 111πο

143 2569 325 2608 missione
351 2570 437 2621 illa,
466 2582 565 2620 quae
594 2578 718 2609 exstat
752 2572 848 2610 Gen.
877 2584 914 2621 3.
942 2570 1117 2621 exposita
1146 2581 1227 2610 erat
1254 2575 1495 2624 luculenter,
1522 2573 1701 2623 quamuis
1729 2573 1949 2622 succinete3
1977 2571 2080 2608 vnde

140 2623 297 2672 piorum
327 2624 421 2662 fides
450 2623 504 2662 illi
531 2623 781 2689 promissioni
810 2625 969 2663 firmiter
997 2625 1194 2664 haerebat

194 2690 254 2714 20.
309 2676 393 2715 Etsi
432 2680 524 2715 vero
561 2676 625 2715 hic
663 2679 812 2716 tantum
840 2678 1061 2728 spondebat
1087 2679 1194 2716 Deus
1223 2680 1342 2727 (vnde
1371 2681 1509 2719 foedus
1539 2680 1616 2718 (1161
1657 2692 1736 2718 11011
1766 2680 1912 2728 potest)
1943 2684 2081 2715 tamen

137 2741 382 2778 consequens
409 2737 491 2768 erat
518 2730 870 2769 manifestissimum
898 2739 940 2769 vt
968 2730 1146 2769 homines
1176 2733 1305 2770 Deum
1334 2736 1529 2784 colerent,
1553 2734 1609 2770 &1
1602 2740 1755 2783 rratum
1774 2731 1949 2770 animum
1970 2742 2083 2768 suum

134 2782 306 2834 pietatis,
337 2783 612 2833 charitatisque
635 2783 1083 2835 officiis,testar<³:nt11r
1114 2785 1222 2833 quod
1249 2793 1454 2837 vtrumque
1482 2764 1656 2825 secernunt
1685 2786 1736 2836 pij
1767 2799 1791 2823 a
1817 2784 1985 2835 quibus
1977 2795 2084 2821 muo-

1089 2848 1137 2883 24
1955 2843 2085 2875 catum
