2334 3020
734 112 947 139 THESES
989 109 1430 137 THEOLOGICAE.
1986 113 2059 149 219

110 228 334 259 constanter
376 218 605 265 asserhnus3
646 219 878 270 scripturam
915 217 1065 268 quoties
1093 217 1140 255 de
1166 216 1434 256 iustificatione
1464 218 1633 256 hominis
1667 217 1884 268 peccatoris
1912 231 2050 256 coram

113 276 198 311 Deo
242 272 431 322 loquitur,
464 272 605 309 iustum
636 274 707 311 Dei
737 272 774 311 in
800 273 956 312 Christo
985 284 1056 309 nos
1085 270 1345 320 absoluentis,
1377 270 1413 309 in
1445 272 1531 310 soro
1562 271 1627 309 illo
1659 271 1793 309 ‹liuino
1824 274 1859 310 &
1889 272 2047 309 caelesti

111 326 290 364 tribunali
331 327 447 363 latam
488 326 737 370 sententiam,
779 327 814 364 ἃ
857 326 1048 364 iustorum
1077 323 1443 373 pronunciationem
1473 324 1705 374 intelligere,
1735 331 1853 374 atque
1887 324 2048 363 vocibus

110 381 226 417 etiam
266 378 511 417 iudicialibus
561 391 608 416 ae
649 380 866 418 forensibus
908 378 1142 416 describere.
1186 378 1276 416 Non
1319 386 1449 416 autem
1478 378 1649 428 aliquam
1679 378 1951 416 alterationem
1980 386 2046 416 aut

110 432 339 481 qualitatum
379 430 631 479 infusionem,
671 440 737 470 aut
777 432 947 482 denique
992 443 1059 481 per
1103 443 1223 479 opera
1253 437 1384 469 nostra
1411 430 1734 481 acquisitionem,
1764 442 1882 480 quam
1911 431 2050 470 aduer-

111 486 195 535 sarij
226 498 273 523 ex
296 484 625 534 Philosophorum
653 486 798 524 scholis
824 486 863 524 in
893 485 1110 523 Ecclesiam
1136 483 1209 521 Dei
1239 483 1490 522 introducere
1519 492 1723 522 conantur.

164 553 201 585 4.
257 537 447 586 Quamuis
489 544 620 575 autem
649 540 837 577 fateamur
865 551 1004 577 vocem
1033 536 1285 587 iustificandi,
1322 537 1517 575 interdum
1547 536 1782 587 quibusdam
1810 536 1905 575 locis
1934 536 2037 576 varie

107 590 302 641 vsurpari,
345 590 409 629 vbi
450 589 556 628 istius
598 603 803 640 processus
841 590 1030 629 iudicialis
1062 603 1141 628 non
1172 591 1212 628 fit
1242 590 1409 629 mentio:
1444 597 1480 628 vt
1509 591 1599 629 cum
1628 589 1832 628 iustificare
1865 589 2040 640 ponitur.

114 659 144 683 1.
177 647 249 683 Pro
294 645 378 681 Deo
420 642 584 681 iustitiae
625 644 779 684 laudem
817 644 997 683 tribuere.
1036 657 1068 681 2.
1100 650 1164 681 ant
1193 643 1458 682 testimonium
1488 643 1716 693 perhibere,
1746 644 1805 681 vel
1836 643 1974 682 falsam
2007 645 2042 682 ἃ*

108 698 262 735 inanem
290 695 472 734 iustitiam
502 703 708 736 ostentare.
738 712 775 746 4.
805 699 865 736 vel
895 696 1065 746 denique
1094 695 1132 734 in
1161 697 1365 734 sanctitate
1395 697 1430 734 &
1461 696 1628 746 puritate
1657 696 1758 735 vitae
1788 709 2042 746 progressum

109 752 244 788 faeere.
290 759 325 797 5.
368 751 466 786 [tem
497 748 533 786 in
564 749 704 788 iustitia
732 751 951 799 instituere,
981 750 1259 798 instruereque.
1291 751 1327 787 6.
1358 751 1419 787 vel
1448 753 1670 800 postremo,
1700 748 1884 788 iustitiam
1917 750 2048 788 testari

108 816 241 841 coram
270 801 506 840 hominibus.
536 803 687 840 Tamen
709 804 828 853 haec,
845 805 934 841 eum
950 817 996 841 ex
1010 809 1136 840 textus
1152 801 1328 852 diligenti
1343 803 1618 841 obseruatione
1636 803 1839 853 perspicua
1855 802 2049 852 euadant,

108 854 338 894 sententiam
370 861 565 903 nostram,
594 867 710 904 supra
738 857 913 906 allatam,
943 867 1190 904 nequaquam
1219 856 1441 894 conuellere
1470 863 1644 905 possunt.

163 920 196 958 5.
254 910 337 946 Imo
383 910 473 946 vero
516 922 561 945 ex
605 908 662 946 his
704 910 905 947 manifeste
945 915 1125 958 apparet:
1168 907 1365 946 iustificari
1393 908 1562 958 aliquem
1592 910 1651 947 vel
1681 921 1814 947 coram
1846 910 1956 955 Deo,
1991 910 2049 946 vel

108 975 241 1000 coram
284 960 519 999 hominibus.
565 962 706 1000 Coram
748 963 981 1011 hominibus,
1023 963 1115 999 cum
1156 961 1242 1010 quis
1271 973 1317 999 ex
1353 962 1535 1010 operibus
1563 962 1738 1001 charitati
1768 961 2045 1001 conformibus

107 1015 226 1053 iustus
253 1022 433 1052 censetur
461 1015 511 1052 ab
542 1014 767 1054 hominibus
795 1016 937 1053 Coram
969 1015 1053 1052 Deo
1083 1015 1143 1053 vel
1172 1027 1219 1052 ex
1247 1014 1433 1064 operibus
1462 1016 1523 1053 vel
1556 1028 1603 1053 ex
1632 1015 1722 1053 fide.
1750 1015 1816 1052 Ea·
1843 1016 2050 1066 operibus,

107 1069 196 1106 cum
238 1067 323 1117 quis
367 1079 526 1105 suorum
564 1080 728 1118 operum
758 1068 998 1118 perfectione
1027 1070 1062 1106 &
1092 1067 1328 1117 integritate,
1361 1068 1562 1106 vniuersae
1591 1068 1666 1118 legi
1695 1067 1849 1106 diuinae
1877 1069 2050 1117 perfecte

106 1121 360 1168 satisfaciens
390 1121 428 1158 in
458 1120 601 1159 iudicio
631 1121 705 1160 Dei
734 1122 853 1160 iustus
882 1128 1073 1160 censetur.
1104 1122 1235 1170 Quam
1263 1120 1446 1159 iustitiam
1475 1133 1566 1160 cum
1592 1123 1806 1171 perfectam
1824 1123 1858 1159 &
1876 1122 2048 1159 omnebus

107 1176 276 1212 numeris
318 1174 531 1212 absolutam
570 1188 652 1213 esse
682 1182 882 1236 oporteat:
912 1186 1082 1224 cumque
1110 1174 1308 1213 neminem
1336 1174 1541 1213 hominum
1571 1188 1657 1213 eam
1686 1181 1883 1224 praestare
1914 1188 2047 1224 posse,

106 1228 185 1267 imo
215 1229 353 1266 eontra
381 1240 534 1276 semper
562 1228 599 1265 in
630 1242 718 1266 eam
747 1229 960 1279 impingere
989 1241 1036 1266 ac
1064 1230 1254 1288 perpetuo
1285 1227 1510 1278 delinquere
1539 1236 1688 1267 certum
1713 1228 1782 1278 sit,
1803 1227 1893 1266 inde
1909 1227 2051 1266 61111161-

108 1289 189 1329 tur,
230 1282 305 1318 hac
346 1279 488 1319 iustitia
529 1293 716 1332 operum,
760 1295 860 1332 quae
898 1285 933 1321 ἃ
962 1281 1057 1332 legis
1085 1280 1225 1319 iustitia
1253 1282 1288 1319 &
1317 1281 1476 1332 propria
1504 1281 1663 1332 dicitur,
1692 1258 1888 1320 neniinem
1918 1293 2051 1319 coram

108 1336 195 1373 Deo
238 1333 434 1372 iustificari
474 1347 610 1384 posse,
652 1348 697 1374 ac
736 1335 902 1385 proinde
938 1336 1054 1374 aliam
1083 1334 1268 1373 iustitiam
1298 1334 1412 1374 nobis
1442 1336 1707 1385 quaerendam
1737 1348 1820 1373 esse
1849 1333 1880 1372 si
1909 1334 2050 1373 seruari

109 1388 301 1437 cupimus,
325 1386 509 1425 nimirum
526 1389 666 1426 Delas
683 1389 850 1435 Christi,
875 1401 976 1449 quae
991 1387 1108 1426 etiam
1123 1388 1265 1426 iustitia
1279 1390 1399 1438 fidei,
1423 1390 1623 1439 imputata,
1639 1389 1884 1447 Ezcazlgrt'lf‘ca
1898 1387 2050 1426 dicitur.

160 1443 197 1480 6.
254 1441 365 1489 Quae
393 1448 523 1479 autem
552 1440 599 1479 sit
628 1442 692 1480 illa
721 1451 854 1480 nostra
882 1441 1039 1502 iustitia,
1074 1441 1187 1480 facile
1210 1453 1525 1501 cognoscemus,
1555 1455 1645 1480 cum
1675 1453 1775 1492 quae
1802 1440 1877 1479 sint
1892 1453 2051 1479 caussae

106 1494 226 1542 illius,
270 1494 518 1544 vaiectum,
556 1495 591 1532 &
630 1494 734 1534 Finis
772 1495 1064 1546 perspiciemus.
1100 1509 1130 1533 1.
1161 1494 1303 1545 Igitur,
1333 1509 1473 1534 caussa
1501 1497 1677 1546 efficiens
1705 1500 1762 1533 est
1787 1496 1892 1533 solus
1921 1496 2050 1543 Deus,

106 1555 146 1585 vt
174 1555 284 1597 pote,
313 1554 450 1585 contra
478 1560 595 1597 quem
625 1550 751 1587 solum
780 1549 1060 1600 delinquimus,
1089 1550 1125 1587 &
1154 1548 1221 1598 qui
1251 1556 1438 1599 tanquam
1463 1561 1664 1599 supremus
1687 1548 1803 1587 iudex
1819 1550 1924 1586 solus
1938 1549 2050 1586 abso-

106 1602 211 1639 luere
255 1601 315 1639 vel
356 1601 622 1640 condemnare
659 1609 799 1651 potest.
843 1602 927 1641 Etsi
962 1605 1052 1641 vero
1082 1609 1122 1640 vt
1150 1601 1224 1640 alia
1253 1615 1373 1652 opera
1402 1601 1601 1641 Trinitatis
1629 1603 1679 1640 ad
1709 1608 1834 1650 extra,
1863 1601 2050 1651 indiuisa,

104 1668 185 1692 non
228 1653 354 1692 minus
396 1653 461 1692 vni
502 1667 693 1704 personae
735 1668 852 1706 quam
880 1656 990 1694 alteri
1018 1662 1249 1705 conpetant,
1279 1655 1331 1693 ita
1359 1656 1394 1694 &
1421 1656 1499 1694 hoe
1527 1655 1673 1706 ipsum:
1706 1632 1889 1705 peculiari
1917 1662 2049 1693 tamen

104 1707 245 1757 modo,
274 1708 381 1746 Deus
410 1709 536 1757 Pater,
566 1709 656 1746 cum
686 1709 837 1748 ratione
866 1710 1067 1755 εὐδοκίας,
1092 1722 1165 1748 1105
1191 1709 1512 1759 praedestinantis
1538 1709 1576 1747 in
1591 1708 1845 1759 adoptionem
1861 1708 2049 1757 filiorum,

103 1767 185 1798 tum
220 1760 368 1799 ratione
399 1761 656 1800 ordinationis
686 1763 750 1812 filij
781 1770 822 1801 vt
850 1770 950 1801 esset
979 1761 1136 1801 victima
1163 1763 1199 1800 ἃ(
1227 1761 1471 1812 propitiatio:
1502 1769 1585 1801 tum
1614 1762 1764 1801 ratione
1780 1761 2051 1812 applicationis

104 1813 214 1852 huius
243 1813 424 1852 beneficii
451 1817 475 1852 a
504 1814 583 1853 filio
612 1815 729 1865 parti,
760 1815 931 1855 efficiens
960 1827 1095 1854 caussa
1124 1815 1283 1854 dicitur:
1314 1829 1360 1854 ac
1388 1817 1531 1855 horum
1561 1816 1738 1854 omnium
1769 1816 1853 1854 sola
1886 1815 2050 1865 gratuita

103 1866 368 1906 misericordia
398 1867 477 1906 eius
506 1870 541 1906 &
571 1867 749 1917 dilectio,
780 1881 897 1908 causa
925 1871 1187 1920 προηγουμένη
1216 1868 1370 1907 dicitur.

157 1932 191 1969 7.
248 1922 515 1960 Veruntamen
557 1921 609 1960 ita
649 1922 818 1972 gratuita
859 1929 915 1961 est
959 1924 1056 1959 'naec
1098 1922 1341 1973 iustificatio,
1369 1930 1411 1961 vt
1439 1922 1556 1961 etiam
1585 1922 1750 1961 iustitiae
1779 1921 1937 1959 diuinae
1969 1934 2049 1958 non

102 1981 312 2025 repuwnet·
354 1981 470 2024 atque
509 1987 598 2013 cum
626 1976 743 2026 gratis
773 1989 820 2014 ex
848 1974 991 2026 gratia,
1021 1975 1133 2025 data,
1163 1976 1330 2022 donata,
1359 1975 1548 2025 imputata
1578 1975 1732 2023 dicitur,
1761 1988 1842 2013 non
1872 1976 2050 2012 meritum

99 2027 194 2065 illud
223 2027 592 2066 sufficientissimum
622 2029 657 2066 Sc
684 2029 912 2080 ἀντίλυτρον
940 2005 1004 2077 filij
1034 2027 1109 2066 Dei
1124 2006 1353 2068 voluntarie
1382 2031 1644 2079 persolutum,
1673 2030 1813 2067 immilem
1842 2030 1924 2067 Dec
1947 2027 2056 2066 satis-

101 2080 248 2119 faciens
290 2094 362 2131 pro
403 2082 537 2132 nobis,
580 2095 625 2120 ac
665 2083 782 2120 vitam
829 2087 1024 2120 aeternam
1065 2095 1317 2134 promerens,
1347 2082 1580 2133 excluditur,
1609 2084 1678 2121 sed
1706 2090 1840 2120 nostra
1868 2095 1989 2131 opera
2016 2084 2051 2119 ἃ

103 2133 261 2182 merita,
292 2146 393 2184 quae
423 2136 527 2173 nulla
557 2143 851 2185 praecesserunt
880 2142 946 2174 aut
977 2137 1104 2174 futura
1133 2143 1234 2174 sunt.

156 2189 190 2225 8.
247 2188 384 2237 Neque
413 2188 517 2226 enirn
548 2191 640 2227 vero
669 2190 795 2239 Deus,
829 2188 895 2238 qui
923 2196 981 2227 est
1008 2188 1135 2226 omnis
1166 2188 1332 2228 iustitiae
1361 2190 1448 2228 fons
1465 2190 1731 2239 &exemplar,
1751 2189 1895 2238 quique
1912 2188 1948 2226 in
1966 2190 2052 2238 lege

103 2252 171 2278 sua
217 2240 468 2279 maledictum
512 2241 736 2291 pronuntiat
778 2253 888 2292 eum,
929 2241 996 2292 qui
1038 2241 1218 2281 iustificat
1256 2242 1439 2293 impium,
1469 2243 1521 2281 ita
1548 2255 1622 2281 nos
1650 2249 1815 2292 peccato
1844 2242 2051 2280 absoluere

103 2293 244 2344 voluit,
274 2301 314 2331 vt
343 2308 510 2344 poenam
539 2295 710 2345 peccatis
740 2294 915 2333 debitam
944 2307 1106 2345 prorsus
1135 2295 1349 2346 negligeret
1377 2295 1433 2345 (id
1462 2295 1565 2334 enim
1594 2295 1759 2334 iustitiae
1776 2295 1857 2333 61115
1874 2295 2053 2333 aduersa-

105 2349 224 2394 retur)
268 2347 336 2385 sed
378 2347 506 2397 potius
545 2348 731 2386 dilectum
760 2348 882 2386 filium
913 2348 1014 2387 misit
1041 2349 1081 2387 in
1111 2349 1324 2392 mundum,
1354 2349 1421 2399 qui
1448 2351 1484 2388 ἃ
1514 2362 1683 2399 poenam
1711 2348 1882 2398 peccatis
1911 2348 2054 2386 nostris

103 2399 276 2438 debitam
306 2400 344 2438 in
373 2415 413 2439 se
442 2401 672 2451 susciperet,
702 2404 737 2441 &
767 2403 894 2452 legem
923 2415 996 2452 pro
1026 2401 1141 2440 nobis
1162 2402 1362 2452 impleret,
1388 2410 1506 2453 atque
1523 2401 1578 2441 sic
1592 2403 1778 2441 immotae
1795 2402 1870 2440 Dei
1886 2401 2054 2440 iustitiae

104 2453 362 2497 satisfaceret,
392 2456 427 2493 &
457 2454 562 2493 Patri
591 2456 742 2493 offenso
770 2468 843 2493 nos
871 2457 987 2506 plane
1017 2455 1299 2494 reconciliaret.

156 2521 192 2555 9.
249 2507 360 2555 Quae
390 2510 481 2546 sane
511 2507 655 2547 Christi
685 2507 911 2547 obedientia
940 2511 974 2547 &
1004 2508 1218 2547 satisfactio
1247 2508 1327 2548 siue
1343 2509 1508 2559 iustitia,
1532 2522 1600 2559 per
1616 2508 2054 2559 quampromissionum

104 2559 197 2609 Dei,
242 2559 448 2610 participes
491 2561 706 2620 efficimur,
749 2562 858 2611 quod
903 2561 1062 2612 quidem
1101 2575 1170 2612 per
1198 2563 1326 2613 legem
1355 2563 1438 2601 fieri
1466 2574 1545 2600 non
1575 2562 1722 2612 potuit,
1752 2575 1832 2600 non
1860 2561 1957 2612 legis
1986 2561 2056 2599 sed

100 2619 260 2650 naturae
301 2621 459 2652 nostrae
486 2615 600 2652 vitio:
631 2614 661 2652 si
691 2614 900 2653 essentiam
928 2615 1047 2665 ipsius
1077 2621 1249 2674 specteS,
1279 2617 1406 2654 eadem
1436 2621 1492 2654 est
1518 2629 1600 2653 cum
1628 2617 1763 2665 legali,
1793 2627 1921 2665 neque
1951 2614 2057 2653 enim

102 2667 209 2704 Deus
251 2665 366 2703 aliam
410 2666 612 2712 iustitiam,
656 2680 774 2717 quam
817 2681 917 2717 quae
955 2681 1047 2706 cum
1076 2669 1162 2718 lege
1192 2668 1311 2718 ipsius
1341 2668 1543 2719 congruit,
1573 2668 1774 2719 agnoscit,
1807 2680 1932 2718 neque
1962 2668 2058 2706 fides

99 2717 282 2756 iustitiam
311 2719 406 2769 legis
435 2721 588 2769 abolet,
618 2722 687 2759 sed
716 2720 873 2759 stabilit.
902 2721 1116 2771 Efstccenle
1144 2728 1296 2760 tantum
1325 2723 1360 2759 &
1393 2723 1469 2760 fine
1486 2721 1689 2760 differunt:
1721 2721 1942 2770 Efficiente,
1966 2720 2054 2771 qiua

102 2772 198 2810 haec
228 2774 278 2810 ab
306 2771 384 2811 alio
413 2785 494 2811 non
522 2776 545 2811 a
572 2773 688 2812 nobis
716 2780 954 2825 praestatur:
984 2776 1106 2825 Fene,
1136 2774 1226 2824 quia
1255 2776 1294 2824 (f.
1331 2777 1461 2825 1692.)
1490 2788 1571 2814 non
1600 2775 1827 2825 hominum,
1853 2775 1921 2814 sed
1938 2773 2056 2813 solius

1983 2826 2057 2865 Dei
