2334 3020
253 103 326 152 296
865 109 1079 139 ramses
1120 109 1547 139 ramorocrcmt,

247 232 442 257 summam
474 218 648 255 eiusdem
677 216 1116 266 virtute“¹illuminatam;
1145 217 1180 254 &
1210 229 1257 254 ex
1286 217 1393 255 omni
1421 224 1529 267 parte
1557 216 1835 266 perfectionem
1864 217 2035 258 diuinam
2060 227 2176 270 atque

247 271 609 321 incomparabilem.

373 504 458 540 DE
503 504 733 541 CAVSA
776 503 1216 541 EFFICIENTE
1257 504 1710 543 SCRIPTVRAE
1754 506 2044 544 SACRAE.

1064 622 1279 661 THESIS
1318 624 1350 662 Ι.

297 741 443 784 ATQVE
473 753 517 777 ea
546 739 705 788 quidem
735 748 792 778 est
820 753 953 778 sacrae
984 741 1205 791 Scripturae
1233 741 1419 792 dignitas,
1449 741 1792 791 essentialibusque
1819 743 1990 793 partibus
2013 742 2112 780 illius
2126 743 2177 780 ita

245 794 516 841 confirmatur3
546 800 585 830 vt
613 806 732 831 nemo
760 795 903 837 homo.
934 806 1022 843 neq.
1052 807 1113 832 res
1141 801 1272 832 creata
1300 796 1396 835 vlla.
1425 798 1514 833 vere
1546 809 1592 833 ac
1621 795 1718 833 iuste
1745 796 1917 845 efficiens
1940 810 2057 834 causa
2078 796 2177 833 illius

244 845 430 894 appellari
458 845 591 895 possit.

301 912 332 935 2.
390 899 490 935 Nam
519 910 646 947 neque
674 899 953 949 amplissimam
982 899 1086 937 illam
1116 901 1317 939 materiam
1346 901 1407 939 h‘ic
1438 902 1513 939 vlla
1535 908 1710 939 creatura
1725 913 1895 951 vnquam
1912 915 1981 951 per
1997 914 2037 939 se
2052 901 2177 951 potuit

244 952 415 1000 tradere,
445 964 544 1000 quae
571 964 620 988 ne
649 953 830 990 traditam
859 953 1017 1002 quidem
1047 955 1217 1002 perfecte
1246 967 1350 991 nunc
1380 961 1506 1003 potest
1534 967 1693 1005 capere3
1721 965 1847 1004 neque
1874 955 2041 992 formam
2065 956 2176 993 abso-

246 1004 472 1042 lutissimam
501 1005 635 1042 indere
664 1005 868 1055 quisquam
897 1006 1039 1055 potuit7
1071 1007 1136 1055 qui
1166 1019 1293 1056 neque
1322 1007 1359 1044 in
1389 1020 1489 1058 sese7
1517 1019 1644 1057 neque
1671 1020 1790 1057 penes
1818 1021 1857 1045 se
1871 1008 1989 1046 habet
2004 1007 2175 1045 diuinam

246 1057 523 1106 perfectionem
554 1060 700 1096 formae
728 1059 825 1096 illius
854 1071 972 1108 quam
1000 1059 1107 1096 indat
1133 1060 1254 1098 alteri.

297 1123 332 1159 3.
390 1111 458 1147 Est
484 1111 599 1160 igitur
628 1111 848 1161 Scripturae
877 1125 1009 1150 sacrae
1037 1114 1072 1150 δι
1100 1125 1212 1150 verae
1240 1113 1340 1151 illius
1369 1113 1610 1164 Theologiae
1637 1120 1761 1161 autor,
1791 1115 1850 1151 vel
1875 1124 1991 1151 causa
2006 1114 2176 1152 efficiens

243 1175 311 1200 sua
341 1163 377 1200 vi
404 1171 520 1212 atque
544 1166 740 1210 absoluta„
768 1167 874 1203 Deus
898 1165 1062 1203 Creator
1090 1166 1266 1204 omnium
1282 1168 1407 1214 Pater„
1422 1166 1563 1217 Filius7
1592 1168 1628 1205 &
1644 1165 1806 1217 Spiritus
1822 1173 1996 1215 sanctus„
2012 1166 2176 1205 essentia

243 1228 362 1266 xmus,
390 1229 580 1265 personae
608 1225 684 1256 tres
712 1218 749 1256 in
778 1218 923 1256 vnitate
952 1218 1153 1257 essentiae.

296 1282 333 1316 4.
388 1269 528 1307 Effecit
555 1278 685 1309 autem
715 1271 846 1309 diuina
876 1271 1252 1310 communicatione:
1283 1275 1318 1312 &
1347 1286 1388 1311 se
1415 1273 1641 1311 effectorem
1670 1272 1770 1311 illius
1799 1285 1880 1311 esse
1909 1272 2050 1311 diuinis
2074 1273 2176 1311 testi-

247 1322 496 1360 ficationibus
524 1323 780 1362 confirmauit.

301 1385 336 1424 5.
391 1377 510 1413 Modz'
536 1377 901 1416 communicationis
931 1385 1019 1415 sunt
1046 1379 1144 1425 duo,
1174 1391 1322 1427 sermo,
1351 1382 1385 1418 &
1413 1379 1623 1429 Scriptura.

298 1430 336 1465 6.
394 1427 526 1466 Sermo
553 1437 618 1467 aut
647 1438 703 1468 est
732 1431 903 1469 internus
931 1433 965 1469 &
989 1431 1194 1481 spiritualis
1208 1444 1277 1481 per
1292 1433 1477 1482 Spiritum
1495 1440 1671 1470 sanctum
1687 1444 1777 1470 cum
1792 1431 1987 1482 spiritibus
2000 1432 2177 1469 humanis

245 1481 419 1518 habitus:
448 1488 514 1519 aut
542 1489 722 1521 externus
753 1483 834 1521 siue
862 1484 1077 1533 corporalis
1105 1485 1219 1522 fuerit
1247 1485 1333 1535 hic7
1361 1487 1440 1524 siue
1456 1485 1650 1535 corporali
1665 1486 1786 1523 modo
1801 1492 1916 1535 atque
1931 1498 2001 1535 per
2015 1485 2175 1522 modum

244 1535 300 1581 (vt
326 1534 554 1583 loquuntur)
585 1536 762 1585 corporis
791 1536 1028 1575 enunciatus.

300 1600 334 1634 7.
390 1588 564 1636 Vterque
593 1597 722 1626 autem
752 1590 941 1627 sermonis
969 1590 1109 1628 modus
1138 1598 1203 1628 aut
1231 1591 1453 1629 immediate
1467 1591 1571 1641 apud
1586 1591 1764 1630 homines
1778 1590 1987 1629 fuitaDeo
2002 1590 2176 1637 habitus.

243 1647 309 1677 aut
349 1639 463 1677 etiarn
509 1642 674 1680 mediate
711 1642 927 1681 aduentitio
958 1655 1086 1680 rerum
1123 1650 1359 1693 creatarum7
1396 1656 1647 1694 quascunque
1674 1644 1765 1682 foris
1799 1643 1984 1682 adhibere
2013 1643 2177 1693 placuit„

248 1700 471 1730 ministerlo.

298 1748 333 1783 8.
388 1747 573 1785 laternas
600 1749 635 1785 &
661 1748 865 1797 spiritualis
887 1761 1015 1786 sermo
1032 1751 1164 1798 (quem
1180 1750 1376 1799 Scriptura
1399 1750 1722 1801 pro(s.1758)prie
1751 1749 2028 1787 reuelationem
2044 1751 2176 1797 vocat)

245 1798 468 1836 immediate
496 1799 585 1838 inde
614 1804 637 1838 a
665 1801 824 1839 conditu
851 1801 985 1839 mundi
1007 1802 1076 1840 fuit
1104 1805 1127 1840 a
1155 1804 1241 1841 Deo
1273 1804 1426 1842 habitus
1463 1815 1551 1841 cum
1582 1803 1741 1854 Angelis
1769 1805 1804 1841 δι
1832 1802 1904 1852 piis
1932 1802 2177 1851 hominibus,

246 1851 311 1900 qui
339 1861 504 1901 aguntur
547 1854 688 1903 Spiritu
731 1854 870 1904 ipsius:
914 1868 1004 1892 nam
1035 1855 1096 1893 hic
1125 1855 1230 1893 idem
1259 1856 1420 1906 Spiritus
1449 1864 1689 1895 contestatur
1726 1855 1873 1906 spiritui
1914 1864 2049 1894 nostro
2078 1855 2176 1893 filios

245 1904 319 1942 Dei
348 1917 420 1943 nos
450 1918 554 1953 esse,
583 1909 618 1945 &
651 1909 769 1945 docet
796 1920 955 1945 omnem
985 1908 1197 1946 veritatem.
1228 1910 1341 1948 Rom.
1371 1913 1407 1948 8.
1446 1910 1502 1947 16.
1532 1911 1646 1948 [ean.
1676 1911 1732 1947 16.
1768 1921 1825 1958 13.

300 1970 336 2006 9.
392 1959 564 1998 Mediate
593 1962 686 1998 vero
715 1959 839 1998 editus
868 1969 924 1998 est
952 1974 1021 2010 per
1049 1963 1222 2011 Angelos
1251 1975 1507 2012 quoscunque
1536 1962 1659 2001 visum
1687 1970 1764 2011 est7
1800 1963 1903 1999 velut
1932 1961 2178 1999 administros

247 2011 454 2048 voluntatis
483 2025 595 2062 suae„
625 2016 659 2052 δε
688 2013 924 2062 significatus
954 2014 1178 2052 hominibus
1206 2027 1254 2052 ex
1282 2017 1468 2054 mandato
1497 2015 1625 2065 ipsius.

303 2077 360 2101 10.
416 2065 617 2104 Eaeternus
659 2069 749 2104 vero
791 2074 907 2115 atque
949 2067 1161 2116 corporalis
1189 2068 1412 2107 immediate
1441 2071 1563 2106 factus
1594 2076 1651 2107 est
1677 2072 1699 2106 a
1729 2081 1895 2117 persona
1923 2067 2027 2117 Filij,
2057 2079 2176 2117 quum

245 2124 426 2154 aeternus
459 2121 567 2170 λόγος
596 2121 768 2157 humano
798 2132 964 2168 corpore
993 2121 1064 2158 sibi
1093 2128 1292 2171 assumpto
1321 2122 1358 2159 in
1388 2122 1572 2159 vnitatem
1601 2135 1812 2172 personaeq
1842 2119 2019 2170 quamuis
2039 2121 2077 2158 in
2093 2119 2176 2158 sinu

248 2169 392 2219 Patris,
423 2170 521 2208 inter
549 2173 727 2210 homines
757 2179 813 2210 est
842 2180 1117 2223 conuersatus7
1157 2179 1406 2225 narrauitque
1435 2175 1638 2213 consilium
1669 2174 1749 2212 eius
1777 2174 1834 2212 his
1862 2174 2001 2211 vltimis
2029 2181 2177 2223 tempo-

250 2222 375 2271 ribus,
404 2226 512 2271 quod
541 2227 805 2275 superioribus
833 2227 956 2264 fuerat
984 2227 1270 2265 absconditum.
1298 2230 1411 2266 loan.
1444 2242 1475 2266 1.
1509 2230 1566 2265 18.

308 2288 366 2313 11.
423 2276 556 2324 Quum
585 2287 714 2317 autem
745 2279 912 2317 mediate
942 2279 1075 2317 habuit
1111 2293 1331 2318 sermonem
1359 2283 1486 2329 Deus,
1515 2288 1580 2319 aut
1608 2281 1645 2318 in
1674 2293 1840 2330 corpore
1867 2279 2001 2318 habuit
2024 2279 2179 2316 aliunde

249 2335 406 2377 sumpto
450 2332 528 2367 κατ’
564 2334 806 2382 οὶκονομίαν;
847 2340 913 2370 aut
955 2333 1148 2382 corporali
1191 2334 1332 2383 modo,
1361 2334 1538 2383 quamuis
1567 2334 1648 2372 sine
1676 2346 1863 2384 corpore,
1892 2332 2020 2370 affecit
2048 2343 2179 2370 sensus

251 2381 509 2432 audientium,
553 2388 742 2433 auresque
784 2385 950 2434 pulsauit
992 2398 1112 2423 sono:
1155 2393 1220 2424 aut
1260 2386 1471 2425 ministerio
1512 2399 1639 2425 rerum
1678 2393 1916 2434 creatarum.
1954 2384 2176 2435 praesertim

249 2433 452 2472 hominum
483 2440 764 2486 seruorumque
788 2449 944 2475 suorum
978 2451 1067 2476 vsus
1096 2446 1153 2477 est
1181 2439 1481 2488 praedicatione.

312 2500 366 2524 [2.
423 2488 657 2537 Scripturam
684 2502 843 2540 quoque
871 2493 1032 2529 alterum
1063 2492 1428 2531 communicationis
1456 2494 1638 2543 modurn7
1664 2493 1770 2530 Deus
1798 2491 2019 2530 immediate
2034 2503 2104 2541 per
2119 2503 2179 2540 se,

251 2539 459 2588 plurimum
490 2544 582 2579 vero
611 2543 778 2581 mediate
807 2557 875 2592 per
905 2557 1038 2582 seruos
1067 2557 1157 2583 suos
1185 2545 1368 2584 exarauit.

309 2605 367 2641 13.
423 2595 664 2644 lmnea'iatsv,
692 2603 757 2633 aut
786 2597 1022 2647 simpliciter3
1051 2605 1117 2635 aut
1144 2598 1321 2636 adhibito
1349 2598 1464 2637 etiam
1495 2598 1688 2649 corporali
1717 2599 1858 2636 modo:
1890 2604 1927 2635 vt
1955 2608 2075 2646 quum
2097 2598 2178 2634 Lex

255 2644 541 2695 inscribere-tur,
572 2650 606 2686 &
635 2660 754 2697 quum
787 2649 896 2699 digiti
938 2663 1075 2688 manus
1115 2651 1308 2689 humanae
1351 2651 1419 2690 visi
1462 2660 1566 2700 sunt,
1611 2651 1847 2689 conuiuante
1875 2651 2108 2694 Belsatzare‚
2139 2649 2175 2686 in

257 2698 422 2735 tectorio
453 2701 609 2748 parietis
637 2702 906 2740 inscribentes.
931 2705 1059 2741 an-od.
1089 2717 1151 2751 31.
1186 2708 1242 2742 18.
1273 2706 1322 2743 ἐφ’
1350 2717 1411 2753 34.
1447 2719 1478 2743 1.
1505 2707 1630 2744 Dani.
1661 2715 1694 2754 5.
1726 2715 1760 2753 5.

314 2763 372 2797 14.
435 2753 609 2791 Mediate
639 2756 753 2799 vero,
783 2763 906 2793 totum
937 2757 1029 2794 illud
1058 2764 1223 2805 systema
1254 2757 1474 2806 Scripturae
1510 2771 1640 2796 sacrae
1667 2759 1701 2795 δι
1732 2757 1902 2805 singulae
1928 2762 2055 2805 partes
2084 2754 2182 2791 illius

1952 2821 2020 2858 per
2048 2819 2179 2846 seruos
