2334 3020
268 106 340 151 276
890 111 1109 136 THESES
1146 105 1578 138 THEOLocchE.

263 234 333 270 pio
363 219 532 269 peccatis
564 219 710 267 reliqua
738 218 786 255 sit
814 218 962 265 hostia
992 218 1118 254 Hebr
1153 231 1211 256 10.
1243 219 1302 256 26.
1319 221 1449 276 'quam
1472 218 1588 268 impie
1614 232 1659 256 ea
1680 218 1718 256 in
1734 220 1876 257 Missae
1891 219 2002 256 altar1
2016 218 2198 258 lteratur?

264 281 330 311 aut
357 273 460 311 enim
489 271 679 309 sacrificio
721 269 864 309 Christi
903 271 1022 308 semel
1063 283 1134 318 pro
1164 270 1278 308 nobis
1317 270 1356 308 in
1393 283 1510 309 cruce
1539 278 1722 322 peracto
1751 278 1930 310 aeternae
1959 272 2198 322 purgationis

264 333 434 376 potestas
463 324 604 362 defuit:
647 330 712 362 aut
741 323 772 361 si
799 322 925 372 affuit
965 323 1123 360 vnieum
1151 323 1289 361 seculis
1318 323 1500 362 omnibus
1529 325 1687 375 sufficit
1718 338 1803 363 eam
1833 327 1926 362 vero
1957 325 2031 363 fide
2060 325 2195 375 nobis

262 392 342 417 non
371 377 488 416 missa
517 376 776 426 applicamus,
812 376 942 414 Galat.
977 389 1009 412 2.
1046 377 1103 413 16.
1135 390 1182 414 20
1214 378 1264 414 ἐφ’
1291 381 1366 415 toto
1396 390 1432 425 3.
1462 384 1546 428 cap.

315 434 350 469 8.
414 432 453 468 T
447 432 561 479 ertio,
591 430 686 468 dum
717 441 863 468 nouam
893 435 1146 478 peccatorum
1176 429 1350 478 veniam,
1381 431 1474 467 dum
1503 441 1650 468 nouum
1680 437 1719 468 vt
1747 430 1893 480 gratiae
1915 429 2197 470 ita&iustitiae

263 484 538 534 adipiscendae
565 483 727 521 modum
755 482 945 532 promittit
971 481 1111 532 Missa,
1142 490 1308 521 mortem
1338 482 1482 521 Christi
1497 496 1544 521 ex
1557 484 1760 522 hominum
1776 483 1966 522 memoria
1981 495 2196 533 excussam,

264 537 411 587 sepelit.
439 538 642 574 Praeterea
683 535 714 573 si
756 537 929 574 oblatam
967 535 1133 574 hostiam
1170 535 1281 574 caedi
1310 549 1356 573 ac
1384 535 1577 574 immolari
1607 544 1762 586 oportet
1789 543 1830 574 vt
1858 537 2071 587 sacrifices,
2100 544 2198 587 quot

264 589 388 629 vbiuis
416 589 559 628 Missae
588 588 809 638 recitantur„
838 588 953 627 toties
982 595 1041 626 tot
1067 587 1163 627 locis
1194 589 1294 627 mori
1309 588 1507 628 Christum
1521 601 1680 628 necesse
1695 597 1764 628 est.
1792 591 1846 627 At
1862 589 1956 639 quid
1972 596 2029 627 est
2044 590 2197 628 vnicam

263 643 407 682 Christi
435 649 601 681 mortem
631 648 861 693 extenuare,
904 641 935 680 si
963 643 1041 680 hoc
1068 654 1149 679 non
1177 639 1254 680 est?
1298 642 1364 680 Sin
1400 655 1476 679 vna
1504 642 1662 693 sufficit.
1702 655 1888 692 quorsum
1916 642 1982 680 illa
2009 643 2048 680 in
2077 643 2199 682 Missa

262 693 463 746 repetitio?
504 697 577 745 At7
619 695 819 744 inquiunt7
860 694 982 733 Missa
1022 695 1268 733 incruentum
1304 695 1535 734 sacrificium
1563 702 1642 745 est,
1684 708 1765 734 non
1793 696 1924 745 itaque
1950 696 1989 733 in
2019 708 2064 734 ea
2091 710 2197 735 mors

264 749 406 788 Christi
447 749 616 796 iteratur,
657 760 757 797 quae
799 761 879 786 non
921 747 995 787 nisi
1033 755 1193 786 cruenta
1229 756 1299 788 est.
1328 750 1476 786 Verum
1504 750 1581 787 hoc
1608 748 1722 787 nimis
1750 749 1858 787 futile
1886 755 1962 787 est:
1991 750 2196 798 quomodo

260 802 363 841 enim
391 801 663 840 satisfactorias
691 801 831 840 Missas
861 801 991 840 dicere
1019 802 1184 851 audent,
1214 802 1245 840 si
1274 802 1462 841 sacrificia
1485 809 1573 840 sunt
1588 801 1803 851 οἱναίματαὲ
1820 803 1913 840 dum
1929 801 2032 840 enim
2050 804 2197 852 absque

263 855 460 905 sanguinis
490 854 676 893 effusione
705 853 974 893 remissionem
1001 854 1083 892 fieri
1111 862 1228 905 negat
1255 856 1492 905 Apostolus,
1520 855 1649 892 Hebr.
1678 867 1715 903 9.
1747 869 1807 894 22.
1835 856 1997 893 Missam
2020 863 2086 894 aut
2108 869 2197 905 pro-

266 907 503 959 pitiatorium
533 907 773 946 Sacrificium
803 920 884 946 non
913 920 1016 959 esse3
1045 914 1110 945 aut
1139 908 1169 946 si
1196 914 1271 958 est7
1300 909 1546 946 incruentum
1576 919 1659 945 esse
1687 909 1878 946 fateantur
1906 921 2064 946 necesse
2094 916 2162 947 est.

313 975 350 1009 c).
412 962 587 1010 Quarto,
618 962 655 999 S.
685 961 843 999 Coenae
872 974 978 999 mera
1005 961 1227 1010 profanatio
1256 968 1333 1000 est:
1364 961 1460 1011 quid
1489 960 1596 999 enim
1623 959 1768 999 Missa?
1806 963 1896 1011 Ipsa
1923 974 1993 1011 pro
2023 963 2194 1011 peccatis

261 1014 383 1053 indies
413 1015 526 1052 offert
552 1015 654 1052 Deo.
684 1013 779 1063 quid
808 1015 845 1052 S.
874 1011 1036 1052 Coena?
1064 1014 1202 1052 vnicae
1231 1014 1376 1053 Christi
1404 1013 1615 1052 oblationis
1643 1014 1812 1052 fructum
1835 1016 1870 1052 &
1894 1014 2198 1064 applicationem

266 1067 425 1117 requirit
452 1069 475 1104 a
502 1068 605 1106 Deo.
634 1069 693 1105 Ita
718 1067 815 1105 haec
843 1066 958 1117 petit,
993 1067 1103 1126 quod
1129 1067 1194 1105 illa
1223 1069 1309 1106 dat:
1352 1069 1448 1106 haec
1476 1078 1588 1105 suum
1615 1066 1699 1116 ipsa
1727 1067 1900 1105 officium
1928 1068 2104 1119 exhibet3
2133 1068 2196 1106 illa

265 1120 407 1159 Christi
434 1119 597 1170 gratiam
625 1133 694 1170 per
722 1119 906 1170 Spiritum
935 1119 1105 1169 requirit.
1136 1121 1272 1159 Coena
1299 1123 1428 1159 Deum
1457 1121 1694 1159 beneuolum
1729 1134 1774 1158 ac
1803 1120 2015 1171 gratiosum
2041 1122 2196 1159 Patrem

262 1172 455 1232 agnoscit
496 1183 655 1223 queml
642 1173 762 1211 Missa
802 1173 1022 1211 debitorem
1050 1185 1164 1212 suum
1192 1173 1292 1212 facit.
1336 1177 1381 1212 In
1410 1174 1475 1212 illa
1502 1173 1678 1212 Christus
1705 1175 1729 1211 a
1756 1175 1844 1212 Deo
1873 1173 1988 1212 nobis
2016 1175 2196 1226 offertur·

264 1226 303 1264 in
344 1228 418 1264 hac
446 1225 622 1264 Christus
663 1229 686 1264 a
728 1226 960 1265 Sacrificulis
1001 1228 1088 1264 Deo
1130 1228 1303 1266 offertur.
1343 1227 1465 1266 Missa
1502 1226 1624 1276 repeti
1651 1227 1733 1264 vult
1761 1227 1936 1276 quotidie
1963 1206 2196 1265 sacrificiuni

262 1279 377 1329 illud
407 1279 515 1317 cuius
546 1280 665 1318 semel
693 1279 836 1329 oblati
864 1291 992 1329 neque
1021 1280 1187 1330 amplius
1215 1280 1424 1319 offerendi
1455 1281 1493 1318 S.
1521 1281 1656 1318 Coena
1683 1282 1922 1329 μνημόσυνον
1951 1287 2020 1318 est.
2055 1282 2194 1319 Trans-

262 1331 583 1371 substantiatione
611 1332 780 1382 denique
808 1332 952 1383 posita⁷
981 1333 1101 1371 Missa
1125 1333 1322 1372 Christum
1347 1334 1460 1372 coelo
1477 1332 1607 1383 eripit7
1635 1331 1702 1370 vbi
1718 1333 1768 1370 ad
1784 1333 1959 1371 dextram
1974 1333 2051 1372 Dei
2065 1334 2196 1384 sedet⁷

258 1399 306 1423 ac
335 1396 538 1424 mansurus
566 1391 624 1424 est
651 1385 701 1424 ad
729 1392 944 1424 extremum
971 1385 1174 1436 iudicium,
1204 1388 1421 1425 secundum
1448 1386 1630 1425 articulos
1663 1385 1768 1424 fidei.

319 1453 378 1478 10.
433 1439 499 1477 Ad
534 1439 633 1477 haec
672 1438 834 1477 Missam
876 1451 985 1477 suam
1026 1452 1106 1477 non
1142 1439 1382 1479 sumentibus
1412 1439 1528 1478 etiam
1556 1437 1794 1489 quibuslibet
1821 1440 2029 1490 prodesse,
2060 1446 2196 1478 contra

260 1493 397 1530 Sacras
426 1491 556 1530 literas
584 1492 790 1530 affirmant.
826 1492 893 1530 Ait
921 1493 1158 1542 Apostolus7
1192 1507 1223 1532 1.
1256 1494 1431 1532 Corinth.
1467 1507 1526 1531 11.
1559 1506 1621 1543 29.
1650 1490 1808 1541 indigne
1835 1492 1995 1531 edentes
2012 1492 2196 1531 condem—

260 1545 458 1583 nationem
486 1544 560 1583 sibi
585 1557 667 1583 non
695 1544 777 1583 aliis
806 1545 941 1595 edere3
971 1558 1213 1595 consequens
1243 1559 1336 1597 ergo
1365 1546 1482 1596 digne
1510 1546 1671 1584 edentes
1694 1543 1857 1595 gratiam
1873 1544 1945 1584 sibi
1960 1546 2051 1584 solis
2066 1547 2194 1584 edere.

262 1598 360 1647 Quis
392 1598 524 1647 itaque
558 1598 721 1636 mortuis
749 1609 886 1636 eorum
915 1597 1082 1637 fructus?
1122 1612 1169 1637 ac
1205 1600 1295 1638 cum
1322 1601 1386 1638 vel
1414 1600 1453 1638 in
1482 1599 1609 1637 sinum
1637 1598 1820 1636 Abrahae
1848 1598 1977 1637 statim
2005 1600 2055 1638 ab
2085 1599 2195 1637 obitu

260 1650 515 1701 recipiantur„
542 1652 638 1689 Luc.
673 1652 730 1689 16.
763 1665 823 1690 22.
863 1658 988 1701 eoque
1015 1651 1135 1690 Missa
1163 1663 1262 1703 opus
1298 1666 1380 1691 non
1407 1653 1598 1703 habeant3
1630 1653 1687 1690 vel
1715 1652 1766 1689 ad
1794 1658 1952 1691 aeterna
1980 1658 2194 1703 tormenta,

261 1710 387 1754 eoque
414 1703 534 1742 Missa
575 1703 698 1742 iuuari
738 1712 954 1754 nequeant,
997 1705 1082 1754 quis
1123 1718 1195 1755 pro
1239 1706 1431 1745 defunctis
1459 1705 1602 1744 Missae
1630 1717 1720 1744 vsus
1753 1711 1832 1752 est.
1859 1704 1931 1743 nisi
1960 1705 2194 1744 euacuandis

265 1757 414 1795 creduli
436 1757 582 1807 popelli
611 1756 827 1796 crumenis?
1824 1754 1826 1756 ’

319 1824 377 1849 11.
440 1811 603 1859 Quinto
630 1809 749 1848 Missa
776 1812 867 1849 vere
894 1810 1138 1861 sacrilegium
1168 1818 1242 1857 est
1271 1811 1514 1850 dimidiatam
1543 1812 1719 1850 Coenam
1748 1811 1945 1849 Ecclesiae
1961 1811 2195 1862 obtrudens,

260 1863 355 1901 dum
382 1862 489 1901 laicis
516 1869 654 1913 potum
683 1862 813 1914 eripit
841 1863 1137 1902 aduersantibus
1164 1866 1194 1902 I.
1223 1864 1463 1903 institutione
1493 1864 1655 1912 Christi
1691 1863 1880 1913 siquidem
1908 1864 1957 1902 de
1985 1877 2032 1902 eo
2058 1877 2196 1903 omnes

260 1917 375 1955 edere
417 1929 464 1955 ac
503 1915 640 1954 bibere
681 1915 808 1966 iussit
848 1918 996 1956 Mattlz.
1026 1918 1087 1956 26.
1119 1928 1180 1966 27.
1218 1920 1353 1956 Marc.
1388 1931 1446 1965 14.
1475 1931 1536 1966 23.
1564 1920 1614 1956 II.
1642 1917 1830 1967 Ratione
1859 1916 2052 1966 siquidem
2080 1924 2196 1967 potus

259 1969 369 2008 effusi
397 1981 469 2019 pro
497 1982 538 2007 se
568 1969 711 2008 Christi
739 1968 937 2019 sanguinis
966 1969 1166 2020 quibusuis
1195 1977 1429 2010 testamento
1460 1978 1539 2020 est,
1567 1984 1649 2009 non
1676 1971 1802 2009 minus
1830 1972 1948 2019 quam
1975 1970 2086 2020 panis
2111 1983 2194 2009 cor-

259 2022 365 2072 poris
394 2035 466 2072 pro
495 2035 536 2061 se
565 2021 720 2061 mortui.
749 2022 889 2073 quibus
916 2023 1047 2073 itaque
1075 2036 1135 2062 res
1163 2023 1262 2074 signi
1289 2024 1495 2074 competit
1527 2035 1596 2062 cur
1618 2024 1811 2062 adimatur
1825 2021 2004 2074 signum?
2030 2025 2103 2063 ΙΙΙ.
2117 2025 2195 2061 An-

259 2075 433 2124 tiquitate
475 2075 658 2124 denique.
701 2076 1003 2125 Chrysostomus
1043 2088 1163 2115 vnum
1206 2090 1348 2127 panem
1386 2080 1421 2116 &
1449 2077 1611 2116 calicem
1640 2076 1822 2115 omnibus
1851 2076 2095 2126 propositum
2122 2076 2195 2127 ait,

261 2132 398 2178 resque
424 2128 495 2166 has
522 2135 603 2166 tam
630 2128 731 2167 laico
760 2131 878 2178 quam
907 2129 1102 2168 sacerdoti
1131 2142 1360 2169 communes
1390 2144 1490 2180 esse,
1518 2132 1669 2169 Homz'l.
1703 2133 1761 2168 18.
1786 2131 1826 2167 in
1846 2143 1877 2167 1.
1894 2131 1950 2168 ad
1963 2130 2196 2168 Corinthios.

261 2181 355 2219 item
379 2180 610 2220 sacrificium
639 2181 911 2232 quotidianum
938 2184 1079 2222 frustra
1108 2183 1209 2230 fieri„
1238 2183 1269 2222 si
1295 2196 1412 2222 nemo
1441 2184 1490 2222 sit
1517 2183 1583 2233 qui
1612 2182 1898 2222 communicet:
1922 2189 1960 2221 et
1974 2182 2042 2232 qui
2056 2181 2196 2232 dignus

262 2247 343 2273 non
372 2242 430 2273 est
456 2233 606 2273 hostiae
634 2235 933 2285 communione,
963 2247 1053 2275 eum
1081 2249 1156 2274 nec
1183 2236 1383 2275 Ecclesiae
1413 2236 1595 2287 precibus
1618 2237 1778 2284 dignum
1793 2248 1896 2274 esse:
1912 2237 2064 2273 Hamil.
2083 2246 2143 2286 51.
2159 2238 2195 2275 &

260 2288 323 2326 61.
350 2289 407 2325 ad
418 2289 557 2339 popul.
601 2288 732 2336 Quem
772 2291 937 2327 abusum
977 2290 1069 2327 cum
1099 2289 1361 2339 superioribus
1403 2291 1540 2329 seculis
1570 2289 1739 2339 irrepere
1767 2288 1914 2327 videret
1942 2289 2105 2327 Carolus
2131 2289 2195 2328 ille

260 2342 443 2390 Magnus.
482 2339 721 2380 strictissima
757 2343 843 2391 lege
870 2341 1012 2392 vetuit⁷
1041 2343 1149 2391 quasi
1177 2343 1404 2381 Canonibus
1433 2343 1692 2393 Apostolicis‚
1720 2342 1914 2392 Nicaeno,
1943 2341 2195 2391 pluribusque

259 2393 443 2431 Conciliis
469 2393 730 2434 interdictum.
757 2396 821 2434 lib.
854 2408 886 2433 1.
919 2397 1071 2434 Oonstc't.
1101 2403 1185 2446 cap.
1216 2398 1251 2435 6.
1281 2398 1344 2435 66.
1375 2398 1424 2434 ἐφ’
1456 2409 1541 2445 132.
1571 2395 1634 2434 Sic
1659 2397 1841 2434 Clemens
1864 2396 2067 2433 Romanus
2089 2401 2196 2433 tanta

261 2446 301 2483 in
328 2446 438 2484 altari
466 2447 714 2497 holocausta,
744 2455 890 2497 quanta
917 2448 989 2486 toti
1016 2449 1164 2498 populo
1191 2450 1243 2487 ad
1265 2449 1583 2488 communionem
1599 2448 1812 2496 sufficiant
1828 2447 1958 2486 offern
1972 2449 2066 2486 vult
2081 2449 2196 2498 Epis-

258 2500 336 2536 tola
364 2501 541 2537 secunda.
569 2499 679 2538 Hinc
707 2507 764 2539 est
791 2501 899 2550 quod
927 2501 966 2539 in
993 2502 1178 2540 Romano
1207 2503 1344 2541 ordine
1373 2502 1493 2552 (iuxta
1522 2514 1640 2551 quem
1668 2501 1762 2540 olim
1785 2502 1993 2540 Missarum
2007 2500 2196 2539 solemnia

257 2551 537 2601 recitabantur)
568 2552 880 2593 Archidiaconus
909 2560 1034 2592 tantas
1063 2554 1173 2603 panis
1201 2554 1358 2604 vinique
1388 2556 1625 2602 oblationes,
1654 2561 1822 2604 quantae
1848 2553 2000 2604 possint
2014 2553 2195 2592 vniuerso

257 2606 407 2664 populo
435 2605 678 2654 satisfacere
707 2618 822 2656 super
849 2609 966 2645 altare
993 2620 1141 2656 ponere
1169 2607 1333 2647 dicatur.
1362 2608 1476 2646 Vnde
1507 2610 1714 2658 Rabanus.,
1743 2608 1843 2646 lzbro
1871 2607 2049 2656 secundo,
2077 2608 2196 2655 capite

261 2658 456 2705 trzgeszmo
475 2660 622 2708 primo.
651 2659 823 2707 Quando
853 2659 1027 2719 (inquit).
1038 2661 1212 2699 officium
1240 2661 1382 2700 Missae
1409 2660 1552 2711 agitur
1582 2674 1628 2699 ea
1654 2667 1737 2698 tum
1764 2661 1861 2698 hora
1888 2659 2022 2698 fideles
2050 2658 2194 2708 quique

265 2710 558 2748 Sacramentum
601 2711 777 2760 corporis
816 2713 851 2749 &
895 2713 1089 2763 sanguinis
1139 2713 1281 2751 Christi
1327 2714 1556 2764 percipiunt.
1607 2715 1770 2752 Seruant
1809 2712 1904 2751 illud
1945 2711 2191 2750 Moseouitae

264 2761 499 2814 etiamnum
525 2777 571 2802 ac
597 2764 771 2814 plerique
801 2765 1038 2817 Orientales,
1067 2773 1150 2805 tum
1179 2767 1293 2806 etiam
1320 2767 1360 2806 in
1387 2780 1509 2818 regno
1524 2767 1744 2816 Presbyteri
1756 2765 1931 2816 Ioannis,
1920 2766 2190 2857 ‚gormatobex

1725 2843 1742 2858 0
1924 2831 1949 2857 0
1979 2817 2114 2857 lationi
2145 2829 2188 2858 us
