2334 3020
209 79 257 126 98
847 77 912 109 nr.
955 82 1100 108 VERA
1140 75 1485 109 THEOLOGIA.

260 194 338 232 Hic
374 197 466 232 vero
501 191 676 241 quaestio
704 189 862 238 incidit,
890 201 990 239 quae
1017 188 1192 227 rudiores
1221 190 1383 227 fortasse
1409 189 1619 239 scripturae
1646 203 1777 228 sacrae
1805 203 1965 240 operam
1992 191 2128 231 dantes

208 257 458 284 commouere
492 244 626 295 possit.
655 243 755 281 Cum
783 241 886 280 enim
914 240 1143 289 scripturam
1171 241 1387 290 perfectum
1415 254 1498 280 esse
1523 242 1696 281 dicamus
1723 243 1965 294 Theologiae
1992 244 2128 283 instru-

208 306 400 346 mentum3
442 297 653 346 Prophetas
694 302 822 333 autem
864 296 898 332 ἅν
941 294 1157 343 Apostolos
1195 293 1390 331 interdum
1432 294 1573 332 dixisse
1616 297 1651 333 δι
1692 295 1889 345 scripsisse
1928 296 2128 336 videamus

207 351 419 400 quaedam,
447 353 470 387 a
497 348 657 388 veritate
687 359 804 396 quam
833 348 940 384 Deus
970 346 1116 384 reuelat
1141 345 1416 395 discrepantia,
1447 348 1649 395 quomodo
1677 348 1759 386 fieri
1786 349 1908 398 possit
1934 356 1975 387 vt
2003 349 2129 400 Scrip-

206 411 329 441 turam
358 404 459 440 hanc
487 403 702 452 perfectum
729 400 1024 437 instrumentum
1053 398 1227 436 dicamus
1254 397 1360 436 esse?
1388 399 1567 449 Exempli
1587 411 1743 438 caussa:
1772 401 1940 440 Dicebat
1953 401 2128 452 Samuel,

206 458 295 494 cum
322 456 471 494 videret
497 454 679 492 Eliabum
707 454 864 490 fratrem
890 451 1053 490 Dauidis
1080 450 1311 501 maximum,
1339 450 1404 489 hic
1431 451 1562 501 vtique
1591 465 1723 491 coram
1750 455 1896 493 Iehoua
1911 462 1968 493 est
1981 461 2124 493 vnctus

206 508 338 559 ipsius.
386 522 418 546 1.
461 508 624 546 Samuel.
672 507 730 543 16.
772 506 809 543 6.
851 504 1008 543 dicebat
1047 505 1138 543 item
1178 504 1334 542 Nathan
1362 504 1462 554 Regi
1489 504 1799 544 aedificationem
1827 508 1967 546 domus
1995 520 2128 546 sacrae

206 561 413 612 cogitanti,
450 559 636 610 quicquid
677 565 734 597 est
774 557 844 596 tibi
883 557 923 595 in
957 558 1088 596 animo
1116 558 1199 603 fac,
1228 569 1318 594 nam
1346 557 1494 595 Iehoua
1521 558 1629 596 adest
1655 558 1737 598 tibi.
1769 574 1802 599 2.
1831 561 1997 599 Samuel.
2029 572 2063 608 7.
2091 573 2128 609 3.

208 614 412 652 Scribebat
450 614 591 651 Paulus
619 625 659 650 se
688 612 953 661 profecturum
980 610 1019 649 in
1047 609 1298 660 Hispaniam,
1326 611 1361 647 &
1389 622 1435 647 ea
1462 610 1703 659 profectione
1730 613 1781 650 ad
1807 614 2011 652 Romanos
2039 626 2129 651 ven-

205 674 333 704 turum
369 679 464 705 esse.
505 668 616 704 Rom.
651 675 709 714 15.
741 676 801 711 24.
828 664 940 701 Idem
969 662 1180 702 Corinthiis
1208 663 1244 700 &
1271 662 1698 703 Thessalonicensibus.
1739 665 1839 703 Cum
1866 678 1960 716 ergo
1989 667 2128 704 falsum

204 719 369 758 dixerint
409 719 483 769 illi,
525 725 590 757 aut
631 717 745 756 etiam
779 715 1022 768 scripserint,
1052 716 1255 766 quomodo
1284 715 1438 764 (dixerit
1464 715 1672 766 quispiam)
1700 717 1888 767 scriptura
1913 721 2129 768 perfectum

205 772 501 810 instrumentum
530 769 716 821 appellari
742 776 889 820 potest,
916 769 955 806 in
983 781 1059 819 qua
1087 781 1274 819 responsa
1301 770 1337 806 &
1363 769 1555 818 promissa
1578 769 1662 806 falsi
1676 777 1876 820 comperta
1890 770 1989 809 sint?
2015 771 2128 810 Istius

204 825 310 874 dubij
340 825 573 863 solutionem
601 823 671 862 etsi
699 836 746 861 ex
772 822 855 873 ipsa
883 822 1123 872 Theologiae
1150 828 1305 859 nostrae
1320 820 1562 872 definitione,
1589 821 1714 871 quiuis
1727 830 1855 872 potest
1869 837 2127 874 cognoscere,

204 877 270 927 qui
297 877 469 916 animum
498 877 702 927 diligenter
730 877 780 914 ad
809 889 894 914 eam
924 875 1148 914 aduerterit:
1178 882 1309 912 tamen
1337 887 1386 913 ne
1415 873 1509 924 quid
1536 874 1575 912 in
1603 887 1714 913 mora
1737 874 1784 913 sit
1805 875 2127 926 imperitioribus,

205 944 290 969 eam
318 931 450 980 paucis
478 932 555 969 hoc
584 930 705 968 modo
733 939 1010 978 proponemus.
1037 928 1157 966 Aliud
1184 934 1241 965 est
1267 926 1383 977 igitur
1410 939 1539 965 rerum
1563 927 1782 966 diuinarum
1807 928 1983 980 scientia,
2003 929 2129 979 aliud,

205 983 457 1022 consiliorum
498 985 534 1022 ἃν.
562 982 771 1021 voluntatis
798 988 865 1019 aut
891 981 1019 1030 iudicij
1048 980 1208 1019 humani
1234 980 1369 1019 nostri.
1406 982 1452 1018 In
1480 981 1594 1018 rebus
1623 980 1763 1018 diuinis
1791 993 1855 1019 eas
1883 993 2129 1020 numeramus

203 1049 284 1075 non
312 1038 438 1075 solum
466 1048 562 1087 quas
589 1037 696 1074 Deus
725 1034 835 1085 facit,
864 1036 999 1072 verum
1027 1035 1142 1073 etiam
1171 1045 1267 1083 quas
1294 1039 1453 1071 testatur
1477 1045 1656 1072 sermone
1671 1045 1763 1084 suo,
1787 1033 1868 1072 siue
1881 1047 1951 1084 per
1965 1035 2128 1073 modum

203 1089 423 1129 communis
451 1089 579 1139 verbi,
607 1088 688 1127 siue
715 1101 784 1138 per
811 1087 1044 1137 singularem
1073 1086 1364 1125 reuelationem.
1392 1086 1539 1124 Contra
1553 1086 1701 1125 veroin
1716 1086 1886 1125 consiliis
1902 1093 1968 1125 aut
1981 1087 2130 1125 iudiciis

203 1142 382 1181 humanis
410 1155 455 1181 ea
483 1141 782 1192 complectimur
809 1140 958 1191 omnia,
987 1152 1086 1189 quae
1115 1140 1209 1178 citra
1236 1138 1501 1178 testimonium
1529 1151 1738 1177 commune
1765 1146 1831 1178 aut
1850 1139 2042 1189 singulare
2056 1141 2130 1179 Dei

204 1197 254 1234 ab
281 1194 528 1246 hominibus,
557 1193 733 1245 quamuis
762 1193 1011 1232 sanctissimis
1039 1192 1360 1242 sanctissimoque
1381 1191 1563 1243 consilio,
1589 1193 1854 1243 proferuntur,
1877 1199 1943 1230 aut
1955 1193 2128 1231 humano

204 1259 439 1298 quocunque
465 1247 624 1286 iudicio.
652 1246 857 1285 Eiusmodi
883 1247 1037 1284 fuerunt
1064 1246 1128 1284 illa
1156 1245 1343 1283 Samuelis
1367 1252 1484 1294 atque
1511 1244 1699 1283 Nathanis
1726 1245 1887 1296 iudicia,
1908 1257 2028 1295 quum
2042 1247 2129 1284 Deo

204 1301 426 1340 inconsulto
468 1301 682 1339 secundum
710 1299 938 1349 opinionem
967 1310 1075 1337 suam
1103 1298 1261 1336 mfflime
1289 1299 1430 1336 malam
1459 1300 1595 1336 contra
1621 1304 1850 1348 statuerent,
1879 1301 1997 1348 quam
2023 1300 2131 1337 Deus

205 1367 349 1392 arcano
378 1365 448 1392 suo
477 1353 621 1392 iudicio
650 1353 889 1391 definiuerat.
918 1353 1054 1401 Neque
1082 1352 1205 1402 enim,
1233 1351 1323 1401 quia
1350 1352 1567 1400 Prophetae
1595 1358 1722 1400 erant,
1749 1350 1928 1390 homines
1956 1364 2038 1390 esse
2066 1353 2130 1390 de-

206 1407 394 1445 siuerant:
436 1407 506 1445 sed
547 1414 752 1456 Vtrumque
793 1417 915 1456 genus
956 1405 1153 1443 actionum
1193 1405 1244 1442 ab
1271 1403 1343 1442 illis
1375 1405 1644 1443 exercebatur:
1673 1403 1887 1442 humanum
1915 1404 2129 1442 secundum

204 1467 402 1498 naturam:
431 1459 703 1509 propheticum
730 1462 821 1497 vero
850 1459 1065 1497 secundum
1093 1457 1318 1495 relationem
1345 1456 1510 1507 gratiae,
1533 1468 1632 1507 quae
1645 1457 1696 1495 ad
1709 1464 1886 1495 naturam
1901 1464 2129 1496 accesserat.

203 1514 335 1563 Atque
361 1513 439 1551 hoc
467 1513 607 1551 falsum
634 1511 819 1550 iudicium
848 1510 1005 1550 illorum
1033 1523 1080 1548 ex
1107 1510 1267 1548 veritate
1296 1509 1485 1559 scriptura
1511 1516 1661 1548 narrat:
1690 1510 1797 1559 quod
1824 1510 1920 1548 fides
1947 1509 2129 1548 historiae

204 1566 409 1605 desiderat.

256 1619 335 1657 Sed
374 1613 529 1669 grauius
572 1619 791 1668 exemplum
833 1616 941 1655 Pauli
968 1615 1119 1654 videtur
1148 1628 1251 1666 esse,
1279 1617 1485 1665 propterea
1513 1615 1620 1664 quod
1646 1627 1764 1653 nemo
1792 1615 1876 1665 pius
1903 1616 2009 1654 aliud
2038 1626 2127 1653 cum

203 1672 335 1710 animo
364 1683 435 1711 suo
462 1671 613 1722 statuit,
643 1673 761 1720 quam
789 1677 897 1709 certo
926 1669 1134 1708 dictamine
1149 1668 1310 1718 Spiritus
1325 1668 1448 1706 sancti
1463 1667 1701 1717 conscriptas
1715 1667 1831 1706 fuisse
1845 1669 2127 1718 Apostolorum

202 1732 429 1763 sanctorum
456 1724 660 1774 epistolas,
688 1735 788 1773 quae
815 1723 854 1761 in
882 1735 1074 1761 canonem
1101 1721 1300 1759 Ecclesiae
1328 1720 1469 1760 Christi
1496 1722 1639 1759 relatae
1666 1727 1770 1759 sunt:
1800 1722 1835 1759 δε
1862 1727 1993 1759 tamen
2020 1720 2126 1759 aliud

202 1791 382 1817 sermone
410 1777 661 1828 promittebat
688 1777 849 1826 Paulus,
877 1774 982 1814 aliud
1008 1774 1182 1813 instituto
1210 1773 1285 1812 Dei
1299 1781 1355 1812 est
1369 1780 1510 1812 euentu
1525 1781 1821 1824 consequutum.
1848 1775 2127 1812 Verumtamen

203 1831 234 1870 si
274 1844 356 1870 rem
396 1830 561 1881 penitius
601 1828 964 1880 introspexerimus,
996 1828 1106 1877 parui
1132 1827 1316 1865 interesse
1342 1826 1438 1865 illud
1465 1825 1703 1877 videbimus,
1731 1833 1858 1864 vtrum
1887 1826 2052 1865 dixerint
2078 1839 2127 1865 an

202 1884 424 1934 scripserint
469 1894 570 1934 quae
611 1883 661 1921 ad
699 1883 891 1921 rationem
932 1880 990 1920 sui
1017 1879 1214 1929 ministerij
1243 1878 1416 1918 arbitrati
1443 1886 1532 1918 sunt
1558 1879 1761 1929 pertinere.
1805 1881 1907 1917 Nam
1938 1881 2060 1929 aeque
2087 1878 2127 1917 in

203 1936 447 1976 sermonibus
488 1949 534 1975 ac
570 1936 609 1974 in
639 1935 790 1985 scriptis
818 1935 995 1984 illorum,
1025 1935 1102 1982 qua
1129 1933 1286 1983 quidem
1313 1932 1567 1971 ministerium
1595 1933 1850 1982 Apostolatus
1878 1932 1949 1970 fuit
1977 1933 2027 1971 ab
2054 1932 2129 1970 illis

202 1990 447 2041 praestitum,
488 1989 670 2028 virtutem
712 1988 874 2038 Spiritus
915 1986 987 2026 illis
1030 1985 1240 2036 praefuisse
1281 1992 1453 2036 constat,
1494 1985 1703 2034 omniaque
1743 1985 1987 2023 moderatum
2030 1997 2127 2024 esse.

200 2045 336 2092 Itaque
377 2056 427 2082 ne
467 2042 507 2080 in
548 2042 720 2093 epistolis
762 2040 920 2092 quidem
961 2039 1192 2089 reprehendi
1226 2044 1356 2088 potest
1391 2038 1598 2088 quicquam
1634 2039 1712 2077 hoc
1739 2037 1916 2076 nomine:
1944 2050 2019 2076 nec
2046 2037 2128 2076 iure

199 2095 352 2134 videtur
380 2108 508 2146 posse.
538 2097 642 2134 Nam
670 2094 839 2146 primum
865 2093 960 2131 nihil
987 2092 1038 2131 ad
1066 2091 1285 2131 doctrinam
1311 2090 1403 2129 fidei
1431 2091 1670 2140 modumque
1699 2091 1740 2139 (f.
1774 2092 1902 2140 1421.)
1928 2090 2124 2140 pertinens

201 2160 366 2198 vsquam
407 2148 639 2198 reprehendi
680 2154 822 2198 potest.
863 2160 936 2185 nec
975 2148 1068 2184 vero
1108 2143 1294 2184 continuo
1334 2144 1527 2194 sequitur,
1564 2144 1595 2182 si
1623 2143 1718 2193 quid
1745 2144 1958 2182 humanum
1988 2143 2127 2182 dicitur

203 2200 450 2252 scribiturue,
479 2201 586 2250 quod
613 2201 766 2251 pietati,
794 2206 859 2238 aut
886 2198 1038 2238 veritati
1064 2197 1173 2248 fidei,
1202 2196 1556 2246 sanctimoniaeque
1584 2196 1743 2234 minime
1762 2197 1985 2235 aduersetur
1999 2207 2127 2234 rerum

202 2254 421 2292 diuinarum
449 2265 549 2303 quae
577 2255 779 2292 traduntur
806 2252 1076 2291 auctoritatem
1102 2249 1276 2289 interire:
1307 2249 1396 2299 quia
1422 2249 1519 2288 illud
1546 2249 1672 2299 ipsum
1699 2262 1781 2287 non
1809 2256 1866 2288 est
1886 2249 2127 2299 Theologiae

201 2307 310 2357 quod
351 2306 492 2345 dicitur
531 2306 772 2357 humanitus,
812 2319 885 2345 nec
925 2304 1047 2355 magis
1087 2303 1255 2342 alienum
1297 2309 1353 2341 est
1392 2305 1415 2340 a
1443 2303 1648 2352 Theologo
1675 2301 1900 2340 humanitus
1926 2301 2034 2350 loqui
2061 2309 2126 2340 aut

200 2359 392 2406 scribere,
434 2361 552 2408 quam
593 2359 761 2397 alienum
803 2365 861 2397 est
888 2360 938 2397 ab
965 2356 1123 2396 homine
1150 2355 1293 2395 versari
1319 2355 1358 2393 in
1386 2356 1460 2393 hac
1489 2354 1695 2405 sapientia,
1723 2366 1841 2404 quam
1868 2354 2126 2404 Theologiam

202 2414 456 2463 appellamus,
497 2414 583 2451 Imo
626 2415 717 2451 vero
758 2412 799 2450 id
827 2411 949 2462 magis
977 2409 1214 2448 conueniens
1239 2408 1391 2447 videtur
1419 2421 1525 2447 esse:
1549 2421 1640 2445 nam
1669 2414 1709 2446 vt
1735 2414 1872 2446 natura
1898 2408 2020 2445 homo
2048 2413 2125 2456 est,

201 2466 257 2504 sic
283 2465 420 2504 natura
447 2464 526 2516 agit
554 2466 661 2514 quod
689 2472 747 2504 est
773 2464 942 2503 hominis
969 2462 1203 2513 proprietate
1230 2469 1409 2500 naturae:
1436 2468 1478 2499 vt
1493 2468 1621 2499 autem
1636 2473 1707 2510 per
1722 2460 1885 2510 gratiam
1899 2461 2126 2510 Theologus

202 2525 279 2569 est,
320 2531 401 2557 non
441 2518 521 2568 agit
561 2518 670 2567 quod
709 2517 904 2568 Theologi
944 2523 1020 2567 est,
1054 2515 1127 2554 nisi
1156 2513 1414 2565 singularitate
1441 2514 1598 2564 gratiae.
1639 2512 1745 2562 Quin
1773 2512 1888 2551 etiam
1916 2512 2041 2550 visum
2068 2519 2126 2551 est

201 2571 412 2621 sapientiae
439 2571 514 2609 Dei
541 2577 723 2609 testatum
752 2572 880 2621 palam
907 2570 985 2608 hoc
1012 2569 1134 2607 modo
1161 2570 1306 2618 facere,
1334 2568 1523 2605 humanas
1552 2566 1776 2616 opiniones,
1804 2565 1969 2616 iudicia,
1991 2566 2126 2603 volun-

201 2630 317 2674 tates,
361 2635 460 2673 quae
489 2624 539 2662 ad
567 2623 750 2673 pietatem
777 2625 813 2661 &
841 2622 1068 2661 charitatem
1095 2621 1306 2671 pertinent,
1334 2619 1510 2668 quamuis
1538 2621 1696 2658 effectus
1724 2630 1856 2656 earum
1883 2631 2024 2656 arcana
2051 2617 2126 2655 Dei

202 2678 402 2715 voluntate
429 2677 476 2715 sit
504 2676 614 2714 aliter
641 2683 968 2726 consequuturus,
996 2676 1121 2713 aDeo
1141 2672 1645 2724 probatas&sanctificatas
1661 2684 1755 2710 esse.
1783 2672 1832 2709 Et
1845 2672 1981 2709 harum
1995 2678 2125 2708 tamen

202 2731 380 2778 exempla
394 2729 425 2767 si
439 2731 544 2767 nulla
557 2736 767 2780 exstarent,
788 2727 1048 2779 proculdubio
1063 2727 1341 2765 nonnullorum
1357 2724 1711 2774 superstitiosorum
1725 2723 1928 2812 hominsstzim
1943 2722 2103 2761 audacia
2114 2751 2125 2772 ,

1912 2777 2123 2813 multorum
