2334 3020
739 90 958 118 THESES
999 89 1431 118 THEOLOGICAE.
1978 91 2049 130 223

125 201 224 238 stola
265 200 411 250 gloriae
450 198 555 250 ipsos
593 198 745 236 induet:
772 197 896 247 impiis
925 204 1053 236 autem
1084 198 1121 235 in
1145 197 1223 235 hoc
1253 196 1400 235 mundo
1430 196 1643 234 furentibus
1671 207 1862 234 summam
1891 196 2053 247 ignomi-

121 253 224 291 niam
263 253 411 302 inuret,
439 252 596 291 delicias
625 264 760 290 corum
790 252 825 289 in
857 251 1089 289 cruciatum.
1120 251 1236 288 risum
1266 249 1301 288 in
1334 250 1541 287 stridorem
1573 249 1747 287 dentium
1776 251 2053 300 permutando.

177 320 236 344 12.
293 309 533 345 Poslm‘mum
577 305 771 353 inedium,
813 313 870 342 est
905 312 1031 342 rectus
1073 305 1267 341 bonorum
1309 302 1544 341 terrestrium
1588 315 1695 353 vsus,
1734 315 1812 351 quo
1842 304 1884 341 fit
1911 309 1952 340 vt
1976 303 2053 340 hoc

118 360 266 397 mundo
295 367 446 397 Vtamur
474 366 659 408 tanquam
690 370 767 396 non
800 364 969 406 vtentes,
1000 360 1168 395 fruentes
1197 357 1356 405 quidem
1387 355 1500 394 bonis
1528 357 1551 393 a
1575 357 1662 393 Deo
1678 356 1874 394 concessis
1898 356 1948 393 ad
1968 369 2052 393 cor-

117 412 222 462 poris
265 411 585 451 sustentationem
616 414 650 449 &
680 410 981 459 recreationem,
1006 411 1075 448 sed
1105 416 1366 459 temperanter
1393 410 1428 446 δι
1457 420 1547 446 curn
1577 408 1786 459 gratiarum
1818 409 1983 447 actione.
2017 423 2049 446 2.

117 474 152 502 vt
178 467 392 503 eorundem
423 464 624 514 penuriam
654 464 806 514 placide
831 465 1015 506 feramus,
1046 463 1306 513 proximoque
1332 462 1460 512 egenti
1488 461 1697 500 liberaliter
1713 475 1758 500 ea
1774 462 2050 512 impertiamur,

116 531 160 556 ac
203 519 369 568 denique
399 518 497 556 intra
526 524 648 555 metas
678 517 894 555 vocationis
916 518 1212 564 contineamur,
1244 529 1397 566 semper
1424 514 1642 564 cogitantes
1670 522 1829 559 nostrae
1858 516 2052 565 dispensa-

117 571 235 609 tionis
264 571 455 609 rationem
485 584 569 609 csse
598 570 836 608 reddendam
868 571 968 608 Deo.

891 716 1280 744 COROLLARIA.

176 838 206 862 1.
236 826 286 862 Et
329 824 360 863 si
402 825 534 863 fideles
578 824 767 874 incipiunt
795 826 883 863 Deo
912 838 1063 863 morem
1092 837 1245 874 gerere,
1274 826 1309 862 δι
1337 824 1581 874 propositum
1612 826 1647 863 ei
1674 826 1974 876 obtemperandi
2003 839 2058 865 se-

118 878 291 916 cundum
336 877 468 916 omnia
509 877 590 916 eius
626 885 834 928 praecepta
876 879 1040 925 habent,
1065 884 1195 916 tamen
1224 877 1314 926 quia
1343 890 1416 916 nec
1444 880 1615 927 perfecte
1642 880 1771 917 Deum
1799 892 2059 929 cognoscere,

117 944 190 969 nec
218 930 470 969 obedientam
500 943 617 980 quam
646 933 708 970 lex
737 930 895 980 requirit
923 938 1119 981 praestare
1146 938 1331 981 possunt,
1359 943 1428 968 eos
1460 931 1614 980 assequi
1642 932 1744 970 vitae
1767 933 2060 983 perfectionem,

117 985 210 1022 dum
257 984 320 1021 hic
350 984 508 1030 viuunt,
539 997 748 1035 negamuS,
777 992 914 1022 contra
942 983 1170 1022 Pontificios
1200 984 1235 1021 &
1264 984 1563 1034 Anabaptistas,
1588 992 1742 1034 patrum
1771 997 1931 1024 suorum
1960 988 2057 1024 Pha-

119 1037 331 1075 risaeorum
361 1039 396 1075 δε
426 1037 720 1087 Pelagianorem
754 1037 913 1088 vestigia
943 1044 1235 1087 persequentes.

170 1104 205 1129 2.
261 1091 410 1129 Contra
453 1094 568 1141 vero,
610 1091 789 1140 quamuis
833 1092 910 1129 vita
941 1091 1006 1128 illa
1030 1102 1109 1128 non
1139 1102 1292 1139 semper
1321 1089 1359 1127 in
1388 1090 1442 1128 eis
1470 1097 1677 1140 appareat,
1707 1092 1743 1129 δι
1772 1103 2058 1142 nonnunquam

119 1143 157 1181 in
200 1151 362 1194 peccata
402 1144 583 1194 grauiora
612 1143 805 1182 incidant:
832 1144 913 1182 fieri
942 1155 1144 1193 nunquam
1173 1155 1288 1193 posse
1316 1144 1612 1193 contendimus,
1641 1151 1682 1182 vt
1712 1156 1848 1182 eorum
1878 1145 1971 1183 folia
1994 1158 2059 1196 pe-

114 1197 214 1235 nitus
243 1205 492 1247 exarescant,
520 1197 611 1247 quia
637 1198 844 1236 humorem
873 1209 1028 1248 semper
1055 1196 1221 1236 retinent
1247 1196 1286 1234 in
1316 1197 1467 1247 radice,
1484 1209 1584 1246 quae
1608 1198 1777 1235 fructum
1794 1199 1866 1236 fert
1882 1204 2059 1248 tempore

113 1261 198 1288 suo.
227 1252 337 1290 Psal.
372 1264 402 1288 1.

420 1529 644 1566 XXXVIII.
700 1528 785 1565 DE
826 1529 1237 1567 LIBERTATE
1280 1529 1744 1568 CHRISTIANA.

179 1646 322 1698 Quum
356 1648 723 1703 iustzflcationem
755 1648 950 1690 hominis
984 1663 1128 1690 coram
1156 1649 1250 1690 Deo
1268 1648 1516 1690 Christiana
1543 1650 1717 1691 libertas
1740 1657 2053 1704 consequatur,

114 1709 240 1763 eaque
282 1709 387 1750 lzaec
426 1710 557 1750 illius
591 1709 654 1750 sit
686 1710 939 1763 appendix,
976 1710 1082 1750 ordo
1109 1709 1336 1763 postulat,
1370 1716 1442 1759 vt,
1477 1710 1565 1751 z’llci
1594 1712 1976 1762 κατασκεναςικῶς
2010 1713 2055 1752 &

113 1769 468 1821 (ἷνασκεναεικῶς
510 1771 818 1824 superioribus
861 1771 1237 1824 disputationibus
1272 1771 1533 1825 proposita,
1574 1771 1615 1821 (f.
1658 1773 1787 1824 1695)
1829 1773 1893 1812 ad
1920 1772 2055 1813 leuius

113 1830 455 1882 explicationem
487 1831 682 1872 maxim?
713 1831 960 1873 salutarem
992 1834 1037 1874 ὃ
1068 1832 1360 1873 necessariam
1397 1838 1701 1879 transeamus,·
1734 1834 1778 1873 ἃ
1792 1865 1800 1881 ,
1835 1846 2056 1886 quousque

114 1905 159 1931 se
205 1891 432 1940 extendat,
476 1891 637 1945 quidve
680 1893 915 1942 contineat,
968 1893 1223 1935 videmnus:
1267 1907 1320 1934 ne
1360 1893 1531 1934 incauti
1570 1893 1634 1933 ad
1670 1893 1869 1947 effi'encm
1902 1894 2054 1934 carnis

116 1951 342 1993 licentiam
376 1954 420 1994 ὃ
440 1952 651 2005 fratrum
685 1953 973 2009 infirmorum
1005 1954 1275 1996 euersioncm
1308 1966 1358 1994 ea
1389 1954 1638 1995 abutamur.

935 2095 1148 2133 THES1s
1188 2095 1220 2133 Ι.

176 2211 380 2247 LIBERTAS
425 2210 644 2249 Christiana
685 2218 741 2249 est
771 2211 937 2261 gratuita
963 2213 999 2249 δι
1029 2212 1236 2262 spiritualis
1264 2214 1357 2250 vere
1380 2211 1552 2250 fidelium
1581 2211 1855 2262 manumissio,
1884 2212 1961 2261 qua
1989 2225 2058 2262 per

121 2263 319 2302 Christum
351 2266 373 2301 a
404 2264 680 2303 maledictione
711 2266 826 2315 legis,
856 2264 1039 2304 seruitute
1067 2266 1219 2316 peccati
1249 2266 1284 2304 δι
1313 2266 1494 2315 legalium
1525 2266 1835 2304 ceremoniarum
1850 2269 2058 2315 rerumque

117 2330 186 2366 per
217 2329 257 2354 se
290 2317 589 2355 indifferentium
620 2318 712 2368 iugo
741 2319 876 2357 asserti
905 2319 940 2356 ἃ
970 2319 1112 2369 Spiritu
1142 2327 1279 2357 sancto
1310 2319 1445 2357 donati
1472 2326 1581 2368 sunt,
1619 2326 1660 2357 vt
1687 2327 1826 2369 sponte
1854 2319 1890 2356 in
1921 2320 2057 2357 sancti-

115 2377 194 2408 tate
238 2371 273 2407 &
318 2370 460 2408 iustitia
504 2372 593 2409 Deo
636 2372 781 2410 seruire
810 2372 1017 2422 incipiant,
1046 2373 1096 2410 ad
1124 2384 1232 2411 suam
1263 2373 1444 2419 salutem,
1474 2373 1634 2410 fratrum
1658 2372 1989 2423 aedificationem,
2021 2373 2056 2410 &

112 2423 187 2462 Dei
215 2424 391 2474 gloriam.

176 2491 209 2515 2.
264 2476 616 2516 Manumissionem
647 2490 835 2516 vocamus
862 2491 943 2517 non
975 2480 1244 2528 corporalem,
1274 2479 1342 2517 sed
1371 2479 1511 2528 (qualis
1541 2479 1656 2517 etiam
1685 2478 1866 2529 opposita
1892 2478 2056 2517 seruitus

112 2534 187 2571 est)
220 2530 481 2580 spiritualem,
508 2537 550 2568 vt
578 2531 692 2570 aliam
721 2534 744 2570 a
771 2531 930 2582 politica
958 2534 1020 2570 vel
1049 2531 1174 2581 ciuili,
1204 2533 1239 2570 &
1270 2533 1359 2570 ficta
1387 2532 1548 2570 aliarum
1576 2539 1769 2570 sectarum
1784 2533 1960 2571 libertate
1974 2545 2059 2570 esse

112 2584 303 2622 sciamus:
348 2583 505 2634 respicit
552 2585 654 2623 enim
696 2585 1007 2635 pacificationem
1051 2584 1335 2633 conscientiae,
1377 2597 1476 2635 quae
1518 2585 1590 2624 scit
1616 2587 1652 2624 &
1680 2586 1814 2635 sentit,
1849 2599 1890 2624 se
1917 2586 2056 2624 merito

115 2637 258 2675 Christi
288 2648 378 2675 cum
408 2640 496 2676 Deo
525 2638 563 2675 in
592 2638 755 2689 gratiam
785 2638 956 2677 rediisse.
996 2640 1128 2677 Potest
1156 2645 1287 2677 tamen
1319 2650 1408 2676 cum
1439 2645 1598 2677 externa
1628 2650 1787 2689 quoque
1815 2639 1994 2678 libertate
2021 2640 2057 2677 δι

115 2690 299 2728 seruitute
331 2692 563 2729 consistere:
591 2705 681 2730 nam
709 2691 868 2730 externa
897 2693 1075 2730 libertate
1102 2693 1239 2730 donati
1266 2692 1381 2730 etiam
1411 2693 1603 2731 internam
1631 2693 1798 2739 habere,
1825 2694 1861 2731 ὃ(
1899 2699 2057 2731 externa

115 2743 302 2781 seruitute
351 2745 475 2794 pressi
519 2745 709 2784 internam
739 2746 956 2783 libertatem
987 2745 1158 2784 nancisci
1195 2748 1229 2784 ἃ
1258 2746 1423 2784 retinere
1449 2752 1625 2796 possunt.
1659 2759 1689 2783 1.
1723 2748 1809 2784 Cor.
1841 2758 1875 2795 7.
1907 2758 1966 2783 21.
1993 2759 2054 2783 22.

1943 2798 2052 2836 Hinc
