2334 3020
258 130 332 164 402
960 120 1227 148 EIRENICI
1269 119 1408 146 PARS
1450 119 1474 146 1.

259 230 573 281 amplectendam
597 228 873 267 accendamur.
902 228 972 265 Est
995 233 1125 264 autem
1147 226 1290 264 horum
1311 226 1555 263 Psalmorum
1580 221 1809 260 excellentia
1832 221 1913 260 siue
1936 220 2185 270 praestantia:

259 287 346 321 Vna
376 282 614 331 communis,
643 282 775 319 Altera
802 280 972 330 propria.
1017 279 1246 317 Communis
1276 285 1352 325 est,
1382 279 1489 327 quod
1512 279 1535 314 a
1557 278 1642 314 Deo
1666 282 1825 313 auctore
1853 281 1962 323 sunt,
1992 276 2099 323 qued
2125 287 2186 312 res

259 337 409 375 diuinas
433 336 610 385 tradunt,
635 336 670 372 δι
696 334 804 383 quod
825 333 959 371 diuino
976 333 1096 370 modo
1112 332 1162 370 ad
1175 344 1263 369 eam
1277 344 1358 369 rem
1374 329 1603 368 sanctificati
1617 335 1727 377 sunt,
1743 335 1783 365 vt
1802 327 1938 376 reliqui
1962 327 2185 376 Scripturae

259 389 357 438 loci,
400 390 602 426 Praeterea
637 389 881 425 Psalmorum
909 388 944 424 &
971 386 1209 434 hymnorum
1237 383 1490 433 spiritualium
1520 382 1559 420 in
1591 380 1796 430 Scripturis
1826 394 1870 418 ea
1899 387 1956 418 est
1986 380 2108 426 ratio,
2148 389 2187 418 vt

260 448 435 492 respectu
462 440 581 479 nostri
610 439 925 487 excellentiores,
953 439 1036 476 aliis
1065 437 1269 486 Scripturis
1298 437 1336 474 in
1366 436 1567 474 doctrinae
1596 436 1717 472 modo
1742 446 1824 471 esse
1840 434 2055 471 videantur.
2085 435 2186 471 Nam

260 508 319 533 res
350 501 501 532 sanctas
530 492 712 543 singulari
738 493 912 542 quodam
941 491 1062 529 modo
1089 490 1172 528 vsui
1200 496 1333 528 nostro
1363 487 1687 537 accommodant,
1704 490 1738 525 ἃ
1755 486 1866 535 quasi
1881 486 2083 535 temperati
2098 493 2187 524 sunt

260 548 311 586 ad
353 548 555 585 modulum
597 552 756 584 naturae
798 552 951 583 nostrae
979 557 1026 582 ex
1053 543 1255 581 inscientia
1283 541 1530 580 commodius
1563 540 1856 589 informandae,
1894 552 1942 577 ex
1967 539 2189 578 infirmitate

260 600 569 649 confirmandae,
607 605 723 648 atque
759 598 798 636 in
836 597 1017 647 veritate,
1045 596 1186 634 iustitia
1214 598 1249 634 &
1277 594 1554 639 sanctimonia,
1583 594 1767 631 aduersus
1797 605 1933 630 omnes
1959 592 2078 630 animi
2106 605 2189 642 per-

258 652 498 692 turbationes
534 654 569 690 &
597 651 874 701 impedimenta
902 650 1003 688 intus
1032 649 1201 698 forisque
1229 647 1498 693 obuenientia,
1528 659 1597 696 per
1625 646 1859 695 singularem
1886 646 1994 683 illum
2022 646 2189 695 applica-

261 705 377 745 tionis
415 706 579 743 modum
615 704 968 742 constabiliendae:
999 702 1066 752 qui
1093 703 1233 740 modus
1262 714 1342 739 non
1369 701 1422 738 ita
1449 708 1506 738 est
1534 702 1572 737 in
1602 698 1684 737 aliis
1709 698 1965 748 scriptionum
1994 710 2189 736 sacrarum

260 758 477 809 generibus.
505 760 641 806 Itaque
670 758 704 795 &
733 759 834 794 hanc
863 755 1130 794 excellentiam
1159 756 1400 792 Psalmorum
1429 756 1464 792 δε
1487 752 1728 791 canticorum
1749 751 2001 801 spiritualium
2017 763 2190 789 commu-

262 825 350 850 nem
378 811 436 849 his
463 811 618 860 psalmis
645 809 913 848 adscribimus.
946 809 1048 846 Nam
1075 807 1264 858 scriptura
1285 807 1443 856 quidem
1458 806 1522 844 illa
1537 805 1668 843 diuina
1681 804 1763 843 aliis
1778 804 1961 842 omnibus
1976 804 2189 842 antecellit:

259 865 327 903 sed
355 863 394 902 in
421 863 813 913 scriptura-respectu
840 861 1110 911 applicationis
1137 861 1186 898 ad
1214 861 1393 911 vulnera,
1420 858 1707 909 perpessioneS,
1737 857 1932 906 actiones,
1961 858 1997 894 &
2027 858 2187 895 difficul—

261 925 357 955 tates
392 917 546 966 quasuis
581 916 796 954 animorum
824 922 1046 953 nostrorum
1078 913 1220 952 Psalmi
1247 913 1328 951 aliis
1357 912 1566 961 scripturae
1595 910 1768 961 partibus
1797 910 2062 959 anteponendi
2091 917 2190 948 sunt.

314 970 659 1018 Quemadmodum
702 975 830 1006 autem
868 967 1065 1017 Scriptura
1102 968 1140 1005 S.
1176 966 1258 1005 aliis
1295 965 1447 1015 scriptis
1477 972 1560 1003 toto
1590 977 1749 1014 genere,
1777 965 1812 1002 &
1843 963 1985 1001 Psalmi
2017 963 2190 1013 reliquae

261 1022 473 1072 scripturae
501 1022 714 1061 secundum
743 1022 938 1070 quendam
965 1019 1234 1070 applicationis
1262 1019 1423 1057 modum
1451 1019 1706 1056 antecellunt:
1737 1017 1790 1054 ita
1817 1016 1934 1054 etiam
1963 1016 2002 1055 hi
2031 1016 2189 1066 psalmi,

262 1075 440 1125 quamuis
479 1076 708 1125 perbreues,
741 1086 811 1112 suo
841 1073 1014 1123 quodam
1043 1073 1124 1111 iure
1152 1072 1234 1110 aliis
1261 1072 1442 1109 dicuntur
1468 1078 1671 1108 antestare.
1713 1070 1792 1108 Cur
1820 1067 1978 1107 autem?
2005 1070 2095 1118 quia
2119 1070 2191 1107 etsi

263 1141 345 1167 rem
373 1129 537 1167 eandem
565 1140 656 1166 cum
683 1127 765 1165 aliis
794 1138 1047 1165 communem
1075 1126 1253 1171 tradunt,
1283 1127 1319 1163 &
1348 1125 1489 1163 eodem
1520 1125 1659 1162 modo:
1689 1122 1727 1160 in
1752 1136 1792 1161 re
1817 1130 1947 1161 tamen
1964 1123 2052 1161 &in
2070 1123 2190 1161 modo

263 1181 347 1231 ipso
388 1181 579 1232 singulare
615 1180 762 1230 aliquid
802 1179 1166 1229 recognoscendum
1204 1185 1272 1216 est.
1314 1180 1358 1215 In
1387 1191 1426 1216 re
1457 1177 1559 1216 enim
1588 1178 1674 1214 Lux
1701 1176 1893 1225 quaedam
1922 1175 2190 1214 familiaritatis

262 1234 402 1272 emicat
443 1234 559 1284 supra
601 1236 718 1284 quam
758 1233 797 1271 in
838 1232 920 1270 aliis
953 1234 1147 1282 plerisque
1185 1230 1364 1281 psalmis,
1401 1233 1436 1269 ἃ
1465 1229 1575 1280 quasi
1602 1232 1625 1268 a
1654 1228 1784 1267 multis
1813 1229 2191 1267 circumstantiarum

263 1287 533 1337 singularium,
568 1299 668 1336 quae
697 1286 789 1324 alibi
815 1293 1046 1335 occurrunt,
1075 1284 1243 1323 tenebris
1274 1291 1504 1334 expurgata:
1548 1286 1587 1320 ln
1617 1283 1737 1320 modo
1767 1289 1915 1332 autem,
1943 1282 2112 1320 breuitas
2141 1282 2191 1319 ad

262 1340 484 1379 facilitatem
512 1340 721 1389 accedens,
749 1350 866 1389 quarn
895 1340 957 1377 vel
984 1338 1136 1388 pueruli
1165 1337 1353 1375 memoria
1379 1337 1492 1375 facile
1507 1335 1719 1385 complecti
1734 1335 1942 1385 potuerint.
1973 1336 2085 1384 Quae
2102 1336 2191 1372 cum

263 1393 316 1431 ita
343 1393 437 1444 sint,
466 1406 547 1431 non
575 1393 796 1431 dubitamus
824 1392 918 1441 quin
944 1392 995 1441 pij
1026 1391 1209 1430 omnibus
1237 1390 1415 1440 expensis
1442 1389 1481 1427 in
1511 1402 1597 1427 eam
1625 1388 1854 1427 sententiam
1878 1388 2084 1427 nobiscum
2099 1401 2191 1426 ven-

262 1446 337 1484 turi
364 1446 456 1484 sint:
485 1445 601 1484 totius
628 1446 788 1495 quidem
820 1444 1047 1495 scripturae3
1077 1451 1159 1482 tum
1187 1443 1226 1482 in
1255 1456 1317 1493 se,
1343 1450 1426 1481 tum
1454 1443 1493 1480 in
1516 1441 1630 1480 nobis
1654 1442 1922 1480 excellentiam
1940 1454 2024 1480 esse
2040 1440 2190 1479 homini

262 1498 449 1548 psychico
488 1498 775 1548 incredibilem,
817 1498 931 1536 nobis
971 1496 1258 1536 admirabilem:
1303 1497 1373 1535 sed
1406 1497 1646 1546 psalmorum
1683 1495 1783 1533 libro
1812 1502 1930 1544 atque
1957 1501 2190 1544 argumento

262 1551 496 1601 singularem
532 1551 657 1590 inesse
692 1551 855 1589 modum
889 1550 1160 1589 excellentiae:
1188 1549 1248 1587 his
1277 1556 1407 1587 autern
1435 1548 1533 1586 inter
1561 1555 1735 1585 caeteros
1765 1550 1914 1585 summe
1943 1547 2190 1597 singularem.

265 1606 394 1653 Atque
420 1605 519 1643 haec
545 1604 703 1653 quidem
736 1604 784 1642 de
813 1603 1061 1653 excellentia,
1089 1602 1120 1642 si
1149 1601 1483 1652 comparationem
1512 1600 1625 1638 huius
1654 1612 1745 1637 cum
1772 1599 1837 1638 illa
1867 1613 1914 1638 ex
1941 1599 2192 1648 inscriptione

264 1656 462 1695 instituere
487 1657 691 1707 quisquam
720 1656 903 1694 voluerit:
934 1668 1051 1706 quarn
1079 1655 1346 1694 excellentiam
1376 1654 1536 1703 Spiritus
1567 1660 1720 1691 sanctus
1749 1653 1956 1691 affirmauit
1985 1651 2192 1702 prouiden-

264 1709 426 1759 tissime,
455 1723 504 1748 ne
533 1710 596 1747 illa
623 1709 791 1748 breuitas
819 1715 935 1758 atque
962 1708 1123 1746 facilitas
1150 1711 1207 1757 (vt
1235 1709 1291 1756 fit)
1321 1707 1360 1745 in
1387 1714 1656 1755 contemptum
1685 1705 1791 1743 abire
1822 1712 1967 1754 posset.
2004 1704 2192 1754 Alioquin

265 1761 358 1800 mihi
393 1775 474 1800 non
510 1762 703 1812 displicet,
739 1761 770 1800 si
798 1764 929 1812 (prout
956 1761 1129 1800 Hebraei
1160 1760 1369 1810 plurimum
1397 1759 1558 1807 faciunt)
1588 1760 1689 1797 hanc
1716 1758 1966 1797 excellentiae
1994 1758 2189 1808 praedica-

264 1815 410 1853 tionem
439 1816 616 1853 absolute
645 1816 680 1852 δι
708 1815 803 1852 citra
831 1813 1168 1864 comparationem
1197 1813 1407 1863 acceperis.

316 1868 521 1906 Caeterum
548 1868 638 1917 quia
666 1867 934 1906 excellentiam
963 1867 1052 1904 huie
1081 1866 1282 1904 doctrinae
1311 1867 1346 1903 ἅτ
1375 1865 1465 1903 huic
1481 1865 1713 1914 scriptorum
1729 1863 1860 1913 generi
1875 1863 2048 1902 attribuit
2062 1864 2191 1911 Deus,

263 1921 352 1958 cum
381 1933 516 1959 omnes
544 1928 627 1958 tum
653 1920 790 1958 natura
816 1920 992 1970 iubente,
1019 1926 1102 1957 tum
1130 1921 1218 1957 Deo
1247 1932 1316 1968 per
1343 1919 1580 1967 Apostolum
1607 1916 1871 1967 praecipiente
1893 1930 1924 1956 1.
1941 1917 2033 1954 Cor.
2054 1929 2110 1953 12.
2128 1928 2192 1964 31.

266 1973 315 2010 ad
358 1973 460 2011 viam
497 1973 746 2011 excellentiae
779 1979 980 2011 teneamur
1008 1972 1266 2010 contendere:
1296 1971 1336 2009 id
1363 1970 1478 2009 nobis
1507 1971 1798 2008 obseruandum
1827 1977 1906 2014 est,
1935 1968 2072 2008 Omnis
2101 1969 2192 2006 doc-

264 2025 386 2064 trinae
430 2025 703 2075 praestantiam
740 2038 824 2064 esse
859 2025 897 2063 in
932 2025 1047 2063 rebus
1076 2025 1226 2063 duabus
1255 2023 1437 2074 positam.
1479 2024 1579 2061 Nam
1606 2030 1672 2061 aut
1701 2035 1747 2060 eo
1776 2022 1954 2060 doctrina
1983 2035 2058 2060 vna
2085 2020 2194 2059 alteri

263 2078 529 2128 anteponitur,
558 2079 668 2128 quod
696 2078 849 2128 dignior
877 2078 916 2116 in
945 2090 986 2116 se
1013 2078 1097 2128 ipsa
1125 2085 1202 2127 est,
1235 2084 1301 2115 aut
1328 2077 1436 2126 qued
1466 2083 1523 2114 est
1551 2076 1705 2114 certior.
1733 2074 1929 2125 Dignitas,
1951 2075 1989 2112 in
2013 2087 2072 2112 re:
2103 2074 2192 2112 Cer—

263 2131 408 2180 titudo,
436 2131 476 2169 in
505 2132 626 2169 modo
655 2131 754 2169 illius
784 2133 1017 2181 exploratur.

317 2186 377 2221 Ac
414 2184 468 2222 rei
503 2184 662 2234 quidem
699 2184 863 2234 dignitas
900 2184 949 2222 ad
979 2183 1163 2221 scientiae
1191 2182 1417 2233 dignitatem
1445 2181 1554 2231 facit,
1584 2181 1615 2220 si
1636 2194 1697 2219 res
1724 2180 1816 2218 alias
1845 2181 1984 2218 multas
2011 2179 2195 2229 dignitate

266 2237 514 2286 superauerit.
544 2236 710 2275 Scientia
737 2240 828 2276 vero
858 2237 1074 2274 diuinarum
1101 2247 1251 2286 rerum,
1279 2248 1360 2273 non
1384 2235 1473 2273 dico
1501 2235 1660 2284 multas,
1689 2234 1758 2271 sed
1775 2246 1910 2272 omnes
1924 2234 2018 2271 alias
2034 2231 2193 2270 omnino

263 2296 438 2339 superat,
468 2292 503 2328 δι
532 2290 769 2328 transcendit
797 2289 1039 2340 longissime:
1068 2289 1168 2327 adeo
1199 2295 1238 2327 vt
1267 2288 1375 2338 quod
1403 2287 1607 2325 minimum
1636 2293 1694 2324 est
1721 2286 1903 2335 illius,sit
1918 2286 2040 2324 maius
2057 2284 2193 2334 quauis

267 2343 523 2380 humanarum
566 2342 812 2381 scientiarum
853 2341 1119 2392 amplitudine.
1161 2342 1262 2380 Ct1m
1299 2347 1429 2379 autem
1467 2339 1736 2387 scientiarum,
1774 2352 1873 2388 quae
1901 2339 2060 2388 quidem
2088 2337 2193 2387 apud

264 2394 440 2433 homines
482 2395 674 2433 habentur
710 2395 977 2445 dignissimae,
1018 2394 1115 2432 aliae
1147 2394 1186 2432 in
1215 2393 1566 2443 contemplatione,
1598 2392 1695 2430 aliae
1723 2392 1762 2429 in
1791 2391 1945 2429 actione
1972 2397 2190 2437 versentur,

265 2449 300 2484 δε
329 2459 464 2486 omnes
495 2448 655 2485 scientia
682 2448 902 2486 diuinorum
931 2460 978 2485 ex
1007 2458 1133 2496 aequo
1163 2453 1336 2496 superet:
1366 2459 1414 2484 ex
1441 2458 1488 2484 eo
1513 2446 1627 2494 plane
1651 2445 1856 2483 conficitur
1871 2443 2057 2493 quicquid
2071 2442 2192 2492 digni-

264 2499 350 2536 tatis
393 2500 431 2537 in
473 2500 697 2550 Theoricis,
733 2500 918 2550 quicquid
953 2500 992 2537 in
1022 2500 1207 2538 Praeticis
1239 2498 1439 2538 obseruari
1468 2505 1612 2548 potest:
1641 2497 1680 2535 id
1708 2504 1834 2535 totum
1862 2496 2084 2546 plenissime
2112 2507 2191 2533 non

267 2552 448 2602 naturali,
478 2554 546 2590 sed
574 2554 872 2602 supernaturali3
902 2565 982 2591 non
1012 2553 1205 2602 humano,
1234 2553 1303 2590 sed
1331 2551 1465 2590 diuino
1489 2551 1609 2588 modo
1626 2550 1663 2588 in
1679 2551 1756 2588 hoc
1773 2550 1947 2587 existere.
1978 2550 2046 2586 Est
2062 2555 2193 2585 autem

265 2605 546 2643 'l‘heoricarum
585 2605 749 2655 dignitas
778 2606 917 2655 partim
945 2618 992 2642 ex
1023 2605 1097 2642 Rei
1124 2607 1186 2643 vel
1214 2604 1400 2642 Materiae
1428 2611 1584 2649 natura,
1613 2607 1832 2653 partimque
1861 2615 1908 2640 ex
1935 2602 2190 2650 comprehen-

265 2656 382 2694 sionis
412 2659 532 2695 modo
560 2658 802 2707 huiusmodi,
832 2659 939 2708 quod
968 2671 1013 2695 ea
1041 2658 1289 2695 considerant
1317 2669 1384 2695 sua
1413 2656 1582 2705 quadarn
1599 2655 1747 2693 ratione
1763 2654 1976 2693 secundum
1993 2661 2192 2701 naturam,

265 2720 362 2757 quae
394 2712 478 2758 ra(f.
509 2711 699 2759 683)tioni
727 2711 900 2750 subiecta
930 2717 1037 2749 sunt:
1068 2710 1332 2748 Praeticarum
1363 2712 1456 2747 vere
1486 2708 1651 2759 dignitas
1677 2707 1920 2757 potissimum
1936 2707 1980 2745 iis
1996 2705 2193 2753 tribuitur,

265 2773 364 2809 quae
392 2763 441 2799 ad
473 2763 689 2801 vlteriorem
719 2765 835 2801 finem
863 2776 942 2801 non
972 2769 1059 2800 sunt
1087 2762 1306 2811 ordinatae,
1335 2762 1402 2800 sed
1431 2761 1469 2799 in
1499 2774 1546 2799 eo
1575 2761 1730 2810 proprie
1746 2758 2190 2845 conquiescunt3sicu113

2021 2821 2192 2858 exempl
