2334 3020
825 137 1092 163 EIRENICI
1137 137 1276 163 PARS
1318 137 1370 163 11.
1988 135 2061 174 475

123 245 407 296 perscriberet
452 244 731 303 Ecclesiaeque
760 245 1035 283 asseruandurn
1067 249 1102 283 δι
1132 245 1423 283 decantandum
1454 244 1640 293 traderet,
1668 243 1732 281 hic
1748 242 1904 293 proprie
1917 243 2069 282 videtur

128 311 230 348 esse,
259 305 299 336 vt
329 299 474 336 fructus
502 297 608 348 pacis
635 310 753 347 (1113111
781 297 958 336 Ecclesia
984 300 1008 336 a
1035 299 1123 336 Deo
1152 298 1289 347 habet,
1330 295 1532 356 perspicue
1560 304 1796 345 exponeret,
1825 298 1860 334 &
1895 304 2067 335 contem-

126 351 297 401 platione
325 351 501 400 illorum,
533 350 685 389 animos
710 350 1010 400 vniuscuiusque
1038 350 1118 389 veri
1140 350 1309 389 membri
1337 349 1374 388 in
1404 349 1560 388 Christo
1589 350 1843 399 Ecclesiaque
1871 349 1971 388 insiti
1999 362 2069 399 per

129 405 267 455 fidem,
295 404 345 442 ad
374 381 580 453 vtrunique
608 404 801 455 studium,
831 410 912 442 tum
943 405 1138 443 fructuum
1169 415 1269 453 quos
1298 402 1438 454 singuli
1465 410 1601 441 natura
1628 402 1825 454 cupimus,
1854 409 1935 440 turn
1959 401 2067 453 pacis

127 468 227 506 quae
266 456 377 495 nobis
419 457 532 495 datur
560 459 595 495 &
625 458 822 496 fructuosa
851 464 907 496 est
930 470 998 508 per
1028 457 1211 508 gratiam,
1234 457 1371 495 eadem
1400 469 1520 506 opera
1547 457 1793 495 accenderet.
1849 457 1951 494 Nam
1980 455 2066 506 quis

126 512 273 549 fructus
299 509 646 549 excellentissimos
677 510 810 549 videns
839 523 920 549 non
948 509 1129 561 appetat?
1167 509 1253 560 quis
1280 510 1462 548 arborem
1491 509 1596 547 illam
1627 509 1688 548 vel
1715 510 1902 560 plantam
1925 522 1973 548 ex
1988 521 2066 559 qua

127 564 274 601 fructus
317 562 602 614 progignuntur
645 563 976 614 excellentissimi
1009 576 1089 602 non
1127 569 1341 613 anteponat
1369 562 1534 602 caeteris
1564 563 1698 612 rebus,
1728 561 1759 601 si
1785 559 1909 613 sapit?
1949 563 2065 600 Hanc

125 616 243 666 igitur
269 623 393 654 artem
421 615 599 655 adhibuit
625 618 788 666 Psaltes,
816 624 857 655 vt
885 616 1056 667 singulos
1071 618 1168 666 no(s.
1188 615 1402 667 745)strs1m
1425 615 1475 654 ad
1495 615 1663 654 eundern
1687 616 1806 654 finem
1832 627 2063 665 persequen-

126 670 219 707 dum
249 676 422 720 raperet,
450 681 568 719 quem
596 669 678 720 ipse
704 670 893 709 Vtendum
921 670 1224 730 docendumque
1251 675 1509 729 proposuerat
1536 668 1621 707 sibi.

179 723 340 761 Summa
363 729 494 761 autem
523 729 598 773 est,
626 722 726 761 illius
754 723 879 774 pacis,
908 735 1026 774 quam
1054 723 1092 761 in
1115 722 1394 762 communione
1422 728 1646 762 sanctorum
1675 733 1765 760 cum
1793 723 1882 761 Deo
1898 721 2065 760 Ecclesi-

124 781 226 825 aque
271 775 352 814 eius
393 753 638 826 obtinemiis,
680 777 828 815 fructus
870 789 952 815 esse
995 776 1109 815 bonis
1143 776 1324 815 omnibus
1355 775 1713 826 commendabiles,
1753 777 1789 813 &
1817 786 2065 825 summopere

125 829 389 878 appetendos,
418 835 500 868 tum
528 829 714 868 bonitatis
744 829 940 880 ipsorum,
969 837 1051 868 tum
1076 829 1275 868 suauitatis
1303 831 1338 868 &
1366 828 1617 867 iucunditatis
1646 828 1819 867 nomine.
1847 829 1938 866 Hos
1963 828 2065 866 enirn

125 883 270 920 fructus
297 859 392 920 nihii
420 883 458 921 in
488 893 617 921 rerum
651 889 788 921 natura
815 883 1033 932 adaequare
1061 882 1247 933 dignitate
1275 888 1429 931 potest,
1457 882 1602 920 nedum
1631 882 1882 920 antecellere:
1912 880 2003 931 quia
2025 887 2066 919 vt

123 934 254 981 radix,
282 934 338 973 sic
365 935 481 974 etiam
511 936 660 975 fructus
689 942 778 974 sunt
804 938 827 973 a
855 938 939 974 sola
966 935 1243 975 benedictione
1270 934 1454 985 Domini,
1492 934 1558 985 qui
1587 934 1703 973 nobis
1730 932 1928 973 benedicit
1957 933 2065 972 omni

123 988 400 1027 benedictione
438 988 625 1040 spirituali
666 988 705 1028 in
734 988 831 1028 locis
859 988 1207 1039 supercaelestibus
1237 989 1275 1026 in
1303 987 1482 1039 Christo,
1525 993 1565 1026 vt
1593 986 1771 1038 Ephesiis
1797 986 1932 1027 scribit
1960 988 2065 1037 Apo-

126 1043 247 1081 stolus
274 1054 358 1092 031).
396 1055 428 1081 1.
455 1056 492 1081 v.
521 1055 557 1092 3.

176 1096 308 1134 Partes
335 1095 466 1145 itaque
494 1095 607 1134 huius
635 1095 776 1134 Psalmi
804 1095 843 1134 in
873 1095 1095 1134 vniuersum
1117 1095 1220 1134 duae
1244 1094 1451 1145 ponendae
1466 1101 1570 1133 sunt:
1600 1095 1702 1132 Nam
1717 1093 1889 1153 primurn
1901 1093 2068 1133 habetur

126 1147 340 1198 propositio
378 1148 497 1187 totius
533 1148 772 1200 argumenti,
800 1160 915 1187 versu
944 1148 1085 1199 primo.
1136 1147 1289 1187 Deinde
1317 1151 1411 1187 vero
1440 1146 1632 1198 expositio
1661 1149 1697 1186 δι
1724 1146 1917 1186 enarratio
1945 1145 2066 1197 illius,

124 1202 280 1240 duobus
307 1202 572 1252 sequentibus.
600 1201 913 1252 Propositionem
940 1208 1070 1240 autem
1099 1203 1295 1253 Propheta
1322 1201 1362 1239 in
1389 1202 1495 1239 hunc
1524 1200 1687 1239 modum
1711 1199 1890 1247 instituit,
1913 1206 1955 1238 vt
1982 1212 2064 1238 rem

124 1255 281 1305 quidem
311 1262 509 1306 proponat
535 1256 665 1294 verbis
694 1255 953 1306 simplicibus,
983 1254 1175 1294 dicendo:
1204 1257 1359 1293 Bonum
1376 1255 1637 1292 &amoenum
1654 1254 1902 1293 estlzabztare
1905 1253 2067 1303 fratres

126 1310 237 1346 elzam
278 1310 386 1348 vna:
428 1309 505 1347 Sed
549 1317 678 1348 tamen
707 1309 918 1360 amplificet
950 1308 1179 1374 dignitatem
1206 1307 1306 1346 illius
1333 1308 1489 1346 duobus
1517 1307 1707 1346 sermonis
1734 1305 1888 1357 figurati
1915 1305 2065 1366 modis,

126 1374 216 1400 cum
246 1361 362 1413 dicit,
391 1375 494 1412 ecce,
522 1376 637 1412 quam
667 1364 822 1412 bonum,
852 1363 902 1400 ἐφ’
930 1363 1044 1412 quam
1060 1374 1272 1400 amoenum.
1295 1361 1468 1399 Primum
1491 1360 1621 1409 itaque
1636 1359 1709 1399 de
1698 1373 1781 1411 1psa
1795 1358 2066 1410 propositione

125 1414 352 1464 simpliciter
380 1415 519 1454 dicturi
547 1427 701 1465 sumus,
731 1415 874 1454 deinde
902 1418 997 1454 vero
1026 1414 1311 1466 destringemus
1340 1414 1404 1453 illa
1431 1421 1662 1452 ornamenta
1684 1413 1735 1452 ad
1749 1412 2066 1464 amplificandam

121 1467 402 1528 propositionis
426 1468 656 1519 dignitatem
685 1469 762 1507 hoc
789 1470 880 1508 1000
908 1467 1095 1507 adhibita.

175 1522 245 1560 Est
272 1520 387 1571 igitur
414 1523 509 1561 haec
535 1521 774 1573 propositio,
805 1521 1128 1561 communionem
1158 1526 1385 1560 sanctorum
1409 1521 1556 1560 bonam
1579 1522 1837 1559 &amoenam
1852 1519 1942 1558 vel
1932 1530 2066 1558 lucun-

122 1574 213 1613 dam
251 1587 348 1614 esse.
390 1576 628 1615 Communio
657 1582 885 1614 sanctorum
921 1575 1129 1614 denotatur
1155 1574 1215 1613 his
1242 1573 1383 1613 verbis.
1426 1575 1627 1613 Habitare
1645 1574 1807 1624 fratres
1836 1575 1947 1612 ettam
1975 1574 2067 1612 vna.

122 1628 243 1676 Quod
271 1634 402 1667 autem
430 1629 656 1668 adfirmatur
684 1629 733 1668 de
760 1629 834 1667 hac
863 1627 1166 1679 communione,
1195 1627 1325 1667 verbis
1353 1626 1597 1677 simplicibus
1616 1627 1808 1678 &apertis
1823 1625 2066 1686 enuntiatum

122 1688 200 1731 est,
240 1682 388 1720 bonam
415 1682 595 1721 videlicet
623 1694 709 1720 eam
739 1683 774 1720 &
801 1695 1008 1721 amoenam
1037 1694 1132 1721 esse.
1174 1682 1241 1720 Ad
1268 1680 1592 1720 communionem
1620 1687 1845 1720 sanctorum
1876 1681 1982 1719 recte
2009 1678 2064 1718 in-

122 1711 373 1794 telligendam
415 1737 495 1775 duo
523 1735 706 1774 distincte
734 1747 833 1786 opus
861 1742 919 1774 est
946 1735 1166 1786 obseruari,
1206 1734 1321 1786 quid,
1362 1734 1413 1773 de
1454 1734 1597 1784 quibus
1630 1733 1802 1785 dicatur3
1844 1745 1986 1783 nempe
2015 1732 2064 1771 de

123 1787 265 1826 sanctis
293 1795 428 1828 sancta
455 1788 703 1828 communio:
733 1790 812 1840 qua
840 1788 1165 1828 communionem
1193 1787 1233 1826 in
1261 1787 1498 1827 antecedens
1527 1788 1735 1826 Canticum
1757 1786 1916 1837 copiose
1938 1786 2066 1825 decla-

122 1840 306 1881 rauimus.
349 1843 479 1881 Sancti
522 1842 588 1893 qui
630 1843 670 1881 in
711 1843 785 1881 hac
827 1841 1110 1881 communione
1152 1848 1262 1892 sunt,
1303 1841 1565 1892 appellatione
1592 1841 1779 1891 fratrum
1808 1840 2065 1879 denotantur:

123 1894 363 1934 Communio
391 1899 485 1935 vero
513 1908 613 1946 quae
642 1896 741 1934 inter
768 1895 874 1946 ipsos
903 1902 978 1947 est,
1008 1896 1208 1934 communi
1236 1872 1478 1934 liabitatione
1496 1906 1566 1945 per
1582 1893 1857 1945 synecdochen
1872 1892 2068 1933 Hebraeis

125 1947 304 1986 vsitatam
335 1948 401 1988 11ἳο
425 1950 656 1988 adumbrata
684 1956 754 1988 est.

175 2002 237 2039 Ac
267 2002 403 2041 fratres
431 2003 592 2063 quidem
619 2004 864 2054 appellantur
891 2002 1015 2041 sancti
1043 2002 1108 2053 qui
1137 2002 1177 2041 in
1205 2001 1384 2041 Ecclesia
1412 2007 1514 2052 sunt,
1542 2014 1623 2040 non
1642 2006 1804 2039 naturae
1818 1999 1970 2059 ordine,
1999 1999 2069 2038 sed

123 2053 270 2104 gratiae
306 2055 462 2095 diuinae
499 2055 687 2095 instituto.
742 2057 920 2095 Fratrum
949 2055 1053 2095 enim
1082 2056 1162 2095 duo
1192 2062 1280 2094 sunt
1307 2067 1469 2106 genera,
1507 2067 1579 2105 pro
1607 2053 1757 2092 ratione
1784 2052 2066 2104 principiorum

122 2119 170 2145 ex
206 2106 348 2157 quibus
385 2108 607 2148 efficiuntur
640 2111 791 2148 fratres.
845 2111 978 2148 Vnum
1007 2108 1241 2159 principium
1270 2115 1408 2147 natura
1436 2114 1511 2159 est,
1540 2107 1756 2147 secundum
1784 2117 1904 2156 quam
1932 2107 2068 2145 fratres

123 2159 205 2198 siue
238 2161 525 2220 remotissimo,
572 2170 613 2201 vt
649 2174 782 2201 sumus
822 2175 961 2202 omnes
1002 2162 1068 2222 filij
1111 2161 1277 2213 Adami,
1319 2162 1369 2200 ad
1398 2139 1513 2199 vnarri
1542 2160 1713 2220 speciem
1742 2159 1867 2209 (cuius
1893 2158 2004 2198 radix
2031 2160 2067 2197 &

124 2212 356 2264 principium
397 2215 468 2254 fuit
508 2216 654 2266 Adam)
693 2215 950 2267 pertinentes,
988 2216 1069 2254 siue
1109 2214 1368 2266 intermediis,
1409 2221 1526 2264 prout
1567 2214 1667 2252 inter
1694 2213 1768 2252 hos
1796 2213 1896 2252 duos
1923 2212 2067 2263 gradus

123 2268 388 2317 germanitatis
416 2268 572 2319 plurimi
601 2269 716 2308 etiam
745 2282 793 2308 ex
827 2276 987 2308 naturae
1015 2275 1082 2307 aut
1108 2268 1212 2307 ciuili
1240 2267 1379 2307 ordine
1408 2273 1473 2316 τῆς
1501 2268 1757 2316 α’δελφότητος
1783 2266 1928 2317 gradus
1953 2265 2068 2304 inter·

123 2329 294 2361 currunt.
323 2323 424 2361 Cum
451 2330 583 2361 autem
611 2322 650 2361 in
678 2322 855 2362 Ecclesia
881 2335 962 2361 non
991 2324 1085 2360 fiant
1112 2321 1254 2372 gradus
1281 2320 1365 2372 isti,
1393 2327 1434 2359 vt
1462 2319 1529 2371 qui
1556 2322 1580 2357 a
1600 2326 1738 2358 natura
1753 2319 1840 2370 sint,
1854 2319 1923 2359 sed
1937 2318 2067 2369 potius

126 2373 164 2410 in
193 2386 238 2413 ea
265 2374 531 2426 inueniantur,
560 2382 602 2414 vt
628 2378 652 2414 a
679 2383 818 2415 natura
845 2375 955 2427 sacti·
984 2388 1145 2414 neeesse
1173 2382 1253 2426 est,
1281 2381 1323 2413 vt
1349 2350 1630 2412 fraternitatem
1657 2373 1783 2423 hanc,
1812 2350 1862 2411 de
1891 2384 1969 2423 qua
1987 2370 2068 2422 agit

123 2427 290 2479 Psaltes,
319 2428 359 2467 in
387 2428 565 2467 Ecclesia
594 2441 676 2468 non
703 2431 727 2468 a
755 2436 917 2479 natura,
947 2429 1016 2467 sed
1044 2430 1095 2468 ab
1123 2415 1297 2467 instituto
1326 2426 1457 2487 aliquo
1487 2425 1695 2465 sentiamus
1722 2425 1929 2476 proficisci.
1957 2424 2067 2475 quod

123 2459 339 2521 institutum
368 2495 448 2520 non
476 2482 712 2534 humanum,
741 2483 811 2522 sed
840 2459 1015 2521 diuinum
1045 2495 1130 2521 esse
1157 2494 1206 2520 eo
1234 2479 1535 2532 cognoscimus,
1572 2479 1681 2530 quod
1709 2480 1824 2519 Pater
1851 2478 2068 2540 Ecclesiae,

124 2534 192 2581 qui
220 2535 291 2574 dat
315 2535 516 2574 Ecclesiae
544 2536 585 2574 id
613 2548 698 2575 esse
722 2536 831 2586 quod
859 2542 937 2586 est,
966 2535 1070 2574 idem
1100 2542 1156 2574 est
1183 2536 1453 2573 membrorum
1481 2540 1613 2599 pater,
1641 2533 1709 2583 qui
1737 2533 1805 2571 dat
1832 2532 1887 2593 eis
1915 2544 1998 2572 esse
2027 2530 2067 2570 in

124 2588 300 2627 Ecclesia
338 2589 378 2627 id
419 2590 529 2638 quod
556 2596 657 2628 sunt.
712 2590 854 2628 Sumus
890 2595 1019 2627 autern
1049 2588 1148 2628 inter
1175 2601 1248 2627 nos
1276 2589 1431 2638 fratres,
1459 2587 1629 2637 primurn
1653 2585 1851 2637 quidem
1840 2599 1880 2625 111
1909 2584 2067 2645 Christo

124 2641 320 2683 conciliati
360 2643 470 2693 De03
505 2641 650 2681 deinde
691 2645 784 2681 vero
826 2642 925 2681 inter
951 2654 1024 2680 nos
1054 2642 1094 2680 in
1123 2641 1299 2680 Christo:
1338 2640 1429 2691 quia
1457 2639 1634 2679 Christus
1662 2647 1780 2690 caput
1807 2646 1865 2678 est
1892 2638 2003 2678 cuius
2030 2638 2068 2677 vi

124 2695 301 2736 omnium
330 2696 597 2734 membrorum
625 2695 726 2734 inter
753 2708 794 2734 se
822 2708 1034 2745 compages
1064 2702 1121 2733 est
1148 2701 1433 2746 coagmentata,
1457 2695 1493 2732 δι
1520 2700 1647 2732 toturn
1675 2704 1817 2744 corpus
1836 2706 1883 2732 ex
1906 2692 1960 2732 eis
1975 2704 2067 2731 con-

124 2750 299 2790 stitutum
329 2748 492 2807 assurgit
520 2748 558 2786 in
589 2747 728 2787 iustam
757 2755 941 2788 staturam
957 2759 1088 2798 ipsius
1117 2749 1261 2799 Ephes.
1279 2761 1316 2795 4.
1337 2759 1393 2798 15.
1416 2749 1475 2787 16.
1505 2747 1729 2786 Secundum
1758 2745 1948 2785 rationem
1963 2746 2067 2784 hanc

126 2801 304 2854 proxime
331 2801 431 2840 inter
458 2814 499 2840 se
528 2802 710 2841 dicuntur
737 2804 886 2853 fratres,
914 2801 1136 2852 quicunque
1164 2801 1204 2840 in
1232 2801 1390 2841 Christo
1419 2803 1455 2841 δι
1480 2800 1658 2840 Ecclesia
1687 2806 1776 2840 sunt
1804 2798 1979 2852 germani
1991 2798 2065 2891 gij

2032 2864 2067 2890 e1
