2334 3020
813 127 1029 154 THEsEs
1071 126 1501 155 THEOLOGICAE.
2044 121 2116 168 189

186 240 337 279 duabus
367 237 482 276 rebus
515 235 586 274 sita
613 241 696 274 erat
724 234 985 286 paedagogia,
1014 241 1055 273 vt
1089 241 1195 285 patet
1224 248 1270 274 ex
1300 235 1384 286 ipso
1413 236 1651 275 tractationls
1667 248 1878 286 principio
1901 237 2041 286 Gal.3.
2062 251 2118 275 12.

183 293 249 332 vbi
285 294 434 342 legem,
469 290 518 328 de
556 300 633 339 qua
660 287 852 339 loquitur,
881 288 1067 327 describit
1095 289 1328 340 Apostolus
1357 301 1403 327 ex
1432 289 1690 339 promissione
1720 288 1970 327 conditionali
1996 290 2122 340 vitae,

186 344 377 384 moralem
412 343 600 390 innuens3
637 348 773 391 postea
801 345 893 380 vero
923 341 1116 392 plerisque
1144 342 1241 380 locis
1270 343 1511 381 ceremonias
1540 344 1678 380 multas
1706 351 1897 389 recenset
1927 350 1967 380 vt
1996 342 2120 393 ipsum

185 399 234 437 de
262 398 336 437 illls
363 396 514 435 duabus
542 394 749 434 coniuncte
777 407 909 444 agere,
938 401 1134 445 appareat.
1170 396 1300 433 Galat.
1332 409 1368 442 4.
1402 409 1460 433 10.
1490 396 1560 433 &o

239 465 302 499 44.
358 452 451 488 Huc
480 449 675 498 pertinent
704 447 768 485 illa
795 449 1136 487 Testamentorum
1165 447 1410 497 discrimina,
1438 451 1468 486 Ι.
1497 448 1604 520 quod
1628 447 1780 485 Veteris
1802 448 1994 487 mediator
2009 449 2120 487 fuerit

187 506 365 554 Moyses,
403 501 508 540 Noui
542 507 671 539 autern
707 499 893 539 Christus.
929 503 1046 539 Dent.
1078 512 1111 550 5.
1144 502 1204 539 26.
1231 502 1359 540 Hebr.
1389 505 1424 539 8.
1455 503 1490 540 6.
1520 503 1569 539 ᾧ
1602 514 1660 539 12.
1692 514 1753 547 24.
1781 503 1831 539 ΙΙ.
1860 502 1969 549 quod
1997 504 2118 539 Vetus

185 557 222 596 in
253 564 387 596 monte
415 555 506 593 Sina
535 555 824 613 promulgatum
849 554 982 592 fuerit:
1012 555 1171 592 Nouum
1186 561 1315 592 autem
1331 557 1352 592 0
1368 554 1484 593 Sione
1500 557 1535 593 δι
1550 553 1835 602 Hierosolymis
1852 554 2117 605 exiucrit,&c

237 621 300 660 45.
354 611 399 646 In
427 609 523 646 haec
555 606 688 645 onmia
714 608 766 645 ita
792 607 1010 657 impingunt
1038 606 1254 657 Pontificij,
1280 615 1321 645 vt
1349 607 1564 646 nouitatem
1579 606 1691 645 huius
1704 607 1942 645 Testamenti
1957 610 2117 646 i-tvetus

184 670 262 701 tate
300 660 453 700 alterius
481 660 711 698 nullomodo
740 659 958 699 discernere
986 660 1199 698 videantur.
1242 661 1344 698 Nam
1372 662 1402 699 Ι,
1430 660 1668 699 Testamenti
1696 659 1796 697 illius
1823 660 2118 709 conditionalis,

185 716 294 765 quod
327 715 441 765 plane
480 720 605 750 morte
639 712 782 751 Christi
809 712 880 750 fuit
907 712 1116 763 abolitum,
1145 712 1279 763 iugum
1307 714 1524 752 ceruicibus
1554 712 1864 752 Christianorum
1892 713 2116 763 imponunt:

184 768 300 817 idque
337 766 534 812 absolute,
571 772 612 803 vt
638 765 864 804 iustificetur
892 765 1064 815 quisquis
1093 772 1272 805 aeternae
1300 766 1402 805 vitae
1425 769 1574 804 futurus
1604 773 1660 805 est
1687 767 1843 815 haeres,
1871 767 1978 816 quod
2006 779 2054 805 ne
2082 767 2120 805 in

185 821 310 871 prisca
337 818 497 869 quidem
521 818 756 856 Iudaeorum
786 818 962 858 Ecclesia
990 820 1239 857 obseruatum
1268 819 1350 858 fuit.
1379 821 1429 858 ΙΙ.
1459 818 1748 858 Ceremoniales
1777 820 1955 870 vmbras,
1984 819 2014 858 si
2042 832 2122 858 non

183 874 340 912 easdem
383 877 592 920 reuocant,
630 872 764 910 saltem
797 871 1000 922 analogice
1028 872 1151 921 (quod
1181 872 1303 922 magis
1332 880 1389 911 est
1416 873 1592 923 impium)
1621 874 1765 922 fingere
1793 873 1828 910 δι
1859 873 2123 911 obseruandas

181 926 334 965 tradere
373 923 624 974 Christianis,
663 924 735 963 sibi
771 932 991 963 assumunt:
1036 924 1189 963 Etenim
1217 925 1467 971 Pontificem,
1498 925 1749 974 Sacerdotes,
1780 925 1966 963 sacrificia
1994 926 2121 976 expia-

184 978 304 1029 toria,
333 981 369 1018 &
397 977 531 1016 altaria
557 978 722 1028 habent,
751 984 903 1027 praeter
933 978 1162 1016 Pontificem
1189 979 1238 1015 N.
1268 980 1438 1017 Testam.
1468 977 1664 1017 Christum
1680 977 1875 1028 ipsiusque
1889 978 2120 1017 sacrificium

182 1033 301 1071 semel
329 1032 369 1070 in
398 1042 514 1069 cruce
543 1037 765 1080 peractum,
795 1031 856 1069 cui
885 1031 975 1069 cum
1003 1043 1139 1069 omnes
1168 1031 1329 1069 vmbrae
1359 1032 1558 1070 debebant
1586 1031 1747 1081 cedere,
1775 1043 1856 1069 non
1879 1031 1976 1070 aliae
1991 1043 2119 1070 succe-

182 1086 295 1135 dere,
337 1097 386 1123 an
427 1084 506 1123 hoc
547 1095 628 1121 non
669 1083 717 1122 sit
743 1085 1036 1122 Testamentum
1061 1083 1145 1132 Filij
1175 1084 1395 1133 repudiare,
1423 1085 1496 1133 ipsi
1525 1083 1702 1123 viderint.
1745 1085 1813 1122 ΠΙ.
1843 1084 2008 1123 Minoris
2039 1098 2121 1124 mo-

182 1137 301 1177 menti
335 1144 423 1176 sunt
457 1136 744 1187 superstitiosae
780 1143 924 1187 vestes,
953 1136 1285 1187 gesticulationes.
1312 1138 1493 1175 locorum
1520 1136 1816 1175 obseruationes
1844 1139 1879 1175 &
1908 1137 2120 1176 sanctifica-

181 1191 326 1241 tiones,
354 1189 448 1241 olei,
483 1200 626 1239 aquae,
657 1190 693 1227 &
720 1189 807 1241 salis
839 1190 1001 1236 abusus,
1030 1190 1102 1228 &c.
1146 1190 1224 1228 Sed
1251 1189 1450 1239 impietate
1478 1202 1559 1228 non
1586 1196 1741 1238 carent,
1769 1190 1858 1228 cum
1887 1189 1961 1228 sint
1986 1198 2122 1229 contra

181 1243 372 1283 rationem
400 1242 640 1282 Testamenti
667 1242 792 1293 Noui,
821 1243 1045 1292 praesertim
1073 1243 1139 1281 vbi
1168 1242 1416 1281 conscientiis
1444 1256 1492 1281 ex
1518 1242 1747 1281 necessitate
1775 1243 2048 1282 obtruduntur.

233 1299 295 1344 46.
351 1298 482 1346 Atque
510 1297 607 1334 haec
634 1295 684 1333 de
710 1297 746 1333 T
747 1295 970 1334 estamentis
998 1295 1239 1347 suffecerint,
1269 1296 1337 1334 sed
1360 1297 1449 1334 cum
1473 1296 1613 1335 foedus
1636 1307 1726 1334 cum
1742 1296 1970 1334 Abrahamo
1987 1296 2123 1335 initum

181 1350 298 1388 etiam
328 1361 418 1389 cum
447 1351 701 1388 Testamento
730 1347 863 1386 Veteri
889 1348 1094 1399 manserit,
1124 1348 1320 1398 quaeritur
1349 1349 1445 1398 quid
1473 1362 1520 1388 eo
1549 1350 1696 1388 factum
1725 1350 1838 1387 fuerit
1865 1349 1903 1387 in
1932 1348 2075 1388 Nouo?

232 1415 296 1452 47.
350 1404 400 1441 R.
429 1404 483 1441 Vt
510 1400 657 1452 optime
686 1412 777 1439 cum
805 1402 855 1439 V.
877 1403 1047 1440 Testam.
1065 1403 1242 1440 absolute
1258 1409 1414 1452 sumpto
1429 1402 1690 1440 conueniebat
1703 1402 1863 1441 foedus:
1879 1402 1932 1440 ita
1947 1403 2122 1442 Christus

179 1463 355 1496 seruator
395 1462 527 1493 noster
564 1456 818 1493 Testamento
847 1465 917 1493 suo
946 1456 1108 1505 foedus,
1137 1455 1245 1504 quod
1275 1455 1490 1494 substantia
1517 1468 1585 1494 sua
1612 1457 1817 1505 Euangeff.
1851 1457 1961 1494 1666.
1966 1456 2120 1507 )licum,

177 1522 257 1548 non
285 1507 475 1558 aboleuit,
504 1507 573 1546 sed
601 1506 860 1546 confirmauit.
890 1508 992 1546 Nam
1017 1508 1185 1547 &hodie
1200 1509 1327 1568 Deus,
1343 1519 1410 1558 qui
1425 1522 1472 1547 ex
1487 1508 1551 1558 filij
1569 1520 1627 1547 5111
1642 1510 1895 1548 Testamento
1911 1522 1983 1548 nos
1998 1522 2120 1560 regno

177 1563 379 1601 coelorum
410 1561 552 1612 donat,
581 1560 697 1599 etiam
724 1573 794 1610 per
821 1561 985 1599 modum
1013 1560 1182 1600 foederis
1210 1574 1251 1600 se
1279 1561 1435 1620 piorum
1467 1563 1502 1600 &
1530 1561 1687 1600 seminis
1717 1573 1853 1600 eorum
1882 1564 2013 1601 Deum
2039 1565 2120 1602 fore

178 1615 366 1666 spondet,
393 1616 430 1653 &
459 1613 662 1664 stipulatur
689 1615 713 1652 a
739 1613 876 1664 nobis,
903 1620 945 1652 vt
972 1613 1012 1652 in
1041 1614 1259 1664 praeceptis
1288 1614 1365 1653 suis
1395 1615 1660 1653 ambulemus.
1691 1626 1768 1665 qua
1796 1616 1946 1654 ratione
1961 1616 2119 1667 fideles,

177 1668 293 1707 etiam
330 1669 408 1707 hoc
441 1673 638 1718 tempore,
675 1666 891 1706 Abrahami
919 1667 1101 1706 dicuntur
1130 1667 1217 1718 filij,
1245 1681 1326 1706 non
1356 1668 1573 1707 secundum
1602 1681 1781 1719 carnem,
1811 1669 1879 1708 sed
1906 1670 2122 1708 secundum

181 1720 495 1772 promissionem.

229 1777 292 1822 48.
348 1775 601 1824 Quapropter
626 1772 718 1811 hinc
750 1775 856 1812 10010
884 1773 1152 1824 Anabaptistis
1180 1773 1442 1825 occurrimus,
1471 1775 1702 1826 negantibus
1730 1775 1829 1813 filios
1857 1776 2011 1826 piorum
2042 1777 2120 1813 foe-

176 1828 332 1867 deratos
361 1840 444 1866 esse
472 1826 539 1877 qui
563 1826 634 1864 sub
663 1826 804 1865 eodem
834 1826 993 1865 foedere
1021 1834 1110 1866 ante
1139 1826 1281 1866 Christi
1309 1827 1524 1867 aduentum
1549 1830 1584 1866 &
1607 1827 1647 1866 in
1670 1829 1830 1867 foedere
1845 1829 2121 1879 censebantur,

175 1882 212 1919 &
238 1882 493 1920 Sacramento
524 1878 842 1918 Circumcisionis
871 1879 911 1918 in
940 1892 988 1918 eo
1016 1879 1286 1930 initiabantur,
1321 1882 1457 1921 Genes.
1492 1893 1550 1930 17.
1580 1883 1615 1919 8.

228 1947 292 1986 49.
347 1934 425 1973 Sed
452 1934 550 1972 haec
579 1932 744 1971 clariora
771 1933 864 1971 fient
893 1945 941 1971 ex
968 1932 1193 1972 differentiis
1222 1946 1322 1983 quae
1351 1941 1440 1973 sunt
1463 1935 1502 1973 in
1527 1933 1823 1973 circumstantiis
1846 1935 2014 1973 foederis
2033 1942 2123 1985 post

175 1989 211 2026 δε
240 1994 330 2027 ante
356 1985 501 2025 Christi
528 1986 754 2025 aduentum.
796 1986 898 2024 Nam
928 1986 967 2024 in
994 1987 1073 2025 hoc
1103 1994 1160 2025 est
1189 1986 1398 2026 discrimen
1427 1987 1697 2047 praecipuum·
1708 1988 1817 2037 quod
1844 1988 2120 2038 amplificatum

174 2039 287 2079 fuerit
314 2043 338 2080 a
369 2038 545 2090 Christo,
575 2038 628 2077 ita
655 2045 697 2077 vt
724 2038 958 2078 intermedio
986 2039 1134 2090 pariete
1161 2039 1355 2099 disrupto,
1386 2042 1495 2091 quod
1525 2048 1606 2080 erat
1632 2040 1698 2079 vni
1729 2040 1834 2091 genti
1860 2040 1970 2091 quasi
1992 2041 2121 2092 alliga-

176 2100 278 2144 tum,
308 2093 385 2132 iam
412 2103 590 2143 sparsum
620 2091 667 2131 sit
696 2091 794 2131 inter
822 2105 960 2131 01111105
988 2099 1124 2143 gentes
1154 2093 1430 2133 communiter.

229 2157 290 2197 50.
345 2146 501 2185 Deinde
541 2152 675 2196 typus,
718 2145 784 2195 qui
821 2144 861 2183 in
889 2146 1048 2185 foedere
1076 2147 1388 2196 proponebatur,
1417 2148 1612 2198 possessio
1645 2146 1793 2186 scilieet
1820 2153 1944 2186 terrae
1973 2147 2124 2186 Chana-

175 2211 385 2251 naeorum,
422 2211 471 2238 ex
505 2205 771 2248 consequente
809 2199 1018 2249 superioris
1047 2199 1281 2239 discriminis
1311 2200 1483 2239 sublatus
1512 2207 1580 2240 est.
1623 2202 1726 2238 Nam
1754 2200 1819 2238 illa
1848 2200 1947 2240 inter
1973 2213 2014 2239 se
2044 2213 2124 2239 non

174 2252 435 2303 001111011111111,
465 2251 647 2291 omnibus
675 2250 856 2302 gentibus
884 2263 1095 2291 commune
1124 2266 1229 2304 esse,
1259 2255 1294 2292 &
1322 2253 1529 2304 promissio
1561 2261 1685 2293 terrae
1715 2252 1836 2304 illius,
1867 2254 2049 2294 omnibus
2077 2253 2121 2292 iis

175 2305 242 2356 qui
270 2312 360 2345 sunt
387 2306 461 2345 sub
489 2304 661 2345 foedere.

230 2369 292 2409 51.
347 2360 552 2418 Postremo
581 2359 924 2397 Sacramentorum
954 2371 1036 2398 non
1065 2365 1123 2398 est
1151 2365 1299 2398 mutata
1327 2373 1406 2410 res,
1437 2359 1505 2399 sed
1530 2361 1773 2400 ceremonia:
1799 2361 1941 2399 etenim
1964 2360 2003 2399 in
2025 2362 2122 2410 Bap-

173 2411 290 2452 tismo
319 2410 658 2451 circumcisionem
686 2412 876 2450 habemus
905 2424 986 2451 non
1015 2414 1300 2464 manufactam,
1328 2416 1364 2452 &
1391 2413 1431 2451 in
1455 2426 1580 2452 coena
1605 2413 1768 2452 Donum
1782 2414 1932 2452 Pascha
1945 2420 2122 2452 nostrum

173 2478 248 2515 pro
277 2465 449 2515 peccatis
476 2464 618 2504 nostris
647 2470 861 2503 mactatum
889 2464 1038 2504 scilicet
1067 2465 1280 2505 Christum.
1312 2468 1452 2505 Coloss.
1484 2480 1517 2504 2.
1539 2481 1598 2506 11.
1627 2480 1685 2505 12.
1710 2480 1768 2517 13.
1790 2480 1822 2506 1.
1842 2468 2015 2505 Cotmtla.
2034 2478 2067 2517 5.
2088 2479 2122 2515 7.

172 2517 360 2568 Alioquin
389 2518 429 2557 in
457 2517 691 2557 ceremoniis
718 2518 1012 2557 obseruandum
1041 2526 1096 2557 est
1127 2532 1192 2557 eas
1221 2526 1310 2558 ante
1339 2519 1455 2558 fuisse
1483 2532 1573 2559 cum
1601 2520 1809 2571 sanguine,
1839 2519 2014 2559 Christus
2028 2523 2122 2558 vero

172 2583 236 2610 eas
269 2571 323 2610 ita
357 2570 523 2610 mutauit
552 2577 593 2609 vt
620 2572 749 2610 nullae
778 2579 907 2610 essent
938 2578 1145 2610 cruentae:
1176 2572 1266 2621 quia
1295 2585 1383 2611 cum
1411 2574 1544 2612 Patres
1576 2573 1703 2624 ipsum
1731 2572 2013 2623 redemptionis
2041 2586 2123 2611 mo-

172 2623 268 2662 dum
294 2636 376 2663 non
404 2623 457 2663 ita
485 2625 588 2662 clare
619 2623 896 2684 intelligerent,
927 2624 968 2663 id
997 2625 1145 2675 optime
1175 2626 1328 2676 sanguis
1358 2626 1611 2686 exprimebat.
1640 2628 1693 2665 At
1718 2639 1809 2665 cum
1826 2627 1888 2664 vel
1904 2626 2125 2665 rudioribus

174 2675 274 2715 inter
308 2690 381 2716 nos
418 2676 581 2716 historia
622 2677 819 2737 sanguinis
848 2677 993 2716 Christi
1022 2679 1132 2717 effusi
1159 2691 1231 2729 pro
1261 2679 1376 2718 nobis
1403 2679 1604 2719 notissima
1631 2680 1700 2730 sit,
1729 2686 1896 2730 praestat
1924 2686 1965 2718 vt
1994 2680 2125 2718 Sacra-

177 2735 401 2769 mentorum
441 2729 671 2770 ceremoniis
713 2733 750 2769 81
792 2731 908 2781 5131115
948 2738 1165 2782 exponatur
1204 2733 1380 2783 corporis
1414 2733 1558 2773 Christi
1586 2734 1698 2772 fracti
1725 2736 1760 2772 δε
1787 2732 1984 2783 sanguinis
2012 2733 2122 2772 effusi

176 2783 372 2835 efficacia,
401 2783 510 2834 quod
537 2783 689 2834 egregie
717 2784 760 2822 fit
786 2795 906 2835 aqua,
934 2797 1034 2835 pane
1065 2785 1101 2823 &
1128 2785 1234 2825 vino.

1874 2849 1934 2889 52.
1990 2838 2110 2887 Quod
