2334 3020
344 146 420 179 414
1035 141 1300 170 ElkENicr
1344 143 1483 169 PARS
1524 143 1549 170 1.

340 247 525 298 gratiose,
554 248 620 297 qui
643 248 774 286 onmia
796 247 835 285 in
856 247 1038 286 omnibus
1061 247 1238 287 vniuerse
1263 249 1422 298 implere
1448 248 1609 295 dicitur,
1628 250 1771 299 Ephes.
1793 263 1825 288 1.
1843 262 1904 298 23.
1919 252 1954 287 &
1969 249 2075 289 cuius
2095 250 2260 290 vicissim

340 302 670 350 complementum
707 300 883 338 Ecclesia
916 302 1150 351 appellatur:
1194 301 1284 350 quia
1312 303 1419 340 Deus
1447 301 1688 351 singulariter
1714 301 1752 340 in
1781 315 1826 340 ea
1863 304 2033 341 collocat
2059 304 2261 342 thesauros

340 353 536 403 potentiae
564 366 673 400 suae,
703 356 738 392 &
766 354 829 391 illa
858 353 1025 392 vicissim
1055 366 1145 392 cum
1176 356 1370 404 Apostolo
1399 354 1578 404 agnoscit
1602 354 1853 393 libentissime
1883 358 1918 394 &
1946 356 2132 394 audenter
2154 370 2260 406 prae-

340 406 461 456 dicat,
499 407 642 445 Omnia
669 419 873 456 possumus
902 407 941 444 in
971 419 1017 444 eo
1047 407 1113 456 qui
1141 408 1346 446 confirmat
1373 420 1458 446 nos.
1500 408 1600 446 Cum
1628 414 1756 446 autem
1785 407 1884 446 illius
1913 408 2131 458 potentiae,
2161 421 2260 458 quae

340 459 389 497 ad
409 459 540 497 onmia
565 459 680 498 etiam
704 459 898 497 contraria
920 460 1123 498 subeunda
1144 460 1342 499 instruitur
1359 460 1499 498 virtute
1523 460 1614 511 Dei,
1638 471 1730 499 suae
1754 460 1828 499 sint
1852 461 2042 511 actiones,
2067 461 2106 499 in
2122 462 2261 511 quibus

338 511 512 562 potentia
538 512 602 550 illa
628 514 664 551 &
692 513 811 550 virtus
838 513 947 562 quasi
974 513 1228 552 determinate
1256 520 1490 563 occupatur,
1520 513 1855 562 quemadmodum
1879 527 1927 552 ex
1955 513 2129 564 potentia
2153 515 2259 553 habi-

339 573 440 611 tum,
484 567 519 603 &
555 578 603 603 ex
637 566 771 604 habitu
804 572 934 603 actum
962 566 1139 615 generari
1167 567 1322 604 tradunt
1351 565 1594 604 scholastici:
1637 566 1676 604 id
1710 578 1868 616 quoque
1904 568 2093 605 fateantur
2125 580 2261 606 omnes

338 617 452 656 etiam
480 617 752 666 imperitissimi
778 631 936 656 necesse
964 625 1045 656 est:
1074 620 1220 664 Deum,
1250 619 1316 669 qui
1339 618 1573 669 principium
1600 626 1657 657 est
1687 619 1813 658 omnis
1843 619 2038 669 potentiae
2065 622 2100 658 &
2125 632 2258 669 opera-

337 670 452 709 tionis
480 671 518 708 in
547 673 663 709 rebus
693 671 829 709 creatis
857 671 1036 709 vniuerse
1063 672 1099 708 &
1127 671 1166 710 in
1196 679 1279 710 tota
1307 679 1444 710 natura
1471 683 1620 722 rerum,
1661 673 1783 711 multo
1812 672 1934 722 magis
1963 673 2260 711 fundamentum

336 736 418 762 esse
447 724 719 773 operationum
748 724 922 762 omnium
951 724 1151 763 Ecclesiae
1180 737 1271 763 suae
1299 738 1368 774 per
1391 725 1624 775 singularem
1652 725 1907 764 assistentiam
1934 725 2102 775 gratiae,
2143 738 2261 775 quam

336 776 513 826 promisit
541 777 674 815 dicens
690 807 701 828 ,
729 778 829 815 Nam
851 790 918 815 ero
944 783 1096 826 tecum,
1126 785 1165 816 vt
1187 785 1323 816 auctor
1352 777 1550 828 Epistolae
1574 778 1624 815 ad
1648 778 1855 817 Hebraeos
1877 785 2165 829 argumentatus
2184 786 2261 829 est,

335 843 420 879 cap.
448 843 506 878 13.
536 843 632 868 vers.
657 841 691 880 5.
722 831 842 878 Quod
870 830 901 868 si
929 842 1057 868 rerum
1077 830 1235 869 istarum
1260 831 1437 869 omnium
1465 830 1564 869 ratio
1587 830 1639 869 ita
1660 838 1717 869 est
1740 839 1987 881 comparata,
2021 838 2061 869 vt
2086 831 2262 870 Ecclesia

337 882 418 921 sine
441 882 626 921 relatione
647 884 697 921 ad
718 885 847 921 Deum
870 885 974 921 nulla
998 882 1065 933 sit,
1089 883 1251 922 omnino
1275 897 1323 922 ex
1347 897 1392 922 ea
1413 884 1496 933 ipsa
1518 883 1704 922 relatione
1727 886 1763 922 &
1780 892 1957 934 respectu
1972 885 2090 922 finem
2105 896 2261 934 quoque

336 936 533 974 Ecclesiae
560 937 730 985 pendere
758 936 971 975 statuimus.
1014 938 1137 986 Nam,
1163 938 1253 975 cum
1280 937 1420 975 domus
1448 937 1495 975 sit
1523 944 1682 987 propter
1710 936 1914 975 dominum
1942 938 1978 975 &
2005 937 2261 976 habitatorem

335 1000 466 1030 suum,
496 989 670 1027 Ecclesia
697 991 790 1027 vero
818 989 865 1027 sit
893 989 968 1027 Dei
994 989 1159 1028 viuentis
1186 990 1349 1041 domus;
1376 989 1461 1040 quis
1485 1001 1605 1040 vsque
1628 991 1727 1028 adeo
1753 989 1850 1028 inter
1872 990 2050 1029 homines
2074 990 2259 1040 desipiat,

335 1049 374 1079 vt
403 1042 566 1080 domum
595 1044 739 1081 luteam
769 1044 804 1080 &
833 1056 879 1080 ex
902 1043 1130 1081 necessitate
1150 1043 1291 1081 misero
1312 1042 1460 1081 homini
1479 1043 1751 1093 fabrefactam,
1780 1043 1831 1081 ad
1845 1055 1957 1082 vsum
1972 1043 2140 1081 hominis
2157 1044 2261 1082 velut

336 1095 451 1132 finem
479 1107 591 1133 suum
618 1103 793 1145 spectare
818 1095 982 1146 iudicet3
1012 1096 1174 1145 Eccle(f.
1192 1095 1382 1146 693)siam
1406 1099 1498 1135 vero
1521 1098 1545 1134 a
1568 1097 1656 1134 Deo
1683 1095 1899 1145 liberrime,
1928 1096 2009 1134 sine
2032 1097 2109 1134 vlla
2130 1109 2259 1134 neces—

334 1147 444 1186 sitate
480 1147 614 1197 ipsius,
656 1162 702 1186 ex
731 1148 1002 1198 indignissimis
1030 1148 1254 1187 hominibus
1283 1150 1508 1200 collectam,
1554 1155 1663 1198 putet
1690 1148 1742 1187 ad
1769 1148 1887 1188 alium
1916 1150 2033 1187 finem
2063 1151 2179 1199 quam
2208 1150 2259 1188 ad

335 1200 413 1239 eius
441 1201 625 1251 gloriam,
655 1201 721 1251 qui
750 1201 831 1240 sine
859 1203 937 1240 vllo
966 1202 1121 1240 defectu
1149 1214 1246 1249 suo,
1275 1202 1343 1240 sed
1372 1201 1478 1240 mera
1505 1201 1627 1251 gratia
1653 1201 1895 1252 aedificauit,
1923 1199 2141 1252 pertinere?

388 1253 461 1291 His
497 1254 548 1292 ita
583 1255 821 1305 constitutis,
864 1255 1010 1304 optime
1046 1255 1314 1293 concludimus
1343 1255 1382 1293 in
1410 1254 1597 1293 relatione
1625 1254 1825 1293 Ecclesiae
1858 1255 1909 1293 ad
1937 1257 2065 1293 Deum
2093 1256 2259 1293 formam

336 1306 577 1345 essentialem
605 1309 802 1346 Ecclesiae
831 1307 1014 1346 constitui
1042 1315 1248 1358 oportere:
1291 1307 1400 1346 cuius
1429 1307 1624 1346 relationis
1652 1308 1949 1346 fundamentum
1977 1309 2083 1346 Deus
2111 1314 2188 1357 est,
2223 1310 2258 1347 &

336 1359 567 1409 principium
597 1360 724 1399 01111115
751 1362 864 1406 bom,
895 1368 934 1399 vt
963 1361 1000 1399 in
1030 1369 1166 1399 natura
1189 1373 1317 1399 rerum
1340 1361 1586 1411 naturaliter,
1614 1360 1729 1399 sicin
1751 1368 1885 1400 natura
1912 1360 2111 1399 Ecclesiae
2131 1372 2259 1410 super-

336 1413 497 1451 naturali
517 1413 662 1462 gratia:
692 1427 737 1452 ac
753 1414 936 1464 proinde,
966 1414 1063 1452 sicut
1083 1414 1121 1452 in
1145 1422 1281 1452 natura
1307 1414 1400 1452 nihil
1423 1421 1480 1452 est
1503 1414 1610 1464 quod
1633 1421 1781 1463 ortum,
1811 1414 2037 1463 essentiam,
2065 1413 2261 1462 virtutem,

335 1465 627 1515 operationem,
668 1468 864 1516 fine'mque
901 1479 1012 1505 suum
1054 1475 1277 1517 assequatur
1318 1466 1399 1505 sine
1427 1468 1506 1505 hoc
1534 1466 1726 1517 principio
1754 1473 1869 1517 atque
1897 1467 2179 1517 fundamento,
2208 1467 2259 1505 ita

335 1518 428 1556 nihil
457 1521 571 1568 plane
601 1519 638 1556 in
668 1520 843 1558 Ecclesia
871 1533 977 1569 esse,
1003 1522 1148 1559 nedum
1178 1520 1376 1559 Ecclesiae
1405 1531 1568 1569 corpus,
1596 1520 1703 1569 quod
1718 1519 1799 1558 sine
1814 1521 1891 1558 hoc
1907 1519 2098 1570 principio
2112 1519 2257 1569 gratiae

335 1572 549 1621 quidquam
586 1571 749 1610 istorum
786 1572 899 1611 fuerit
936 1574 1170 1612 habiturum.
1225 1573 1403 1623 Denique
1441 1581 1480 1611 vt
1518 1585 1660 1623 corpus
1696 1573 1777 1611 sine
1804 1573 1934 1611 anima
1962 1572 2056 1610 nihil
2084 1580 2165 1622 est,
2207 1572 2259 1610 ita

335 1625 510 1663 Ecclesia
538 1625 618 1663 sine
646 1625 709 1664 illa
737 1625 866 1664 anima
891 1638 959 1664 sua
987 1626 1080 1664 nihil
1109 1628 1237 1665 futura
1265 1633 1345 1665 est:
1375 1627 1476 1664 Nam
1499 1626 1629 1664 anima
1649 1625 1792 1677 (inquit
1818 1625 2075 1677 Augustinus)
2098 1625 2176 1664 vita
2199 1633 2256 1664 est

335 1677 536 1727 corporis,
565 1678 716 1717 animae
744 1679 821 1717 vita
849 1680 966 1717 Deus.

385 1731 461 1769 Sed
489 1731 594 1769 istius
625 1733 772 1770 formae
801 1731 1011 1770 essentialis
1039 1745 1156 1781 quam
1191 1734 1296 1770 Deus
1333 1734 1408 1770 hac
1445 1731 1667 1770 beatissima
1704 1731 1890 1770 relatione
1927 1731 2024 1770 indit
2058 1730 2256 1770 Ecclesiae

333 1795 444 1829 suae,
476 1785 614 1822 modus
641 1785 774 1823 itidem
804 1784 956 1823 diuinus
985 1793 1054 1823 est.
1094 1787 1164 1823 Est
1191 1785 1349 1834 quidem
1378 1783 1560 1823 naturalis
1588 1784 1721 1823 relatio
1747 1786 1880 1822 Lunae
1904 1786 1955 1823 ad
1980 1786 2111 1823 Solem
2132 1786 2155 1822 a
2176 1796 2254 1834 quo

334 1838 554 1874 foeneratur
582 1839 735 1883 lucem,
773 1839 839 1876 sed
864 1850 944 1876 non
973 1846 1029 1876 est
1057 1838 1173 1884 vnio,
1203 1851 1282 1876 non
1311 1838 1349 1875 in
1377 1837 1564 1876 relatione
1591 1837 1790 1876 stabilitas.
1834 1839 1903 1876 Est
1930 1837 2089 1886 quidem
2116 1836 2252 1875 relatio

333 1889 483 1927 animae
511 1891 561 1928 ad
589 1903 730 1940 corpus
760 1891 799 1928 in
827 1891 985 1929 homine
1014 1891 1314 1929 constituendo:
1358 1892 1427 1929 sed
1453 1891 1551 1928 haec
1581 1891 1672 1929 vnio
1701 1890 1883 1929 naturalis
1911 1899 1988 1941 est,
2017 1904 2063 1928 ac
2092 1889 2255 1939 proinde

334 1951 372 1980 vt
400 1950 528 1981 ortum
558 1945 695 1992 habet,
738 1944 794 1982 sic
830 1944 945 1982 etiam
982 1946 1098 1982 fertur
1136 1944 1185 1981 ad
1218 1944 1413 1982 interitum
1440 1943 1605 1982 naturali
1633 1944 1807 1993 quodam
1835 1943 2007 1993 impetu,
2049 1950 2165 1993 prout
2193 1956 2252 1981 res

331 1996 572 2045 compositae
600 1997 651 2034 ad
680 1996 866 2047 principia
894 2009 962 2035 sua
989 1997 1241 2035 dissolutione
1270 1996 1531 2035 continuitatis
1560 2008 1652 2035 suae
1679 2003 1936 2035 reuertuntur.
1983 1999 2029 2034 In
2058 1998 2132 2034 hac
2160 1999 2253 2035 vero

331 2049 534 2095 relatione,
580 2051 803 2100 magnifica,
842 2050 1030 2099 gloriosa,
1069 2049 1202 2088 diuina
1229 2049 1371 2088 omnia.
1418 2051 1518 2087 Nam
1548 2051 1653 2087 Deus
1682 2059 1792 2100 pater
1819 2049 1873 2087 sic
1904 2049 2019 2087 mittit
2048 2049 2169 2087 filium
2197 2049 2248 2087 ad

329 2102 547 2140 Ecclesiam
574 2115 707 2151 suam,
753 2111 793 2141 vt
821 2105 973 2152 semper
1003 2115 1120 2141 vnum
1157 2103 1253 2141 sint:
1297 2102 1396 2140 filius
1423 2105 1444 2140 a
1474 2104 1586 2140 Patre
1615 2102 1752 2141 missus
1780 2102 1834 2141 sic
1861 2103 1911 2141 ad
1942 2116 2027 2140 eam
2057 2102 2183 2150 venit,
2213 2109 2253 2140 vt

329 2168 481 2204 semper
517 2168 636 2193 vnum
671 2156 719 2194 sit
752 2168 842 2194 cum
878 2158 1010 2204 Patre,
1052 2157 1159 2206 quod
1188 2164 1386 2194 aeternum
1416 2162 1497 2203 est,
1539 2157 1574 2194 δι
1603 2168 1757 2205 semper
1786 2168 1903 2194 vnum
1932 2167 2021 2193 cum
2049 2154 2250 2204 Ecclesia,

328 2208 436 2256 quod
463 2208 698 2246 beneficium
726 2221 796 2247 suo
825 2216 1001 2259 tempore
1028 2217 1212 2259 coeptum
1239 2209 1277 2247 in
1306 2215 1504 2247 aeternum
1526 2220 1820 2257 permansurum
1841 2216 1919 2259 est3
1950 2220 2068 2246 vnum
2091 2207 2250 2257 inquam

330 2273 418 2298 611111
453 2261 627 2299 Ecclesia
665 2274 757 2309 sua,
801 2269 883 2299 tum
917 2262 1212 2311 participatione
1246 2270 1404 2300 naturae
1441 2263 1475 2299 &
1510 2262 1762 2300 affectionum
1805 2261 1907 2299 illius
1944 2261 2142 2309 omnium,
2171 2268 2251 2298 tum

330 2326 519 2363 personae
545 2326 634 2352 suae
666 2315 702 2352 in
732 2315 875 2352 vnitate
902 2323 1059 2353 naturae
1087 2324 1242 2353 nostrae
1268 2316 1303 2353 &
1328 2314 1481 2364 spiritus
1510 2314 1568 2352 sui
1595 2316 1871 2363 bonorumque
1893 2325 2049 2352 suorum
2074 2313 2249 2352 oninium

329 2366 707 2405 communicatione:
751 2367 910 2417 Spiritus
938 2368 1107 2417 denique
1135 2377 1290 2406 sanctus
1316 2370 1340 2405 a
1368 2374 1475 2417 patre
1504 2370 1538 2405 ἃ*
1568 2367 1646 2405 filio
1674 2368 1890 2417 procedens
1920 2367 1958 2404 in
1987 2366 2162 2405 Ecclesia
2192 2373 2249 2404 est

326 2419 656 2468 praesentissimus
684 2420 747 2458 illa
776 2421 858 2470 ipsa
886 2421 1100 2470 praesentia
1129 2421 1293 2470 gratiae,
1330 2421 1546 2458 secundum
1575 2433 1693 2469 quam
1723 2419 1897 2458 Ecclesia
1926 2427 2008 2458 tota
2035 2421 2070 2458 &
2101 2419 2251 2468 singula

328 2471 445 2521 ipsius
476 2475 649 2511 membra
677 2475 821 2523 templa
848 2473 923 2511 Dei
951 2477 985 2512 δι
1015 2473 1177 2523 Christi,
1205 2473 1295 2523 quia
1323 2474 1486 2523 Spiritus
1514 2474 1587 2511 Dei
1614 2473 1763 2511 habitat
1791 2473 1829 2511 in
1854 2472 1966 2522 ipsis,
1995 2473 2250 2522 appellantur.

334 2538 363 2562 1.
395 2525 485 2563 Cor.
514 2527 550 2563 6.
584 2540 642 2574 19.
674 2539 732 2564 20.
788 2527 997 2575 Vtcunque
1024 2527 1260 2565 dissoluatur
1288 2526 1470 2565 naturalis
1500 2525 1662 2575 relatio,
1704 2533 1899 2575 vtcunque
1937 2526 2109 2563 soluatur
2136 2525 2249 2572 vnio,

327 2590 426 2625 quae
454 2577 491 2615 in
521 2580 636 2617 rebus
665 2578 800 2617 creatis
828 2579 991 2617 inueniri
1020 2587 1168 2628 potest,
1198 2581 1294 2617 haec
1325 2579 1414 2617 vnio
1443 2591 1558 2627 supra
1585 2586 1762 2617 naturam
1791 2587 1873 2616 est:
1902 2592 1948 2616 ac
1976 2577 2141 2627 proinde
2168 2590 2248 2615 non

327 2631 451 2668 tendit
480 2631 529 2668 ad
557 2631 772 2676 interitum,
801 2639 840 2670 vt
870 2645 930 2670 res
956 2634 1171 2682 naturales,
1201 2633 1270 2670 sed
1298 2645 1413 2681 supra
1440 2630 1598 2670 omne'm
1627 2631 1821 2670 interitum
1847 2631 2056 2680 omniaque
2077 2630 2249 2668 interitus

328 2682 580 2721 instrumenta
608 2687 725 2733 quam
753 2685 975 2734 longissime
999 2692 1135 2723 euecta
1157 2692 1233 2731 est,
1263 2686 1351 2723 cum
1380 2684 1674 2723 fundamentum
1703 2696 1812 2722 suum
1836 2685 1977 2722 habeat
2000 2684 2038 2721 in
2063 2683 2248 2721 Domino.

380 2737 481 2774 Vsus
509 2740 601 2775 vero
632 2737 826 2775 relationis
853 2737 958 2775 istius
986 2737 1129 2787 qualis,
1161 2739 1348 2784 obsecro,
1377 2739 1525 2775 futurus
1553 2745 1629 2787 est,
1659 2739 1748 2774 611111
1778 2736 1910 2775 onmia
1937 2736 2070 2774 diuina
2097 2738 2131 2774 δε
2160 2747 2247 2785 sup-

329 2788 498 2839 peditata
525 2790 706 2829 diuinitus
734 2790 773 2828 in
802 2790 874 2828 hac
903 2790 1089 2829 relatione
1120 2789 1347 2830 videamus?
1390 2791 1506 2830 Certe
1536 2789 1722 2840 quicquid
1749 2789 1928 2829 Ecclesia
1957 2789 2094 2880 videt?i
2114 2788 2242 2837 audit,

2041 2854 2065 2880 o
2096 2848 2246 2891 oratur,
