2334 3020
253 98 328 146 366
800 111 864 135 DF.
907 110 1188 137 POLlTrAE
1231 111 1398 138 MOSis
1442 113 1630 140 OBSER.

249 212 319 250 fuit
347 215 477 252 Moses
506 214 562 251 vir
590 213 684 263 Dei,
714 215 930 264 Legislator
960 215 1239 265 [sraelitarum,
1268 223 1308 255 vt
1337 218 1531 266 Deut.33.
1548 218 1790 268 nominatur,
1817 219 1895 267 Qui
1911 224 2180 264 auctoritatem

248 265 352 303 illam
381 266 547 304 obtinuit
576 280 655 305 non
685 269 812 305 solum
840 267 1079 306 institutione
1107 269 1202 306 Dei:
1232 272 1267 307 &
1296 269 1413 319 signis
1429 271 1737 309 contestantibus
1755 273 2021 323 amplissimis,
2047 279 2180 316 verum

247 318 363 356 etiam
392 320 647 357 consentione
676 320 898 370 iudicioque
928 321 1128 359 communi
1157 322 1416 361 Israelitarum
1445 323 1644 374 omnium,
1673 334 1790 374 prout
1817 326 1945 365 Exodi
1976 341 2037 366 20.
2067 332 2102 368 δῖ
2120 344 2179 378 24.

245 372 412 420 populus
440 372 710 411 auctoritatem
739 373 778 411 in
806 386 895 412 eum
924 374 1137 421 transtulit,
1167 378 1202 414 δι
1230 376 1511 415 institutionem
1527 377 1698 415 diuinam
1715 376 1903 427 religione
1919 381 2060 420 ductus
2076 396 2182 421 com·

247 423 439 473 probauit.
470 427 581 463 Haec
605 426 684 463 duo
708 427 870 475 faciunt,
896 437 935 465 vt
956 427 1146 466 rationem
1168 429 1396 478 legislatoris
1417 429 1517 467 illius
1539 429 1578 467 in
1602 443 1644 468 se
1658 432 1896 469 affirmemus
1912 445 1991 470 non
2007 435 2179 483 potuisse

246 477 455 526 proficere,
499 478 589 526 quia
630 479 681 516 ad
709 480 898 518 rationem
927 483 961 518 ἃ
989 481 1260 520 auctoritatem
1289 482 1394 520 illam
1423 482 1596 521 diuinam
1625 483 1872 535 respicimus,
1903 485 2013 525 cuius
2042 487 2179 527 instru-

248 537 421 567 mentum
449 530 520 569 fuit
547 534 581 570 &
608 532 832 571 administer
859 535 1003 571 Moses.

300 583 383 620 Etsi
411 596 490 621 non
519 587 723 634 propterea
752 587 998 625 statuendum
1028 595 1105 635 est,
1135 587 1228 625 nihil
1256 588 1306 626 ad
1332 589 1458 638 legem
1473 589 1595 626 Mosis
1610 590 1796 628 accedere
1812 598 1901 639 post
1916 591 2011 630 illud
2025 600 2178 643 tempus

247 635 437 685 potuisse:
468 638 570 675 Nam
598 639 734 676 saltem
763 640 1019 689 Euangelium
1047 640 1345 690 doctrinamque
1372 641 1654 680 euidentiorem
1682 643 1854 681 salutaris
1882 645 2026 693 gratiae
2051 658 2181 696 super-

247 688 378 726 uenire
405 691 428 726 a
456 690 612 729 Christo
642 691 825 740 oportuit.
855 694 931 731 Sed
959 693 1109 744 agimus
1138 693 1201 731 hic
1222 695 1272 732 de
1294 694 1443 732 ratione
1465 694 1558 744 legis
1580 693 1619 732 in
1635 707 1697 744 se,
1722 708 1802 734 non
1818 705 1946 735 autem
1965 699 2014 736 de
2029 699 2179 738 ratione

245 740 344 779 illius
384 742 423 779 in
465 743 579 781 nobis
622 746 682 781 vel
723 747 938 784 secundum
981 760 1052 785 nos
1081 746 1247 796 amplius
1274 749 1547 796 exponendae:
1577 747 1725 797 agimus
1754 749 1804 786 de
1832 750 2031 800 principiis
2059 752 2179 802 legis,

243 794 352 832 cuius
379 807 575 834 summum
602 797 834 846 principium
864 807 920 837 est
949 807 1168 848 aeternum,
1199 801 1503 851 αἰνταρκὲςατον,
1533 802 1568 839 δι
1596 801 1859 849 immutabile,
1888 815 1968 841 non
1994 805 2043 842 de
2057 806 2177 843 modo

244 850 279 886 δι
308 849 533 887 conditione
562 850 674 888 illius.
703 852 901 901 Respectu
930 852 1043 891 huius
1072 852 1271 902 principij,
1301 853 1341 890 id
1369 861 1448 902 est,
1476 853 1646 892 auctoris
1675 855 1710 892 &
1739 855 1986 905 legislatoris,
2012 857 2175 896 dicimus

243 900 338 938 nihil
365 901 562 940 attinuisse
592 903 889 943 mutabilitatem
917 906 1081 944 adscribi
1110 906 1188 955 legi
1214 905 1359 952 Mosis,
1387 905 1477 955 quia
1499 906 1638 945 rationi
1654 907 1882 957 legislatoris
1897 908 1991 946 nihil
2006 923 2177 959 vnquam

245 953 370 1002 potuit
392 962 457 992 aut
479 963 608 1005 potest
630 958 835 1006 accedere,
858 960 948 996 cum
970 959 1102 997 onmia
1125 959 1178 997 illi
1192 959 1267 997 sint
1281 961 1396 1008 plane
1411 960 1604 1009 exposita,
1630 963 1748 1011 γυμνοὶ
1766 962 1827 998 καὶ
1845 964 2173 1012 τετραχηλισμένα

243 1011 317 1048 τοῖς
346 1008 554 1057 ὀφθαλμοῖς
584 1010 722 1053 αὐτοῦ,
754 1019 791 1048 vt
820 1019 956 1050 auctor
983 1013 1033 1050 ad
1065 1013 1271 1050 Hebraeos
1296 1011 1419 1061 inquit
1434 1012 1730 1062 elegantissime.
1760 1014 1883 1051 Hebr.
1901 1027 1938 1060 4.
1958 1027 2018 1063 13.
2045 1016 2176 1053 Enim-

243 1062 337 1097 uero
372 1060 483 1098 huius
517 1062 572 1100 rei
609 1072 884 1112 argumentum
913 1072 970 1103 est
999 1065 1352 1113 euidentissimum,
1382 1065 1412 1102 si
1438 1066 1580 1114 quibus
1608 1065 1646 1103 in
1676 1067 1791 1105 rebus
1815 1066 2055 1116 legislatores
2086 1081 2174 1118 pos-

244 1120 332 1150 sunt
361 1114 574 1163 proficere,
612 1128 675 1153 eas
711 1130 790 1155 non
825 1131 938 1166 posse
975 1120 1061 1157 Deo
1090 1119 1268 1156 accidere
1296 1119 1373 1156 hoc
1401 1119 1491 1156 loco
1520 1120 1844 1158 demonstremus.
1887 1121 1989 1158 Nam
2017 1120 2048 1158 si
2077 1121 2175 1159 ratio

244 1172 367 1204 mater
393 1173 451 1204 est
480 1169 671 1207 humanae
698 1170 813 1220 legis,
843 1174 877 1209 Sc
906 1171 1004 1210 ratio
1033 1171 1200 1210 hominis
1229 1178 1357 1221 potest
1385 1171 1633 1210 incrementis
1662 1172 1739 1210 suis
1756 1185 1982 1223 augescere,
2010 1173 2176 1212 haecin-

244 1226 442 1257 crementa
469 1220 609 1259 iustam
637 1223 789 1272 legibus
818 1224 1076 1263 mutationem
1103 1226 1280 1262 afferunt.
1310 1226 1399 1262 Non
1429 1232 1558 1274 potest
1585 1233 1713 1263 autem
1736 1226 1834 1264 ratio
1859 1225 1933 1263 Dei
1948 1226 2177 1276 legislatoris

241 1283 468 1321 augescere:
499 1287 578 1312 non
609 1288 700 1325 ergo
730 1278 869 1314 mutari
897 1279 1002 1328 leges
1030 1285 1208 1327 respectu
1230 1277 1389 1316 rationis
1404 1277 1495 1316 eius.
1526 1277 1749 1326 Quinetiam
1765 1279 1936 1328 augescit
1951 1279 2048 1317 ratio
2064 1280 2175 1329 legis-

243 1326 430 1374 latorum,
472 1329 705 1377 profici'tque
743 1330 898 1369 duobus
935 1331 1081 1370 modis:
1124 1332 1226 1369 Nam
1254 1337 1319 1368 aut
1347 1331 1386 1368 in
1414 1330 1651 1370 conscientia
1680 1339 1859 1370 aeternae
1886 1331 1997 1382 legis,
2028 1331 2068 1370 id
2097 1340 2174 1380 est,

242 1377 401 1417 rationis
429 1379 546 1428 ipsius
574 1382 737 1419 naturali
765 1384 800 1420 &
829 1383 962 1422 diuino
992 1384 1073 1422 iure
1096 1383 1365 1422 conuenientis
1394 1397 1485 1422 cum
1513 1392 1671 1423 aeterna
1685 1385 1792 1435 lege3
1818 1384 1936 1423 autin
1951 1385 2177 1435 cognitione

243 1443 378 1469 eorum
415 1433 464 1470 ad
499 1445 599 1482 quae
636 1434 846 1484 respiciunt
882 1438 1005 1482 leges,
1043 1436 1230 1475 dicendus
1268 1445 1325 1475 est
1363 1438 1565 1486 proficere.
1607 1439 1689 1476 Lex
1717 1445 1873 1476 aeterna
1903 1438 2008 1476 velut
2036 1438 2175 1476 matrix

242 1484 434 1533 quaedam
471 1494 527 1524 est
557 1489 593 1525 &
630 1489 757 1526 forma
791 1492 1035 1539 πρωτότυηος
1074 1490 1381 1540 primigeniaque
1409 1491 1667 1529 humanarum
1695 1492 1847 1540 legum:
1877 1490 2038 1529 materia
2064 1491 2104 1528 in
2131 1491 2176 1530 iis

242 1544 416 1575 versatur
442 1539 492 1576 ad
519 1553 618 1589 quae
645 1541 857 1591 respiciunt
886 1545 1011 1592 leges,
1042 1545 1078 1582 &
1107 1543 1247 1593 quibus
1274 1542 1514 1593 legislatores
1543 1544 1755 1582 commode
1790 1557 1871 1582 non
1902 1551 2064 1593 possunt
2088 1557 2176 1593 pro·

240 1589 388 1636 spicere
425 1593 475 1630 ad
506 1606 716 1641 commune
756 1599 923 1641 bonum,
962 1596 1033 1633 nisi
1071 1609 1131 1635 res
1166 1596 1249 1634 illas
1286 1597 1501 1634 secundum
1533 1596 1764 1635 mutationes
1793 1597 1908 1635 etiam
1936 1609 2110 1646 quasque
2136 1599 2171 1636 δε

243 1643 487 1687 commueret&
522 1647 789 1697 cognouerint.
831 1650 875 1685 In
914 1650 990 1686 hoc
1026 1658 1191 1699 Vtroque
1228 1657 1458 1698 argumento
1497 1649 1677 1688 homines
1702 1649 1930 1700 proficiant,
1960 1651 1995 1688 δι
2023 1650 2174 1699 vtrique

243 1697 422 1734 studeant
458 1711 616 1738 necesse
652 1708 727 1747 est,
757 1701 978 1750 quicunque
1007 1703 1113 1752 leges
1138 1703 1251 1741 laturi
1281 1710 1387 1740 sunt:
1417 1704 1505 1740 Deo
1534 1710 1663 1741 autem
1689 1705 1891 1752 explorata
1919 1705 2177 1741 sunt&com-

243 1757 351 1796 perta
375 1751 508 1789 omnia
532 1754 747 1791 secundum
771 1754 1163 1805 imperuestigabilem
1186 1755 1413 1805 sapientiam
1438 1758 1472 1794 δι
1494 1755 1682 1794 infinitam
1700 1756 1899 1794 scientiam
1914 1755 2044 1804 ipsius.
2072 1757 2173 1814 Nam

244 1802 350 1839 Deus
388 1801 468 1852 ipse
505 1814 562 1843 est
598 1815 756 1844 aeterna
791 1807 855 1845 illa
892 1808 1011 1853 ratio,
1047 1818 1173 1854 recta,
1203 1811 1237 1847 δε
1266 1808 1541 1856 immutabilis,
1569 1822 1614 1847 ex
1643 1821 1722 1858 quo
1753 1810 1856 1846 velut
1884 1810 1991 1846 fonte
2019 1810 2176 1858 profluit

242 1855 369 1892 omnis
398 1864 477 1894 tam
507 1861 707 1909 naturalis,
737 1863 854 1909 quam
884 1862 1202 1910 supernaturalis,
1232 1861 1464 1910 diuinaeque
1492 1861 1651 1899 rationis
1679 1862 1718 1900 in
1748 1874 1808 1900 res
1832 1870 1982 1899 creatas
1999 1874 2173 1920 commu-

241 1907 398 1948 nicatiO.
428 1911 645 1958 Quomodo
673 1912 788 1962 igitur
816 1913 854 1950 in
883 1914 1032 1952 ratione
1061 1914 1258 1964 proficiat,
1289 1915 1370 1952 siue
1402 1922 1584 1964 augescat
1612 1915 1643 1952 is
1672 1915 1738 1964 qui
1766 1914 2000 1964 principium
2025 1927 2175 1952 vniuer—

242 1961 321 1998 sale
349 1963 383 2000 ἃ
411 1962 601 2004 infinitum
631 1965 789 2004 rationis
819 1976 893 2012 est,
924 1980 1005 2004 non
1033 1969 1160 2005 solum
1188 1967 1227 2004 in
1242 1976 1397 2013 natura,
1417 1969 1551 2005 verimi
1567 1967 1683 2006 etiam
1699 1980 1814 2017 supra
1829 1975 2008 2005 naturam
2023 1966 2175 2005 rerum?

242 2015 356 2051 Haec
393 2015 757 2069 imperuestigabilis
794 2019 858 2058 illa
893 2020 1102 2070 sapientia,
1136 2032 1254 2070 quam
1291 2021 1410 2059 modo
1449 2020 1688 2059 dicebamus.
1730 2022 1791 2058 De
1831 2020 1990 2079 scientia
2018 2023 2110 2078 vero
2139 2023 2174 2059 δι

241 2067 466 2116 cognitione
494 2084 622 2109 rerum
651 2072 845 2119 omnium,
875 2087 920 2110 ac
948 2086 1029 2111 non
1059 2086 1192 2111 earum
1221 2074 1348 2111 solum
1376 2074 1427 2111 ad
1441 2086 1537 2122 quas
1552 2073 1763 2123 respiciunt
1776 2075 1901 2124 leges,
1926 2073 2019 2122 quid
2035 2074 2175 2132 dicturi

239 2121 392 2160 sumus?
420 2123 574 2162 Infinita
602 2133 659 2163 est
687 2125 846 2164 scientia
874 2125 993 2176 illius,
1022 2126 1169 2165 infinite
1198 2140 1257 2164 res
1287 2139 1423 2165 omnes
1452 2127 1666 2165 secundum
1689 2127 1915 2175 essentiam,
1939 2133 2174 2184 potentlatn,

239 2173 430 2221 actiones,
459 2178 680 2227 passiones,
711 2181 745 2217 &
774 2179 999 2217 affectiones
1028 2180 1197 2228 denique
1225 2192 1381 2227 omnes,
1406 2180 1972 2229 communes&particulares,
1997 2181 2176 2217 vmuers'e

240 2227 275 2262 δε
304 2225 545 2278 singulariter
574 2233 926 2281 comprehendens.
954 2232 1044 2270 huic
1073 2232 1242 2270 infinitae
1271 2232 1452 2270 scientiae
1481 2233 1575 2282 quid
1602 2233 1725 2282 possit
1751 2229 2176 2291 accedere-{quemad-

242 2280 403 2319 modum
439 2284 586 2332 optime
615 2292 770 2323 sanctus
811 2285 875 2323 ille
902 2287 976 2323 Iob
1005 2286 1098 2323 olim
1128 2286 1353 2324 disserebat.
1397 2286 1482 2324 [ob.
1514 2288 1573 2323 28.
1607 2298 1666 2323 20.
1710 2286 1750 2324 Si
1777 2298 1871 2335 ergo
1900 2285 1995 2323 mh11
2020 2286 2107 2322 Deo
2136 2297 2174 2344 m

241 2334 384 2372 vtrauis
413 2337 486 2373 hac
515 2349 630 2375 causa
658 2346 788 2387 potest
816 2339 1023 2385 accedere,
1053 2340 1087 2376 ἃ
1117 2340 1224 2376 Deus
1252 2346 1389 2376 auctor
1418 2346 1475 2376 est
1502 2338 1601 2376 illius
1629 2339 1745 2388 legis,
1771 2350 1888 2388 quam
1911 2339 2038 2387 legem
2053 2339 2175 2375 Mosls

241 2389 503 2434 appellamus:
534 2391 610 2428 hoc
639 2395 743 2429 certe
773 2398 952 2441 respectu
981 2393 1107 2441 legem
1139 2391 1261 2429 Mosis
1289 2405 1406 2441 supra
1433 2391 1526 2429 alias
1542 2392 1732 2430 humanas
1747 2393 1853 2441 leges
1868 2390 2001 2429 extolli
2015 2403 2176 2428 necesse

242 2447 318 2487 est,
344 2443 452 2490 quod
473 2444 523 2480 ab
548 2456 595 2481 eo
619 2444 838 2493 legislatore
863 2444 1007 2493 prodijt
1031 2445 1139 2483 cuius
1162 2445 1259 2483 ratio
1282 2453 1339 2482 est
1361 2444 1658 2493 perfectissima:
1685 2446 1877 2482 humanae
1894 2451 2023 2482 autem
2040 2456 2176 2482 omnes

243 2500 331 2530 sunt
365 2495 416 2532 ab
451 2495 495 2533 iis
530 2496 835 2547 legislatoribus,
873 2497 940 2547 qui
977 2510 1177 2547 nunquam
1215 2497 1287 2535 nisi
1315 2497 1541 2547 imperfecta
1569 2498 1718 2535 ratione
1746 2497 1916 2534 dictante
1943 2498 2049 2546 leges
2079 2497 2178 2555 ferre

243 2555 428 2596 possunt,
466 2562 513 2586 ac
551 2549 717 2598 proinde
747 2559 896 2588 mutare
924 2551 1082 2588 easdem
1112 2553 1216 2600 leges
1245 2563 1341 2600 quas
1370 2551 1443 2600 ipsi
1472 2552 1662 2600 tulerunt,
1691 2549 1723 2588 si
1751 2549 1901 2587 ratione
1930 2551 2178 2607 profecerint.

293 2600 409 2638 Thes.
443 2614 502 2638 21.
532 2604 665 2640 Altera
692 2616 807 2641 causa
836 2604 1080 2649 mutationis,
1109 2617 1226 2653 quam
1251 2607 1340 2642 ante
1366 2603 1655 2651 constituimus,
1681 2603 1843 2641 omnino
1868 2610 2175 2660 est'necessarla,

240 2665 381 2702 nempe
410 2655 549 2692 modus
578 2668 730 2698 eorum,
767 2657 816 2693 ad
846 2670 945 2705 quae
974 2656 1184 2706 respiciunt
1212 2658 1328 2706 leges.
1372 2658 1473 2694 Nam
1502 2655 1677 2705 quisquis
1707 2669 1766 2694 res
1797 2657 1999 2714 mutabiles
2026 2662 2176 2693 ratlone

241 2706 275 2741 δι
305 2707 425 2744 modo
454 2707 682 2745 immutabili
712 2709 1039 2747 administrandas
1067 2712 1102 2748 ἃ
1131 2709 1397 2759 procurandas
1426 2716 1557 2759 putat,
1585 2708 1616 2746 is
1644 2709 1753 2747 domi
1777 2709 2022 2758 prudentiam
2039 2720 2174 2756 paren-

242 2765 325 2796 tum
366 2758 403 2796 in
440 2761 617 2812 regendis
645 2761 793 2811 liberis,
824 2762 922 2812 ruri,
952 2762 1128 2812 peritiam
1157 2770 1352 2801 aratorum
1380 2762 1419 2800 in
1449 2761 1625 2801 colendis
1653 2761 1777 2812 agris,
1804 2762 1844 2800 in
1871 2763 1971 2807 alto,
2000 2760 2175 2850 peritiam

1972 2825 2049 2851 nau
2068 2825 2175 2851 arum
