2334 3020
781 87 996 114 russas
1037 87 1474 118 THEOLOGICAE.
2016 88 2088 134 287

143 193 212 233 sed
239 192 340 233 illius
367 193 522 233 alterius
549 205 650 244 quae
677 194 715 232 in
745 193 946 245 Scriptura
973 195 1147 234 Mundus
1174 201 1360 235 venturus
1389 209 1436 236 ex
1465 197 1646 249 analogia
1676 200 1879 239 communi
1903 209 2091 242 vocatur:

143 248 293 286 Matth.
326 261 385 287 12.
414 260 477 298 32·
521 248 649 286 Hebr.
682 261 716 287 2.
746 257 782 297 5.
811 247 883 286 etsi
910 248 1025 288 variis
1055 256 1174 299 atque
1202 249 1412 289 horrendis
1441 250 1609 290 vocibus
1639 252 1896 292 adumbratur
1925 256 2094 306 passim:

142 307 308 339 vocatur
350 300 452 340 enim
494 308 674 351 stagnum
703 301 845 340 ardens
873 300 963 352 igne
991 304 1027 341 δε
1055 303 1262 353 sulphure,
1293 316 1450 351 carcer,
1483 305 1650 343 exterius
1678 307 1954 359 tenebrarum,
1984 311 2095 349 locus

143 360 446 405 tormentorum,
475 360 514 393 et
541 353 743 393 communi
771 354 933 393 nomine
961 354 1133 394 infernus
1162 357 1223 394 vel
1251 356 1389 408 inferi,
1419 365 1600 408 respectu
1615 358 1727 397 Coeli
1742 360 1951 400 beatorum
1969 363 2094 402 sedis:

143 408 307 458 Apocal.
326 421 386 447 20.
405 419 440 456 7.
460 420 518 448 10.
535 409 571 446 &
588 421 649 447 21.
665 409 702 447 8.
730 408 878 446 Matth.
896 410 932 446 8.
955 422 1014 448 12.
1049 410 1140 448 Luc.
1166 410 1225 447 16.
1245 423 1305 459 23.
1334 411 1498 462 Apocal.
1525 424 1558 449 1.
1587 414 1646 450 18.
1677 411 1818 462 quibus
1848 415 2096 467 nominibus;

143 472 224 498 non
251 467 332 500 tam
359 461 458 499 illius
486 461 580 499 situs
609 460 655 510 (si
684 460 724 499 id
754 461 970 511 exceperis,
1012 462 1122 512 quod
1163 470 1274 501 extra
1314 466 1375 502 vel
1410 464 1503 503 foris
1539 464 1696 513 dicitur)
1734 468 1853 515 quam
1883 468 1984 507 illius
2017 470 2094 508 loci

143 512 308 563 qualitas
351 514 570 564 miseraque
610 525 748 553 eorum
789 513 967 554 conditio
1009 514 1076 565 qui
1106 515 1238 554 insunt
1268 516 1513 569 designatur,
1555 525 1674 568 atque
1702 518 1766 557 hic
1794 519 1955 569 quidem
1983 523 2094 562 locus

144 567 337 605 malorum
365 569 628 617 Angelorum,
658 566 952 617 infideliumque
980 569 1201 607 animarum
1230 570 1456 609 communis
1485 578 1567 610 est:
1611 572 1661 610 de
1690 578 1800 610 certo
1831 576 1924 612 vero
1953 588 1999 613 ac
2028 577 2093 614 de-

141 619 350 658 terminato
379 619 460 658 eius
489 620 563 659 situ
592 627 773 659 constare
802 632 883 659 non
910 628 1054 671 potest.
1097 621 1144 660 Id
1161 628 1292 661 tamen
1310 623 1499 663 credibile
1515 631 1595 676 est,
1621 631 1705 664 toto
1721 626 2091 667 caeloabeatorum

143 673 237 711 sede
265 674 326 712 vel
353 673 536 723 paradiso
564 680 759 712 remotum
787 686 884 712 esse.

198 738 257 773 14.
311 727 486 776 Tempus
513 733 643 765 autem
671 725 888 765 durationis
916 724 1116 776 Vtriusque
1145 734 1266 767 status
1294 731 1357 768 vel
1389 730 1628 770 conditionis
1660 731 1782 783 illius,
1827 734 1986 784 proprie
2014 748 2096 774 non

140 784 315 829 tempus,
345 780 415 818 sed
442 791 582 818 aeuum
611 780 789 818 Patribus
817 792 865 817 ex
893 779 1093 828 scripturis
1123 781 1243 820 sacris
1273 784 1439 830 (stlattlz.
1471 798 1529 823 12.
1556 797 1620 834 32.
1650 787 1777 824 Marc.
1815 799 1872 826 10.
1903 801 1968 837 30.
1997 790 2097 827 Luc.

146 833 203 869 18.
231 834 311 882 32.)
339 832 409 870 fuit
436 834 697 883 appellatum,
726 833 836 882 quod
865 839 921 871 est
949 837 1017 871 τοῦ
1047 836 1183 876 αἰῶνος
1211 835 1440 886 μέλλοντος,
1469 837 1509 875 id
1536 846 1593 876 est
1620 839 1708 877 aeui
1723 838 1807 878 siue
1826 841 1948 879 futuri
1972 842 2090 880 seculi

140 885 366 935 proprium:
409 889 713 935 numeraturque
749 885 841 924 inde
874 886 925 923 ab
954 886 1041 935 ipso
1071 887 1134 924 die
1164 888 1419 937 separationis
1449 891 1602 930 animae
1631 892 1666 929 &
1695 893 1875 943 corporis
1904 895 1957 933 ad
1983 895 2090 934 diem

139 949 263 988 vsque
289 939 399 977 illum
426 951 506 989 quo
536 939 668 978 omnia
696 951 866 989 corpora
892 938 1112 977 admirabili
1127 941 1202 979 Dei
1217 942 1612 990 potentiaamortuis
1628 945 1811 984 suscitata
1826 959 1920 985 suae
1935 948 2091 987 animae

140 998 368 1041 recepturae
395 999 485 1031 sunt
513 991 553 1031 in
580 992 768 1031 vnitatem
796 1004 1012 1042 personae:
1054 999 1096 1030 vt
1132 994 1297 1032 eaedem
1337 995 1487 1035 scilicet
1524 1010 1715 1047 personae
1758 1002 1983 1039 mercedem
2021 1002 2096 1041 sibi

139 1044 374 1084 destinatam
401 1048 425 1084 a
452 1057 607 1084 summo
636 1045 765 1084 iudice
795 1045 952 1084 Christo
976 1044 1216 1098 percipiant,
1246 1058 1366 1096 quam
1390 1048 1433 1091 (f.
1452 1053 1569 1100 1750)
1592 1052 1817 1091 mercedem
1839 1054 1993 1093 animae
2016 1054 2094 1094 iam

141 1103 234 1136 ante
263 1106 465 1149 separatae
492 1101 516 1138 a
544 1099 777 1149 corporibus
805 1112 878 1149 pro
908 1109 976 1137 sua
1005 1111 1190 1138 mensura
1218 1108 1402 1150 expertae
1431 1104 1586 1143 fuerint.

197 1161 256 1201 15.
311 1154 442 1202 Atque
482 1153 561 1191 hoc
602 1152 763 1203 quidem
805 1159 890 1191 toto
933 1152 1190 1201 separationis
1234 1161 1438 1206 tempore,
1491 1163 1634 1196 statum
1676 1157 1896 1198 animarum
1941 1160 2093 1211 piarum

140 1204 426 1256 impiarumque
453 1218 535 1245 non
563 1205 724 1257 mutari,
767 1206 836 1244 sed
865 1205 1034 1244 eundem
1064 1218 1220 1256 semper
1250 1220 1410 1247 manere
1440 1210 1673 1262 asserimus,
1701 1219 1818 1261 prout
1848 1214 1971 1252 seculi
1997 1228 2094 1253 ven-

138 1257 213 1295 turi
241 1257 281 1296 in
308 1259 418 1309 quod
445 1258 683 1309 recipiuntur
713 1266 897 1298 constans
926 1265 984 1297 est
1011 1272 1166 1309 semper
1197 1259 1296 1299 ratio
1327 1262 1364 1299 &
1394 1262 1663 1304 immutabilis.
1704 1267 1842 1315 Itaque
1872 1269 1908 1305 ἃ
1936 1268 2093 1307 Pontifi-

140 1309 292 1350 ciorum
321 1312 507 1364 dogmata
534 1325 615 1351 non
645 1312 853 1363 recipimus
878 1312 927 1351 de
957 1311 1100 1351 Limbo
1128 1314 1164 1351 &
1186 1313 1276 1364 igne
1292 1317 1546 1367 purgatorio,
1563 1319 1630 1357 vbi
1646 1318 1797 1357 animas
1813 1319 2090 1360 defunctorum

138 1363 188 1402 ad
222 1371 377 1415 tempus
417 1373 589 1405 statuunt
631 1365 899 1417 commorari,
942 1366 978 1403 &
1007 1376 1143 1404 eorum
1172 1366 1267 1405 item
1297 1367 1363 1417 qui
1394 1369 1448 1408 illi
1477 1370 1634 1410 diuinae
1663 1371 1818 1411 veritati
1848 1386 2088 1424 quocunque

137 1417 258 1456 modo
286 1419 554 1458 aduersantur.
596 1432 628 1459 1.
659 1419 725 1470 qui
751 1419 900 1457 animas
928 1418 1086 1458 interire
1114 1420 1298 1459 sentiunt.
1341 1435 1375 1460 2.
1406 1423 1473 1473 qui
1503 1425 1679 1464 dormire
1708 1438 1774 1464 eas
1803 1434 1894 1476 post
1922 1436 2091 1467 mortem

136 1478 351 1522 nugantur,
380 1472 420 1511 in
443 1472 735 1512 resurrectionis
756 1472 912 1511 vltimae
934 1472 1219 1522 expectatione.
1242 1487 1278 1524 3.
1300 1475 1366 1525 qui
1385 1478 1737 1527 μετενσωμοῖτωσιν
1758 1479 2094 1532 Empedocleam,

138 1531 204 1561 aut
240 1529 542 1574 μετεμψύχωσιν
577 1527 866 1576 Pythagoream
903 1537 993 1565 cum
1033 1526 1241 1566 Cabalistis
1271 1530 1480 1569 somniant.
1512 1544 1548 1578 4.
1581 1531 1731 1570 animas
1760 1533 1935 1573 fidelium
1962 1537 1986 1573 a
2013 1535 2092 1573 suis

138 1577 340 1616 laboribus
368 1579 445 1617 illic
472 1579 800 1629 requiescentium
831 1586 970 1630 putant
997 1578 1061 1617 h‘ic
1091 1579 1130 1618 in
1159 1580 1271 1619 terris
1301 1583 1507 1634 oberrare,
1552 1583 1775 1624 viuentibus
1803 1600 2016 1639 apparere,
2050 1591 2086 1627 &

140 1630 190 1668 de
230 1631 452 1681 particulari
492 1632 649 1672 illorum
690 1640 791 1672 statu
833 1645 1099 1684 cognoscere:
1140 1646 1233 1673 nam
1267 1635 1338 1674 etsi
1367 1635 1518 1687 integra
1548 1639 1804 1689 perfectaque
1834 1641 2094 1691 intelligentia

139 1684 175 1721 δε
206 1685 407 1724 voluntate
434 1692 545 1737 sunt,
586 1699 668 1725 non
695 1686 869 1736 sequitur
897 1686 936 1725 in
965 1697 1096 1725 rerum
1124 1687 1264 1727 harum
1291 1689 1520 1739 cognitione
1550 1691 1586 1728 Sc
1618 1692 1748 1730 studio
1779 1694 1926 1733 versari
1958 1696 2092 1734 beatas

140 1736 224 1776 illas
238 1745 406 1788 mentes,
420 1739 567 1789 quasia
582 1740 725 1779 summi
739 1740 838 1778 illius
855 1739 949 1779 boni
964 1741 1320 1794 contemplatione,
1337 1743 1634 1796 communione,
1652 1747 1687 1784 &
1703 1747 1830 1785 fructu
1847 1749 2092 1801 aberrarent,

140 1790 208 1828 sed
231 1798 370 1830 contra
393 1791 432 1831 in
455 1792 521 1832 illa
540 1795 715 1844 perfecta
738 1793 920 1833 felicitate
943 1799 1181 1844 summoque
1205 1796 1314 1835 bono
1338 1798 1511 1847 perfecte
1536 1798 1836 1849 conquiescere.

140 2083 264 2122 LVII.
305 2083 387 2122 DE
429 2084 639 2123 STATV
680 2087 940 2126 ANIMAE
977 2088 1138 2128 POST
1178 2090 1419 2130 CARNIS
1457 2093 2088 2135 RESVRRECTIONEM.

977 2219 1191 2258 THEsrs
1235 2221 1268 2260 Ι.

191 2331 361 2369 ANIMAE
397 2333 420 2369 a
455 2344 623 2382 corpore
654 2341 854 2384 separatae
894 2341 1014 2375 status
1047 2349 1172 2388 nuper
1206 2346 1264 2377 est
1293 2338 1519 2389 explicatus.
1565 2341 1751 2381 Succedit
1780 2349 1901 2382 status
1929 2344 2084 2384 animae

138 2391 227 2433 post
253 2384 598 2437 resurrectionem,
627 2400 674 2426 ex
701 2388 800 2426 iusta
827 2389 1030 2430 methodo.
1072 2393 1110 2429 Is
1133 2391 1270 2430 natura
1294 2393 1454 2442 quidem
1474 2405 1544 2432 sua
1568 2394 1780 2435 difficiliori
1803 2404 1861 2435 est
1889 2398 2084 2448 explicatu

138 2437 174 2474 &
201 2437 418 2476 humanum
446 2446 624 2479 nostrum
653 2448 812 2491 captum
839 2443 1006 2481 excedit.
1050 2444 1128 2483 Sed
1156 2446 1247 2483 cum
1276 2445 1315 2484 in
1343 2458 1389 2484 ea
1418 2458 1519 2496 quae
1547 2449 1745 2498 patefacta
1774 2457 1865 2488 sunt
1893 2452 2009 2490 nobis
2039 2452 2088 2491 sit

138 2490 266 2529 sobrie
304 2491 599 2544 inquirendum,
643 2494 881 2545 inquiremus
920 2496 1017 2546 quid
1057 2498 1278 2536 necessaria
1314 2500 1597 2550 consequentia
1633 2502 1684 2541 de
1720 2504 1795 2541 hac
1830 2510 1912 2542 tam
1941 2505 2091 2557 ardua,

137 2545 172 2582 &
200 2544 356 2583 sublimi
384 2546 631 2598 quaestione,
659 2548 784 2598 possit
811 2548 887 2587 Dei
914 2551 1039 2589 verbo
1067 2559 1331 2602 congruenter
1359 2560 1396 2591 et
1426 2554 1712 2594 conuenienter
1737 2556 1873 2596 statui.

192 2610 226 2635 2.
281 2599 410 2637 Status
432 2599 586 2638 animae
613 2608 704 2651 post
730 2603 1056 2643 resurrectionem
1086 2611 1144 2644 est
1172 2605 1284 2644 tertia
1312 2606 1380 2644 illa
1407 2609 1443 2645 δε
1470 2614 1670 2657 postrema
1698 2609 1853 2650 animae
1886 2610 2085 2661 conditio,

134 2661 211 2699 qua
238 2650 421 2690 nimirum
449 2652 488 2691 in
518 2654 720 2693 communi
747 2655 813 2693 illa
840 2657 1148 2709 resurrectione,
1171 2658 1237 2696 illa
1262 2659 1420 2710 corpori
1443 2672 1514 2699 suo
1541 2661 1621 2711 (cui
1642 2662 1681 2700 in
1707 2670 1795 2702 ortu
1810 2663 1882 2703 fuit
1896 2664 2082 2704 diuinitus

135 2702 282 2742 infusa:
311 2707 334 2743 a
362 2717 442 2755 quo
470 2705 509 2744 in
537 2715 665 2746 morte
693 2708 745 2747 ad
773 2715 928 2759 tempus
953 2714 1146 2761 separata)
1171 2711 1311 2751 iterum
1334 2714 1509 2753 manebit
1530 2716 1754 2755 coadunata
1768 2729 1872 2756 nexu
1888 2731 1936 2757 ex
1949 2718 2085 2757 diuina

138 2757 385 2797 ordinatione
408 2760 524 2809 plane
540 2759 802 2800 indissolubili
818 2763 854 2801 &
871 2770 1051 2815 aeterno,
1067 2771 1108 2804 vt
1123 2765 1162 2803 in
1177 2764 1251 2804 isto
1267 2777 1338 2805 suo
1354 2773 1455 2806 statu
1470 2768 1619 2807 aeterni
1634 2769 1709 2808 Dei
1723 2770 1889 2821 gloriam
1905 2772 2085 2810 illustret.

1741 2837 1777 2873 3.
1833 2824 2084 2863 Coaclunatio
