2334 3020
208 82 284 128 484
901 92 1174 120 EIRENICI
1216 94 1356 121 PARS
1399 94 1452 122 11.

204 198 351 249 undas,
381 211 589 247 personam
617 198 735 248 gessit
765 197 987 239 Ecclesiae:
1018 201 1107 239 cum
1136 204 1230 241 vero
1259 201 1539 254 defungeretur
1568 207 1612 242 τά
1643 205 1736 255 πρὸς
1765 206 1872 252 ,rie-eds,
1901 204 1941 243 id
1964 212 2040 256 est,
2068 220 2151 257 par-

208 259 264 290 tes
293 251 397 301 apud
426 264 498 290 nos
528 252 601 290 Dei
631 252 749 302 patris
777 253 938 292 nomine
967 254 1249 304 perficiendas,
1294 269 1504 306 personam
1531 257 1650 306 gessit
1676 256 1752 295 Dei
1780 258 1916 306 patris,
1959 259 2067 298 cuius
2097 268 2154 298 est

203 304 355 354 imago,
397 317 549 354 sermo,
593 307 627 343 &
670 305 857 355 sapientia
885 312 1055 346 aeterna.
1100 307 1164 346 Sic
1192 309 1375 357 Aharon,
1405 311 1494 348 cum
1523 310 1572 348 de
1598 310 1714 348 rebus
1742 308 1867 360 agitur
1893 313 1998 361 apud
2026 313 2150 351 Deum

205 357 399 395 obeundis
439 364 506 396 aut
549 357 811 408 percipiendis
855 359 906 397 ab
947 372 1017 409 eo,
1060 372 1202 410 corpus
1244 363 1447 401 Ecclesiae
1483 375 1650 413 corpore
1687 373 1757 401 suo
1795 366 1854 411 (vt
1880 363 1932 401 ita
1961 364 2152 412 dicamus)

210 409 482 448 adumbrauit:
526 412 616 448 cum
651 415 744 450 vero
775 412 824 450 de
852 412 968 451 rebus
995 414 1100 463 apud
1128 426 1201 452 nos
1230 415 1265 452 δι
1294 427 1386 465 erga
1413 428 1486 454 nos
1514 415 1773 465 defungendis
1801 416 2030 456 auctoritate
2057 419 2150 463 Dei,

207 463 514 512 repraesentauit
559 464 715 515 Deum,
757 477 829 515 pro
871 478 950 515 quo
988 467 1137 516 legatus
1165 474 1246 506 erat
1273 467 1312 505 in
1354 469 1531 507 Ecclesia
1558 467 1701 519 ipsius:
1744 468 1794 507 ad
1822 476 2029 520 Vtrumque
2057 475 2150 510 vero

205 515 407 566 speciatim
448 515 566 566 gessit
608 530 814 567 personam
856 518 1021 569 Christi,
1062 519 1103 558 id
1133 526 1208 570 est,
1251 521 1357 559 vncti
1397 521 1498 560 illius
1533 521 1675 560 summi
1713 522 1927 561 sacerdotis
1954 523 2079 562 nostri
2112 524 2149 562 in

205 576 418 608 aeternum.
449 569 529 608 Hic
557 577 687 608 autem
716 571 842 621 agitur
869 572 1034 621 quidem
1063 573 1112 611 de
1141 574 1255 612 rebus
1284 586 1379 624 quas
1408 576 1516 613 Deus
1543 575 1582 613 in
1596 575 1834 625 Ecclesiam,
1863 582 1903 613 vt
1914 576 2041 615 omnis
2055 578 2150 616 boni

204 621 464 673 principium,
500 623 760 674 praestiterat,
804 627 839 663 &
868 624 908 663 in
935 626 1163 664 Aharonem
1192 626 1341 678 ipsum,
1370 629 1476 666 velut
1504 627 1718 666 institutum
1746 628 1945 668 Ecclesiae
1973 631 2148 669 nomine:

203 676 272 714 sed
300 687 396 725 quas
425 675 600 714 Ecclesia
627 683 758 715 tamen
790 690 984 729 occupare
1014 681 1147 718 sancte
1175 681 1379 719 tenebatur
1406 694 1541 719 coram
1570 682 1657 719 Deo
1673 682 1880 731 &Angelis
1907 681 2003 722 eius.
2027 684 2146 734 Prop-

204 730 310 766 terea
350 730 428 768 hoc
468 731 558 768 loco
600 742 761 769 necesse
804 737 881 781 est,
923 739 964 770 vt
1006 732 1166 771 nomine
1207 733 1404 773 Aharonis
1433 733 1590 784 figurari
1617 733 1838 772 Ecclesiam
1870 734 2150 786 intelligamus.

205 781 310 820 fideli
338 781 532 832 obsequio
564 794 635 821 suo
665 782 864 823 sistentem
892 797 975 823 sese
1004 798 1140 824 coram
1170 786 1359 838 Domino,
1377 788 1675 826 &exercentem
1690 788 1821 837 palam
1837 787 1943 826 dona
1958 788 2152 828 vnctionis

204 835 311 874 eius:
341 836 679 885 quemadmodum
708 844 832 876 totam
855 838 1073 877 Ecclesiam
1097 839 1359 878 Christianam
1384 840 1423 878 in
1452 841 1749 879 antecedentem
1771 842 1968 880 Psalmum
1983 842 2151 881 ostendi-

204 900 290 926 mus
312 901 393 927 non
417 889 491 927 alia
518 889 668 928 ratione
696 891 914 930 Ecclesiam
946 904 1044 942 esse,
1066 894 1183 941 quam
1212 892 1396 943 singulari
1422 893 1489 933 illa
1516 893 1704 932 relatione
1720 893 1839 944 ipsius
1855 894 2151 934 &ordinatione

204 942 253 980 ad
282 943 432 993 Deum,
471 953 548 992 qua
577 942 824 983 ordinatione
852 945 895 983 fit
922 944 1116 984 vnctionis
1141 945 1241 985 illius
1270 947 1444 985 salutaris
1473 946 1687 997 particeps,
1727 960 1775 985 ex
1803 959 1879 997 qua
1906 948 2084 998 procedit
2111 948 2149 987 in

209 994 382 1044 singulos
411 995 642 1034 omnimoda
668 997 904 1036 benedictio.

259 1048 335 1086 Sed
362 1048 452 1098 quia
479 1048 800 1089 benedictionum
829 1051 903 1089 Dei
930 1050 969 1089 in
998 1051 1217 1090 Ecclesiam
1244 1053 1363 1103 ipsius
1390 1054 1489 1092 ratio
1518 1060 1576 1092 est
1602 1053 1839 1103 huiusmodi,
1860 1060 1901 1091 vt
1924 1066 2004 1093 non
2021 1056 2146 1093 solum

207 1102 467 1140 communiter
507 1103 685 1153 corpori,
728 1104 799 1142 sed
841 1104 955 1142 etiam
984 1105 1227 1155 singulariter
1255 1106 1294 1144 in
1324 1106 1493 1158 singulas
1520 1113 1650 1157 partes
1677 1105 1911 1145 tribuantur:
1941 1111 2147 1158 propterea

206 1154 353 1204 optime
395 1156 590 1206 Propheta
618 1157 694 1195 hoc
723 1158 814 1196 loco
844 1157 1023 1196 ordinem
1053 1157 1171 1196 etiam
1200 1159 1367 1209 partium
1396 1160 1446 1198 ad
1475 1159 1798 1199 commoditatem
1826 1160 2148 1200 benedictionum

206 1208 278 1246 Dei
316 1211 351 1247 δε
389 1208 788 1249 communicationem
818 1211 1163 1250 demonstrandam
1191 1220 1414 1262 persecutus
1441 1220 1511 1253 est.
1566 1212 1737 1251 Partium
1766 1219 1895 1252 autem
1924 1214 1963 1252 in
1989 1214 2147 1253 homine

208 1260 305 1299 aliae
348 1268 435 1300 sunt
476 1262 650 1313 innatae,
691 1264 788 1302 aliae
830 1263 1057 1303 adiunctae:
1104 1265 1216 1313 Quae
1245 1267 1420 1316 innatae,
1461 1273 1527 1305 aut
1555 1273 1644 1305 sunt
1672 1266 1912 1305 necessariae
1939 1267 1989 1305 de
2016 1275 2150 1306 natura

211 1314 328 1364 illius,
357 1322 398 1353 vt
426 1322 564 1366 caput,
592 1323 659 1354 aut
687 1330 768 1355 non
798 1317 1057 1368 necessariae,
1086 1318 1156 1356 sed
1184 1319 1233 1357 de
1262 1327 1493 1359 ornamento
1521 1318 1686 1358 naturali
1714 1318 1836 1369 illius,
1866 1326 1907 1358 vt
1932 1320 2055 1359 barba
2082 1328 2150 1359 est.

206 1368 320 1415 Quae
350 1367 579 1419 adiunctae,
621 1369 715 1408 foris
744 1370 959 1409 adueniunt
986 1371 1037 1409 ad
1066 1372 1390 1411 commoditatem
1419 1372 1540 1423 illius,
1581 1380 1622 1411 vt
1649 1372 1882 1411 vestimenta
1910 1381 2022 1412 sunt:
2052 1387 2151 1423 quae

205 1422 313 1459 Deus
354 1420 504 1460 homini
533 1422 786 1461 sanctificauit
813 1424 863 1462 ad
893 1437 1004 1462 vsum
1032 1424 1170 1475 ipsius,
1213 1439 1260 1464 ex
1289 1437 1368 1476 quo
1398 1426 1548 1476 peccati
1577 1425 1814 1465 conscientia
1843 1425 1996 1465 erubuit
2023 1427 2151 1476 miser,

206 1476 241 1513 &
271 1474 501 1524 pudefactus
530 1482 587 1514 est
615 1475 789 1515 nuditate
818 1488 897 1515 sua.
921 1479 1052 1527 Atque
1073 1478 1146 1516 hae
1164 1490 1322 1528 quoque
1344 1487 1472 1529 partes
1487 1480 1704 1518 secundum
1719 1479 1914 1528 quandam
1930 1480 2149 1530 analogiam

206 1528 463 1566 obseruantur
490 1528 529 1566 in
558 1529 735 1567 Ecclesia
763 1530 858 1578 Dei,
896 1537 937 1568 vt
964 1543 1010 1569 eo
1039 1530 1087 1569 sit
1110 1531 1294 1570 illustrior
1321 1532 1567 1571 multiformis
1595 1532 1659 1570 illa
1687 1532 1763 1570 Dei
1791 1531 2001 1584 sapientia,
2031 1546 2147 1583 quam

205 1580 243 1618 in
273 1581 450 1620 Ecclesia
479 1593 546 1620 sua
560 1594 693 1621 coram
708 1581 878 1633 imperiis
894 1585 929 1622 δι
952 1584 1207 1634 potestatibus
1222 1585 1442 1636 explicauit.
1470 1586 1580 1625 Ordo
1597 1592 1653 1624 est
1668 1587 1819 1635 mem(f.
1838 1597 1856 1634 7
1864 1587 2094 1635 53)brorum
2108 1586 2147 1625 in

206 1633 385 1672 Ecclesia
412 1634 506 1672 Dei:
536 1635 632 1674 alius
660 1636 926 1685 superiorum,
955 1636 1051 1675 alius
1078 1638 1326 1690 inferiorum,
1356 1638 1448 1677 item
1477 1639 1573 1677 alius
1600 1637 1875 1688 pertinentium
1904 1639 1955 1678 ad
1983 1640 2149 1678 necessi-

207 1693 346 1736 tatem,
377 1687 472 1726 alius
499 1688 549 1726 ad
578 1695 758 1727 ornatum
785 1691 820 1728 &
848 1689 967 1728 decus
995 1689 1116 1741 illius,
1144 1698 1185 1729 vt
1216 1693 1431 1742 Apostolus
1459 1693 1508 1730 ad
1537 1691 1762 1731 Corinthios
1791 1691 1909 1730 docet
1924 1703 1960 1731 C.
1980 1706 2039 1730 12.
2056 1707 2095 1734 ν.
2110 1706 2146 1740 4.

207 1739 307 1778 ordo
354 1748 410 1779 est
451 1744 653 1791 praeterea
693 1754 821 1781 rerum
862 1754 961 1793 quae
1003 1745 1214 1783 commode
1255 1745 1306 1783 ad
1332 1756 1445 1783 vsum
1474 1744 1675 1784 Ecclesiae
1703 1744 1954 1784 adhibentur:
1999 1757 2079 1795 quo
2109 1745 2147 1784 in

206 1804 369 1832 numero
412 1793 435 1843 ij
478 1801 567 1832 sunt
609 1795 658 1833 de
700 1795 841 1845 quibus
878 1796 916 1834 in
960 1797 1260 1846 praecedentem
1308 1800 1505 1836 Psalmum
1555 1797 1802 1848 dicebamus,
1845 1798 1911 1848 qui
1952 1811 2032 1837 non
2061 1807 2149 1837 sunt

209 1846 368 1896 quidem
411 1847 460 1885 de
488 1847 666 1886 Ecclesia
693 1848 786 1899 ipsi,
828 1849 897 1888 sed
925 1856 1058 1888 tamen
1087 1850 1287 1889 Ecclesiae
1315 1864 1397 1890 non
1424 1851 1742 1900 incommodant,
1784 1851 1877 1900 quin
1905 1851 2035 1901 potius
2062 1865 2148 1891 eam

207 1899 526 1939 circumuestiunt
552 1901 763 1940 commode
791 1902 842 1940 ad
868 1903 1032 1952 gloriam
1048 1903 1136 1942 Dei.
1152 1905 1364 1954 Propterea
1386 1905 1488 1943 enim
1503 1906 1637 1943 fratres
1651 1905 1701 1943 ab
1716 1904 1936 1944 amantibus
1950 1905 2150 1944 Ecclesiae

205 1952 259 1990 ibi
287 1951 459 1991 distincti
486 1961 595 2004 sunt,
638 1954 728 2004 quia
755 1954 861 1993 aliud
889 1963 946 1994 est
974 1956 1234 1996 domesticum
1263 1969 1365 2008 esse,
1407 1957 1512 1996 aliud
1542 1957 1713 1995 vicinum
1740 1958 1911 2007 bonum,
1956 1964 2021 1996 aut
2044 1961 2148 1997 certe

208 2005 366 2044 minime
392 2008 551 2046 malum.
594 2009 639 2045 In
668 2008 742 2046 hac
770 2008 885 2059 igitur
912 2021 1080 2059 persona
1107 2010 1155 2047 a]
1183 2021 1300 2059 quam
1328 2009 1496 2060 pertinet
1524 2009 1718 2049 vnctionis
1748 2009 1904 2049 diuinae
1931 2012 2147 2050 communi-

207 2058 310 2097 catio
355 2059 425 2097 tria
467 2061 564 2099 haec
607 2060 754 2110 optime
795 2063 948 2101 fuerunt
989 2061 1189 2101 distincta:
1233 2075 1376 2113 corpus
1404 2064 1466 2102 vel
1493 2063 1722 2102 vniuersitas
1751 2063 1972 2116 Ecclesiae,
1999 2064 2148 2115 singula

208 2113 384 2151 membra
426 2112 527 2164 eius,
570 2114 686 2152 etiam
728 2126 827 2164 quae
869 2128 950 2154 non
993 2116 1045 2154 ita
1073 2123 1163 2154 sunt
1190 2116 1240 2155 ad
1268 2116 1458 2155 rationem
1488 2116 1689 2155 Ecclesiae
1718 2116 1954 2169 necessaria,
1983 2118 2019 2155 &
2047 2128 2147 2168 quae

207 2164 299 2204 soris
327 2165 362 2203 ei
389 2165 574 2205 adiuncta
602 2174 703 2205 sunt.

259 2220 393 2256 Restat
420 2231 526 2257 nunc
553 2221 663 2258 locus
690 2220 842 2270 tertius,
884 2221 934 2260 de
963 2233 1033 2260 vsu
1061 2224 1097 2260 δι
1125 2222 1385 2272 applicatione
1414 2224 1472 2272 (vt
1499 2224 1658 2272 vocant)
1684 2222 1805 2261 diuini
1834 2222 1934 2261 illius
1962 2224 2146 2273 vnguenti

204 2272 255 2309 ad
297 2284 440 2322 corpus
481 2272 559 2311 hoc
600 2273 708 2323 quod
746 2275 867 2313 modo
892 2274 1278 2326 circumscripsimus.
1334 2277 1433 2314 Eam
1459 2275 1765 2326 applicationem
1794 2276 1988 2326 Propheta
2016 2277 2098 2315 fieri
2123 2279 2146 2314 a

204 2325 314 2375 Deo,
341 2326 447 2364 velut
475 2325 666 2376 principio
697 2326 824 2366 omnis
853 2327 949 2366 boni
975 2329 1102 2377 (quod
1130 2331 1219 2367 ante
1234 2327 1419 2378 diximus)
1435 2329 1623 2368 ordine&
1639 2330 1761 2368 modo
1777 2328 2144 2369 conuenientissimo

202 2378 456 2429 demonstrat,
485 2387 641 2418 seruato
671 2380 818 2419 decoro
847 2380 1126 2420 similitudinis:
1157 2383 1247 2420 cum
1276 2381 1329 2420 ait
1356 2382 1525 2432 primum
1554 2382 1713 2432 quidem
1741 2382 1995 2433 superfundi,
2019 2389 2145 2432 poste-

202 2436 302 2480 aque
331 2433 575 2481 superfusum
604 2434 824 2471 descendere
834 2446 850 2480 ,·
877 2433 1019 2472 deinde
1046 2436 1140 2472 vero
1169 2434 1349 2473 ordinem
1377 2435 1543 2485 partium
1571 2435 1753 2474 distincte
1780 2436 1976 2485 obseruat,
1998 2435 2146 2486 dicens,

202 2483 438 2534 superfundi
471 2487 610 2536 capiti,
647 2487 733 2524 inde
761 2488 800 2524 in
831 2488 990 2525 barbam
1019 2488 1257 2538 descendere,
1294 2501 1336 2526 ea·
1367 2501 1412 2526 ea
1441 2490 1596 2537 deferri
1628 2490 1684 2527 ad
1708 2502 1817 2526 oram
1846 2490 2145 2528 vestz'mentormn

204 2549 328 2586 vsqve.

255 2590 397 2628 Sensus
426 2590 540 2641 igitur
567 2599 642 2641 est,
673 2591 871 2631 neminem
895 2592 1096 2632 hominem
1118 2593 1158 2631 in
1176 2593 1355 2632 Ecclesia
1379 2607 1475 2644 esse,
1492 2593 1558 2644 qui
1573 2593 1840 2633 suauissimam
1856 2593 1962 2632 illam
1978 2594 2144 2632 θυωδίαν

204 2643 266 2679 vel
293 2643 440 2681 bonam
469 2645 718 2694 fragrantiam
748 2645 892 2684 Christi
919 2647 1045 2685 aDeo
1074 2648 1186 2685 Patre
1202 2647 1241 2685 in
1257 2647 1412 2686 Christo
1428 2659 1509 2685 non
1524 2646 1728 2698 percipiat:
1745 2647 1814 2686 sed
1829 2658 2144 2696 vnumquemque

204 2706 273 2733 suo
315 2695 451 2735 ordine
480 2698 514 2734 &
543 2698 634 2735 loco
663 2710 734 2747 pro
762 2698 949 2737 demenso
978 2699 1234 2738 donationum
1266 2699 1366 2739 eius:
1409 2712 1535 2749 neque
1562 2702 1712 2739 tantum
1739 2699 2009 2738 suauissimum
2033 2699 2142 2738 illum

207 2748 603 2800 amoenissimumque
644 2751 808 2791 odorem
850 2751 899 2791 ad
927 2764 1110 2803 germana
1137 2752 1336 2792 Ecclesiae
1365 2755 1539 2792 membra
1566 2753 1779 2804 pertinere,
1809 2752 2064 2811 verumetiam
2091 2753 2140 2791 ad

1993 2818 2140 2844 v1c1nos
