<?xml version="1.0" encoding="UTF-8"?>
<!DOCTYPE html PUBLIC "-//W3C//DTD XHTML 1.0 Transitional//EN"
    "http://www.w3.org/TR/xhtml1/DTD/xhtml1-transitional.dtd">
<html xmlns="http://www.w3.org/1999/xhtml" xml:lang="en" lang="en">
 <head>
  <title>
</title>
<meta http-equiv="Content-Type" content="text/html;charset=utf-8" />
  <meta name='ocr-system' content='tesseract 3.04.00' />
  <meta name='ocr-capabilities' content='ocr_page ocr_carea ocr_par ocr_line ocrx_word'/>
</head>
<body>
  <div class='ocr_page' id='page_1' title='image "./opusculatheologi00juni/opusculatheologi00juni_0018.png"; bbox 0 0 2334 3020; ppageno 0'>
   <div class='ocr_carea' id='block_1_1' title="bbox 337 88 1488 137">
    <p class='ocr_par' dir='ltr' id='par_1_1' title="bbox 337 88 1488 137">
     <span class='ocr_line' id='line_1_1' title="bbox 337 88 1488 137; baseline -0.004 -14"><span class='ocrx_word' id='word_1_1' title='bbox 337 106 419 137; x_wconf 70' lang='lat' dir='ltr'>vm</span> <span class='ocrx_word' id='word_1_2' title='bbox 1095 88 1488 121; x_wconf 82' lang='lat' dir='ltr'><strong>PRAEFATIO.</strong></span> 
     </span>
    </p>
   </div>
   <div class='ocr_carea' id='block_1_2' title="bbox 333 203 2325 2791">
    <p class='ocr_par' dir='ltr' id='par_1_2' title="bbox 333 203 2264 1589">
     <span class='ocr_line' id='line_1_2' title="bbox 337 203 2252 270; baseline -0.008 -9"><span class='ocrx_word' id='word_1_3' title='bbox 337 218 490 260; x_wconf 88' lang='lat' dir='ltr'>nostris</span> <span class='ocrx_word' id='word_1_4' title='bbox 520 213 815 270; x_wconf 90' lang='lat' dir='ltr'>cupientibus,</span> <span class='ocrx_word' id='word_1_5' title='bbox 845 209 929 251; x_wconf 89' lang='lat' dir='ltr'>hoc</span> <span class='ocrx_word' id='word_1_6' title='bbox 960 208 1003 248; x_wconf 88' lang='lat' dir='ltr'>in</span> <span class='ocrx_word' id='word_1_7' title='bbox 1029 205 1178 260; x_wconf 89' lang='lat' dir='ltr'>paucis</span> <span class='ocrx_word' id='word_1_8' title='bbox 1201 203 1359 245; x_wconf 89' lang='lat' dir='ltr'>invicte</span> <span class='ocrx_word' id='word_1_9' title='bbox 1381 214 1636 256; x_wconf 88' lang='lat' dir='ltr'>persuasum</span> <span class='ocrx_word' id='word_1_10' title='bbox 1659 207 1738 252; x_wconf 89' lang='lat' dir='ltr'>est,</span> <span class='ocrx_word' id='word_1_11' title='bbox 1771 216 2012 256; x_wconf 81' lang='lat' dir='ltr'><strong>numquam</strong></span> <span class='ocrx_word' id='word_1_12' title='bbox 2039 203 2252 246; x_wconf 90' lang='lat' dir='ltr'>tumidum</span> 
     </span>
     <span class='ocr_line' id='line_1_3' title="bbox 334 262 2252 321; baseline -0.008 0"><span class='ocrx_word' id='word_1_13' title='bbox 334 275 614 321; x_wconf 89' lang='lat' dir='ltr'>rationalismi</span> <span class='ocrx_word' id='word_1_14' title='bbox 644 278 896 320; x_wconf 82' lang='lat' dir='ltr'>torrentem,</span> <span class='ocrx_word' id='word_1_15' title='bbox 928 267 1001 320; x_wconf 92' lang='lat' dir='ltr'>qui</span> <span class='ocrx_word' id='word_1_16' title='bbox 1032 279 1109 319; x_wconf 90' lang='lat' dir='ltr'>per</span> <span class='ocrx_word' id='word_1_17' title='bbox 1139 270 1205 306; x_wconf 92' lang='lat' dir='ltr'>tot</span> <span class='ocrx_word' id='word_1_18' title='bbox 1237 265 1324 304; x_wconf 90' lang='lat' dir='ltr'>iam</span> <span class='ocrx_word' id='word_1_19' title='bbox 1350 275 1490 304; x_wconf 88' lang='lat' dir='ltr'>annos</span> <span class='ocrx_word' id='word_1_20' title='bbox 1524 268 1619 304; x_wconf 82' lang='lat' dir='ltr'>sata</span> <span class='ocrx_word' id='word_1_21' title='bbox 1647 262 1766 304; x_wconf 89' lang='lat' dir='ltr'>laeta</span> <span class='ocrx_word' id='word_1_22' title='bbox 1781 263 1991 304; x_wconf 91' lang='lat' dir='ltr'>ecclesiae</span> <span class='ocrx_word' id='word_1_23' title='bbox 2006 270 2252 318; x_wconf 88' lang='lat' dir='ltr'>pastorum-</span> 
     </span>
     <span class='ocr_line' id='line_1_4' title="bbox 333 322 2253 394; baseline -0.007 -14"><span class='ocrx_word' id='word_1_24' title='bbox 333 353 415 394; x_wconf 90' lang='lat' dir='ltr'>que</span> <span class='ocrx_word' id='word_1_25' title='bbox 445 338 616 379; x_wconf 90' lang='lat' dir='ltr'>labores</span> <span class='ocrx_word' id='word_1_26' title='bbox 647 334 817 384; x_wconf 87' lang='lat' dir='ltr'>stravit,</span> <span class='ocrx_word' id='word_1_27' title='bbox 850 327 1033 372; x_wconf 75' lang='lat' dir='ltr'>coerceri</span> <span class='ocrx_word' id='word_1_28' title='bbox 1068 338 1196 379; x_wconf 88' lang='lat' dir='ltr'>posse</span> <span class='ocrx_word' id='word_1_29' title='bbox 1227 330 1303 365; x_wconf 91' lang='lat' dir='ltr'>aut</span> <span class='ocrx_word' id='word_1_30' title='bbox 1330 322 1592 377; x_wconf 89' lang='lat' dir='ltr'>perdomari,</span> <span class='ocrx_word' id='word_1_31' title='bbox 1617 323 1697 363; x_wconf 88' lang='lat' dir='ltr'>nisi</span> <span class='ocrx_word' id='word_1_32' title='bbox 1721 323 1812 364; x_wconf 91' lang='lat' dir='ltr'>iure</span> <span class='ocrx_word' id='word_1_33' title='bbox 1836 323 2088 378; x_wconf 89' lang='lat' dir='ltr'>postliminii</span> <span class='ocrx_word' id='word_1_34' title='bbox 2106 329 2253 379; x_wconf 88' lang='lat' dir='ltr'>spreta</span> 
     </span>
     <span class='ocr_line' id='line_1_5' title="bbox 334 383 2253 450; baseline -0.008 -9"><span class='ocrx_word' id='word_1_35' title='bbox 334 400 496 442; x_wconf 91' lang='lat' dir='ltr'>dudum</span> <span class='ocrx_word' id='word_1_36' title='bbox 538 407 797 450; x_wconf 89' lang='lat' dir='ltr'>proavorum</span> <span class='ocrx_word' id='word_1_37' title='bbox 839 387 1051 431; x_wconf 89' lang='lat' dir='ltr'>confessio</span> <span class='ocrx_word' id='word_1_38' title='bbox 1092 385 1147 426; x_wconf 93' lang='lat' dir='ltr'>ad</span> <span class='ocrx_word' id='word_1_39' title='bbox 1179 398 1227 425; x_wconf 87' lang='lat' dir='ltr'>os</span> <span class='ocrx_word' id='word_1_40' title='bbox 1258 398 1282 425; x_wconf 90' lang='lat' dir='ltr'>e</span> <span class='ocrx_word' id='word_1_41' title='bbox 1324 385 1454 425; x_wconf 90' lang='lat' dir='ltr'>corde</span> <span class='ocrx_word' id='word_1_42' title='bbox 1487 384 1660 435; x_wconf 91' lang='lat' dir='ltr'>redeat,</span> <span class='ocrx_word' id='word_1_43' title='bbox 1700 384 1829 438; x_wconf 92' lang='lat' dir='ltr'>inque</span> <span class='ocrx_word' id='word_1_44' title='bbox 1860 383 2036 438; x_wconf 90' lang='lat' dir='ltr'>templis</span> <span class='ocrx_word' id='word_1_45' title='bbox 2067 398 2092 426; x_wconf 93' lang='lat' dir='ltr'>e</span> <span class='ocrx_word' id='word_1_46' title='bbox 2125 384 2253 427; x_wconf 86' lang='lat' dir='ltr'>labiis</span> 
     </span>
     <span class='ocr_line' id='line_1_6' title="bbox 335 443 2254 500; baseline -0.008 0"><span class='ocrx_word' id='word_1_47' title='bbox 335 459 626 500; x_wconf 89' lang='lat' dir='ltr'>ministrorum</span> <span class='ocrx_word' id='word_1_48' title='bbox 668 455 950 496; x_wconf 89' lang='lat' dir='ltr'>circumtonet</span> <span class='ocrx_word' id='word_1_49' title='bbox 991 449 1143 489; x_wconf 87' lang='lat' dir='ltr'>iterum</span> <span class='ocrx_word' id='word_1_50' title='bbox 1175 445 1455 493; x_wconf 79' lang='lat' dir='ltr'>intaminata,</span> <span class='ocrx_word' id='word_1_51' title='bbox 1483 457 1617 497; x_wconf 90' lang='lat' dir='ltr'>quam</span> <span class='ocrx_word' id='word_1_52' title='bbox 1649 445 1693 484; x_wconf 90' lang='lat' dir='ltr'>in</span> <span class='ocrx_word' id='word_1_53' title='bbox 1728 443 1977 498; x_wconf 88' lang='lat' dir='ltr'>Scripturae</span> <span class='ocrx_word' id='word_1_54' title='bbox 2004 445 2116 486; x_wconf 92' lang='lat' dir='ltr'>atrio</span> <span class='ocrx_word' id='word_1_55' title='bbox 2150 445 2254 486; x_wconf 91' lang='lat' dir='ltr'>olim</span> 
     </span>
     <span class='ocr_line' id='line_1_7' title="bbox 335 503 2256 574; baseline -0.007 -14"><span class='ocrx_word' id='word_1_56' title='bbox 335 518 485 574; x_wconf 78' lang='lat' dir='ltr'>proavi</span> <span class='ocrx_word' id='word_1_57' title='bbox 532 517 806 569; x_wconf 84' lang='lat' dir='ltr'>exciperant,</span> <span class='ocrx_word' id='word_1_58' title='bbox 853 509 989 552; x_wconf 89' lang='lat' dir='ltr'>dulcis</span> <span class='ocrx_word' id='word_1_59' title='bbox 1029 519 1167 560; x_wconf 88' lang='lat' dir='ltr'>aeque</span> <span class='ocrx_word' id='word_1_60' title='bbox 1206 511 1335 559; x_wconf 91' lang='lat' dir='ltr'>atque</span> <span class='ocrx_word' id='word_1_61' title='bbox 1367 503 1551 545; x_wconf 82' lang='lat' dir='ltr'>acerbae</span> <span class='ocrx_word' id='word_1_62' title='bbox 1583 517 1692 558; x_wconf 87' lang='lat' dir='ltr'>pura</span> <span class='ocrx_word' id='word_1_63' title='bbox 1723 505 1914 546; x_wconf 90' lang='lat' dir='ltr'>veritatis</span> <span class='ocrx_word' id='word_1_64' title='bbox 1940 518 2044 547; x_wconf 92' lang='lat' dir='ltr'>vox.</span> <span class='ocrx_word' id='word_1_65' title='bbox 2087 505 2256 547; x_wconf 88' lang='lat' dir='ltr'>Indicia</span> 
     </span>
     <span class='ocr_line' id='line_1_8' title="bbox 337 564 2256 620; baseline -0.007 0"><span class='ocrx_word' id='word_1_66' title='bbox 337 580 462 620; x_wconf 88' lang='lat' dir='ltr'>huius</span> <span class='ocrx_word' id='word_1_67' title='bbox 498 589 638 618; x_wconf 88' lang='lat' dir='ltr'>rerum</span> <span class='ocrx_word' id='word_1_68' title='bbox 678 571 965 615; x_wconf 82' lang='lat' dir='ltr'>conversionis</span> <span class='ocrx_word' id='word_1_69' title='bbox 997 567 1287 620; x_wconf 82' lang='lat' dir='ltr'>undequaque</span> <span class='ocrx_word' id='word_1_70' title='bbox 1320 564 1525 619; x_wconf 76' lang='lat' dir='ltr'>colligas!</span> <span class='ocrx_word' id='word_1_71' title='bbox 1574 564 1773 607; x_wconf 87' lang='lat' dir='ltr'>Prostant</span> <span class='ocrx_word' id='word_1_72' title='bbox 1805 566 1847 606; x_wconf 91' lang='lat' dir='ltr'>in</span> <span class='ocrx_word' id='word_1_73' title='bbox 1881 565 2074 607; x_wconf 89' lang='lat' dir='ltr'>ecclesiis</span> <span class='ocrx_word' id='word_1_74' title='bbox 2107 564 2256 607; x_wconf 89' lang='lat' dir='ltr'>liberis</span> 
     </span>
     <span class='ocr_line' id='line_1_9' title="bbox 336 624 2256 689; baseline -0.007 -9"><span class='ocrx_word' id='word_1_75' title='bbox 336 641 397 680; x_wconf 84' lang='lat' dir='ltr'>sic</span> <span class='ocrx_word' id='word_1_76' title='bbox 427 638 574 688; x_wconf 90' lang='lat' dir='ltr'>dictis,</span> <span class='ocrx_word' id='word_1_77' title='bbox 605 648 714 689; x_wconf 87' lang='lat' dir='ltr'>quas</span> <span class='ocrx_word' id='word_1_78' title='bbox 738 634 872 674; x_wconf 90' lang='lat' dir='ltr'>laetas</span> <span class='ocrx_word' id='word_1_79' title='bbox 904 629 1059 683; x_wconf 82' lang='lat' dir='ltr'>aspicit</span> <span class='ocrx_word' id='word_1_80' title='bbox 1089 626 1308 675; x_wconf 90' lang='lat' dir='ltr'>Helvetia,</span> <span class='ocrx_word' id='word_1_81' title='bbox 1341 625 1496 676; x_wconf 87' lang='lat' dir='ltr'>Gallia,</span> <span class='ocrx_word' id='word_1_82' title='bbox 1525 624 1690 678; x_wconf 89' lang='lat' dir='ltr'>Belgia.</span> <span class='ocrx_word' id='word_1_83' title='bbox 1720 624 1864 667; x_wconf 85' lang='lat' dir='ltr'>Obvia</span> <span class='ocrx_word' id='word_1_84' title='bbox 1881 627 2044 667; x_wconf 90' lang='lat' dir='ltr'>suntin</span> <span class='ocrx_word' id='word_1_85' title='bbox 2061 625 2256 668; x_wconf 90' lang='lat' dir='ltr'>ecclesiis</span> 
     </span>
     <span class='ocr_line' id='line_1_10' title="bbox 336 685 2256 753; baseline -0.007 -13"><span class='ocrx_word' id='word_1_86' title='bbox 336 699 566 753; x_wconf 89' lang='lat' dir='ltr'>separatis,</span> <span class='ocrx_word' id='word_1_87' title='bbox 599 708 711 749; x_wconf 90' lang='lat' dir='ltr'>quae</span> <span class='ocrx_word' id='word_1_88' title='bbox 749 692 889 734; x_wconf 92' lang='lat' dir='ltr'>solido</span> <span class='ocrx_word' id='word_1_89' title='bbox 926 690 1131 742; x_wconf 80' lang='lat' dir='ltr'>antiquae</span> <span class='ocrx_word' id='word_1_90' title='bbox 1163 687 1442 728; x_wconf 85' lang='lat' dir='ltr'>confessionis</span> <span class='ocrx_word' id='word_1_91' title='bbox 1478 685 1765 727; x_wconf 88' lang='lat' dir='ltr'>fundamento</span> <span class='ocrx_word' id='word_1_92' title='bbox 1791 687 2045 737; x_wconf 86' lang='lat' dir='ltr'>innituntur,</span> <span class='ocrx_word' id='word_1_93' title='bbox 2079 699 2182 728; x_wconf 89' lang='lat' dir='ltr'>curn</span> <span class='ocrx_word' id='word_1_94' title='bbox 2213 685 2256 727; x_wconf 90' lang='lat' dir='ltr'>in</span> 
     </span>
     <span class='ocr_line' id='line_1_11' title="bbox 335 745 2256 808; baseline -0.006 -7"><span class='ocrx_word' id='word_1_95' title='bbox 335 758 501 807; x_wconf 86' lang='lat' dir='ltr'>Scotia,</span> <span class='ocrx_word' id='word_1_96' title='bbox 533 764 624 798; x_wconf 90' lang='lat' dir='ltr'>tum</span> <span class='ocrx_word' id='word_1_97' title='bbox 655 753 772 808; x_wconf 89' lang='lat' dir='ltr'>apud</span> <span class='ocrx_word' id='word_1_98' title='bbox 802 757 1026 794; x_wconf 76' lang='lat' dir='ltr'>nostrates,</span> <span class='ocrx_word' id='word_1_99' title='bbox 1063 747 1174 789; x_wconf 87' lang='lat' dir='ltr'>Sunt</span> <span class='ocrx_word' id='word_1_100' title='bbox 1197 747 1358 788; x_wconf 88' lang='lat' dir='ltr'>indicio</span> <span class='ocrx_word' id='word_1_101' title='bbox 1384 745 1595 787; x_wconf 89' lang='lat' dir='ltr'>ecclesiae</span> <span class='ocrx_word' id='word_1_102' title='bbox 1619 746 1783 788; x_wconf 87' lang='lat' dir='ltr'>Frisiae</span> <span class='ocrx_word' id='word_1_103' title='bbox 1809 747 2028 789; x_wconf 86' lang='lat' dir='ltr'>orientalis</span> <span class='ocrx_word' id='word_1_104' title='bbox 2054 753 2099 790; x_wconf 92' lang='lat' dir='ltr'>et</span> <span class='ocrx_word' id='word_1_105' title='bbox 2125 746 2256 789; x_wconf 88' lang='lat' dir='ltr'>Bent-</span> 
     </span>
     <span class='ocr_line' id='line_1_12' title="bbox 334 805 2256 865; baseline -0.006 -5"><span class='ocrx_word' id='word_1_106' title='bbox 334 819 466 860; x_wconf 89' lang='lat' dir='ltr'>hemii</span> <span class='ocrx_word' id='word_1_107' title='bbox 495 816 735 864; x_wconf 78' lang='lat' dir='ltr'>comitatus,</span> <span class='ocrx_word' id='word_1_108' title='bbox 776 818 823 854; x_wconf 94' lang='lat' dir='ltr'>ut</span> <span class='ocrx_word' id='word_1_109' title='bbox 856 818 900 854; x_wconf 92' lang='lat' dir='ltr'>et</span> <span class='ocrx_word' id='word_1_110' title='bbox 931 809 1135 854; x_wconf 91' lang='lat' dir='ltr'>ecclesiae</span> <span class='ocrx_word' id='word_1_111' title='bbox 1165 808 1240 865; x_wconf 79' lang='grc' dir='ltr'>τῆς</span> <span class='ocrx_word' id='word_1_112' title='bbox 1272 807 1516 864; x_wconf 76' lang='grc' dir='ltr'><em>διασπορᾶς</em></span> <span class='ocrx_word' id='word_1_113' title='bbox 1542 806 1587 846; x_wconf 90' lang='lat' dir='ltr'>in</span> <span class='ocrx_word' id='word_1_114' title='bbox 1622 805 1880 858; x_wconf 81' lang='lat' dir='ltr'>Germania,</span> <span class='ocrx_word' id='word_1_115' title='bbox 1918 821 1970 849; x_wconf 91' lang='lat' dir='ltr'>ea</span> <span class='ocrx_word' id='word_1_116' title='bbox 2000 807 2256 862; x_wconf 86' lang='lat' dir='ltr'>praesertim</span> 
     </span>
     <span class='ocr_line' id='line_1_13' title="bbox 335 866 2258 932; baseline -0.007 -12"><span class='ocrx_word' id='word_1_117' title='bbox 335 892 468 932; x_wconf 91' lang='lat' dir='ltr'>quam</span> <span class='ocrx_word' id='word_1_118' title='bbox 509 876 623 931; x_wconf 90' lang='lat' dir='ltr'>apud</span> <span class='ocrx_word' id='word_1_119' title='bbox 664 872 1010 915; x_wconf 87' lang='lat' dir='ltr'>Elberfeldenses</span> <span class='ocrx_word' id='word_1_120' title='bbox 1051 869 1245 910; x_wconf 87' lang='lat' dir='ltr'>condidit</span> <span class='ocrx_word' id='word_1_121' title='bbox 1286 869 1383 921; x_wconf 90' lang='lat' dir='ltr'>piae</span> <span class='ocrx_word' id='word_1_122' title='bbox 1417 867 1657 908; x_wconf 87' lang='lat' dir='ltr'>memoriae</span> <span class='ocrx_word' id='word_1_123' title='bbox 1684 867 2081 921; x_wconf 89' lang='lat' dir='ltr'>praestantissimus</span> <span class='ocrx_word' id='word_1_124' title='bbox 2115 866 2258 909; x_wconf 92' lang='lat' dir='ltr'>Kohl-</span> 
     </span>
     <span class='ocr_line' id='line_1_14' title="bbox 334 927 2259 992; baseline -0.006 -12"><span class='ocrx_word' id='word_1_125' title='bbox 334 938 553 992; x_wconf 80' lang='lat' dir='ltr'>bruggiuS.</span> <span class='ocrx_word' id='word_1_126' title='bbox 595 934 706 976; x_wconf 88' lang='lat' dir='ltr'>Sunt</span> <span class='ocrx_word' id='word_1_127' title='bbox 737 939 991 988; x_wconf 89' lang='lat' dir='ltr'>argumento</span> <span class='ocrx_word' id='word_1_128' title='bbox 1019 929 1200 971; x_wconf 84' lang='lat' dir='ltr'>ecclesia</span> <span class='ocrx_word' id='word_1_129' title='bbox 1231 928 1273 968; x_wconf 88' lang='lat' dir='ltr'>in</span> <span class='ocrx_word' id='word_1_130' title='bbox 1305 927 1518 982; x_wconf 88' lang='lat' dir='ltr'>Ungaria,</span> <span class='ocrx_word' id='word_1_131' title='bbox 1552 927 1595 967; x_wconf 92' lang='lat' dir='ltr'>in</span> <span class='ocrx_word' id='word_1_132' title='bbox 1622 927 1838 969; x_wconf 90' lang='lat' dir='ltr'>Bohemia</span> <span class='ocrx_word' id='word_1_133' title='bbox 1869 928 2120 982; x_wconf 89' lang='lat' dir='ltr'>cumprimis</span> <span class='ocrx_word' id='word_1_134' title='bbox 2147 941 2259 983; x_wconf 88' lang='lat' dir='ltr'>quae</span> 
     </span>
     <span class='ocr_line' id='line_1_15' title="bbox 338 987 2258 1053; baseline -0.005 -14"><span class='ocrx_word' id='word_1_135' title='bbox 338 1012 474 1053; x_wconf 88' lang='lat' dir='ltr'>nuper</span> <span class='ocrx_word' id='word_1_136' title='bbox 506 997 673 1050; x_wconf 83' lang='lat' dir='ltr'>insigne</span> <span class='ocrx_word' id='word_1_137' title='bbox 703 994 964 1035; x_wconf 82' lang='lat' dir='ltr'>liberationis</span> <span class='ocrx_word' id='word_1_138' title='bbox 995 990 1152 1032; x_wconf 85' lang='lat' dir='ltr'>festum</span> <span class='ocrx_word' id='word_1_139' title='bbox 1182 988 1295 1029; x_wconf 87' lang='lat' dir='ltr'>laete</span> <span class='ocrx_word' id='word_1_140' title='bbox 1326 1001 1380 1028; x_wconf 90' lang='lat' dir='ltr'>ac</span> <span class='ocrx_word' id='word_1_141' title='bbox 1411 987 1662 1029; x_wconf 88' lang='lat' dir='ltr'>solemniter</span> <span class='ocrx_word' id='word_1_142' title='bbox 1693 987 1944 1029; x_wconf 89' lang='lat' dir='ltr'>celebravit.</span> <span class='ocrx_word' id='word_1_143' title='bbox 1977 988 2258 1042; x_wconf 90' lang='lat' dir='ltr'>Argumento</span> 
     </span>
     <span class='ocr_line' id='line_1_16' title="bbox 338 1048 2258 1113; baseline -0.005 -14"><span class='ocrx_word' id='word_1_144' title='bbox 338 1060 473 1113; x_wconf 84' lang='lat' dir='ltr'>magis</span> <span class='ocrx_word' id='word_1_145' title='bbox 503 1058 632 1098; x_wconf 89' lang='lat' dir='ltr'>etiam</span> <span class='ocrx_word' id='word_1_146' title='bbox 663 1054 892 1096; x_wconf 90' lang='lat' dir='ltr'>concilium</span> <span class='ocrx_word' id='word_1_147' title='bbox 924 1051 1200 1094; x_wconf 88' lang='lat' dir='ltr'>ecclesiarum</span> <span class='ocrx_word' id='word_1_148' title='bbox 1227 1048 1528 1102; x_wconf 85' lang='lat' dir='ltr'>presbyteriali</span> <span class='ocrx_word' id='word_1_149' title='bbox 1546 1048 1755 1102; x_wconf 88' lang='lat' dir='ltr'>regimine</span> <span class='ocrx_word' id='word_1_150' title='bbox 1782 1048 2097 1102; x_wconf 84' lang='lat' dir='ltr'>gaudentium,</span> <span class='ocrx_word' id='word_1_151' title='bbox 2125 1048 2258 1102; x_wconf 89' lang='lat' dir='ltr'>quod,</span> 
     </span>
     <span class='ocr_line' id='line_1_17' title="bbox 337 1108 2262 1166; baseline -0.006 -7"><span class='ocrx_word' id='word_1_152' title='bbox 337 1120 403 1160; x_wconf 90' lang='lat' dir='ltr'>bis</span> <span class='ocrx_word' id='word_1_153' title='bbox 444 1120 529 1158; x_wconf 92' lang='lat' dir='ltr'>iam</span> <span class='ocrx_word' id='word_1_154' title='bbox 565 1122 784 1166; x_wconf 88' lang='lat' dir='ltr'>coactum,</span> <span class='ocrx_word' id='word_1_155' title='bbox 827 1128 932 1154; x_wconf 92' lang='lat' dir='ltr'>mox</span> <span class='ocrx_word' id='word_1_156' title='bbox 963 1114 1051 1154; x_wconf 91' lang='lat' dir='ltr'>iam</span> <span class='ocrx_word' id='word_1_157' title='bbox 1086 1111 1259 1152; x_wconf 89' lang='lat' dir='ltr'>tertium</span> <span class='ocrx_word' id='word_1_158' title='bbox 1297 1109 1341 1149; x_wconf 92' lang='lat' dir='ltr'>in</span> <span class='ocrx_word' id='word_1_159' title='bbox 1381 1108 1570 1150; x_wconf 73' lang='lat' dir='ltr'>Islandia</span> <span class='ocrx_word' id='word_1_160' title='bbox 1605 1109 1856 1160; x_wconf 90' lang='lat' dir='ltr'>conveniet,</span> <span class='ocrx_word' id='word_1_161' title='bbox 1903 1114 1947 1150; x_wconf 94' lang='lat' dir='ltr'>et</span> <span class='ocrx_word' id='word_1_162' title='bbox 1980 1122 2069 1149; x_wconf 93' lang='lat' dir='ltr'>non</span> <span class='ocrx_word' id='word_1_163' title='bbox 2101 1109 2262 1162; x_wconf 89' lang='lat' dir='ltr'>poterit</span> 
     </span>
     <span class='ocr_line' id='line_1_18' title="bbox 338 1168 2264 1227; baseline -0.006 -7"><span class='ocrx_word' id='word_1_164' title='bbox 338 1192 426 1220; x_wconf 92' lang='lat' dir='ltr'>non</span> <span class='ocrx_word' id='word_1_165' title='bbox 461 1191 485 1219; x_wconf 91' lang='lat' dir='ltr'>e</span> <span class='ocrx_word' id='word_1_166' title='bbox 513 1177 641 1219; x_wconf 93' lang='lat' dir='ltr'>debili</span> <span class='ocrx_word' id='word_1_167' title='bbox 681 1181 882 1216; x_wconf 87' lang='lat' dir='ltr'>externae</span> <span class='ocrx_word' id='word_1_168' title='bbox 924 1172 1099 1227; x_wconf 89' lang='lat' dir='ltr'>politiae</span> <span class='ocrx_word' id='word_1_169' title='bbox 1143 1169 1444 1212; x_wconf 87' lang='lat' dir='ltr'>convenientia</span> <span class='ocrx_word' id='word_1_170' title='bbox 1487 1168 1607 1210; x_wconf 89' lang='lat' dir='ltr'>brevi</span> <span class='ocrx_word' id='word_1_171' title='bbox 1643 1170 1700 1210; x_wconf 93' lang='lat' dir='ltr'>ad</span> <span class='ocrx_word' id='word_1_172' title='bbox 1732 1169 2001 1211; x_wconf 89' lang='lat' dir='ltr'>stabiliorem</span> <span class='ocrx_word' id='word_1_173' title='bbox 2033 1168 2264 1223; x_wconf 88' lang='lat' dir='ltr'>spiritualis</span> 
     </span>
     <span class='ocr_line' id='line_1_19' title="bbox 337 1227 2263 1292; baseline -0.005 -13"><span class='ocrx_word' id='word_1_174' title='bbox 337 1237 609 1292; x_wconf 82' lang='lat' dir='ltr'>professionis</span> <span class='ocrx_word' id='word_1_175' title='bbox 654 1235 918 1277; x_wconf 85' lang='lat' dir='ltr'>adscendere</span> <span class='ocrx_word' id='word_1_176' title='bbox 961 1237 1232 1275; x_wconf 90' lang='lat' dir='ltr'>concentum.</span> <span class='ocrx_word' id='word_1_177' title='bbox 1310 1229 1588 1284; x_wconf 89' lang='lat' dir='ltr'>Argumento</span> <span class='ocrx_word' id='word_1_178' title='bbox 1631 1229 1844 1284; x_wconf 90' lang='lat' dir='ltr'>denique,</span> <span class='ocrx_word' id='word_1_179' title='bbox 1893 1229 1929 1270; x_wconf 90' lang='lat' dir='ltr'>si</span> <span class='ocrx_word' id='word_1_180' title='bbox 1971 1227 2057 1270; x_wconf 92' lang='lat' dir='ltr'>hoc</span> <span class='ocrx_word' id='word_1_181' title='bbox 2100 1230 2263 1271; x_wconf 91' lang='lat' dir='ltr'>addere</span> 
     </span>
     <span class='ocr_line' id='line_1_20' title="bbox 338 1290 2264 1348; baseline -0.005 -9"><span class='ocrx_word' id='word_1_182' title='bbox 338 1299 458 1348; x_wconf 89' lang='lat' dir='ltr'>licet,</span> <span class='ocrx_word' id='word_1_183' title='bbox 502 1311 610 1338; x_wconf 91' lang='lat' dir='ltr'>nova</span> <span class='ocrx_word' id='word_1_184' title='bbox 650 1296 783 1337; x_wconf 90' lang='lat' dir='ltr'>libera</span> <span class='ocrx_word' id='word_1_185' title='bbox 814 1295 1065 1336; x_wconf 87' lang='lat' dir='ltr'>universitas</span> <span class='ocrx_word' id='word_1_186' title='bbox 1105 1305 1236 1346; x_wconf 88' lang='lat' dir='ltr'>nuper</span> <span class='ocrx_word' id='word_1_187' title='bbox 1282 1291 1402 1344; x_wconf 90' lang='lat' dir='ltr'>apud</span> <span class='ocrx_word' id='word_1_188' title='bbox 1433 1290 1867 1332; x_wconf 88' lang='lat' dir='ltr'>Amstelodamenses</span> <span class='ocrx_word' id='word_1_189' title='bbox 1909 1290 2110 1339; x_wconf 93' lang='lat' dir='ltr'>condita,</span> <span class='ocrx_word' id='word_1_190' title='bbox 2151 1303 2264 1343; x_wconf 90' lang='lat' dir='ltr'>quae</span> 
     </span>
     <span class='ocr_line' id='line_1_21' title="bbox 342 1349 2262 1405; baseline -0.005 -5"><span class='ocrx_word' id='word_1_191' title='bbox 342 1359 616 1400; x_wconf 88' lang='lat' dir='ltr'>reformatum</span> <span class='ocrx_word' id='word_1_192' title='bbox 655 1356 806 1397; x_wconf 87' lang='lat' dir='ltr'>sortita</span> <span class='ocrx_word' id='word_1_193' title='bbox 846 1360 890 1396; x_wconf 87' lang='lat' dir='ltr'>et</span> <span class='ocrx_word' id='word_1_194' title='bbox 925 1353 1097 1396; x_wconf 89' lang='lat' dir='ltr'>titulum</span> <span class='ocrx_word' id='word_1_195' title='bbox 1136 1358 1179 1394; x_wconf 90' lang='lat' dir='ltr'>et</span> <span class='ocrx_word' id='word_1_196' title='bbox 1221 1351 1411 1392; x_wconf 90' lang='lat' dir='ltr'>indolem</span> <span class='ocrx_word' id='word_1_197' title='bbox 1450 1356 1493 1392; x_wconf 90' lang='lat' dir='ltr'>et</span> <span class='ocrx_word' id='word_1_198' title='bbox 1534 1350 1699 1405; x_wconf 88' lang='lat' dir='ltr'>legem,</span> <span class='ocrx_word' id='word_1_199' title='bbox 1743 1363 2002 1405; x_wconf 89' lang='lat' dir='ltr'>proavorum</span> <span class='ocrx_word' id='word_1_200' title='bbox 2032 1349 2262 1405; x_wconf 88' lang='lat' dir='ltr'>pellucidis</span> 
     </span>
     <span class='ocr_line' id='line_1_22' title="bbox 341 1408 2260 1466; baseline -0.005 -6"><span class='ocrx_word' id='word_1_201' title='bbox 341 1417 614 1461; x_wconf 89' lang='lat' dir='ltr'>adhaerendo</span> <span class='ocrx_word' id='word_1_202' title='bbox 645 1414 836 1457; x_wconf 87' lang='lat' dir='ltr'>formulis</span> <span class='ocrx_word' id='word_1_203' title='bbox 866 1422 959 1457; x_wconf 90' lang='lat' dir='ltr'>tam</span> <span class='ocrx_word' id='word_1_204' title='bbox 986 1415 1166 1454; x_wconf 89' lang='lat' dir='ltr'>immota</span> <span class='ocrx_word' id='word_1_205' title='bbox 1197 1425 1331 1465; x_wconf 91' lang='lat' dir='ltr'>quam</span> <span class='ocrx_word' id='word_1_206' title='bbox 1364 1411 1608 1452; x_wconf 87' lang='lat' dir='ltr'>immobilia</span> <span class='ocrx_word' id='word_1_207' title='bbox 1641 1411 1723 1452; x_wconf 90' lang='lat' dir='ltr'>sibi</span> <span class='ocrx_word' id='word_1_208' title='bbox 1755 1412 1899 1466; x_wconf 84' lang='lat' dir='ltr'>posuit</span> <span class='ocrx_word' id='word_1_209' title='bbox 1925 1409 2084 1452; x_wconf 88' lang='lat' dir='ltr'>Sacrae</span> <span class='ocrx_word' id='word_1_210' title='bbox 2115 1408 2260 1464; x_wconf 89' lang='lat' dir='ltr'>Scrip-</span> 
     </span>
     <span class='ocr_line' id='line_1_23' title="bbox 339 1470 2261 1526; baseline -0.005 -6"><span class='ocrx_word' id='word_1_211' title='bbox 339 1486 458 1521; x_wconf 90' lang='lat' dir='ltr'>turae</span> <span class='ocrx_word' id='word_1_212' title='bbox 485 1477 776 1526; x_wconf 89' lang='lat' dir='ltr'>fundamenta,</span> <span class='ocrx_word' id='word_1_213' title='bbox 809 1481 854 1517; x_wconf 93' lang='lat' dir='ltr'>et</span> <span class='ocrx_word' id='word_1_214' title='bbox 874 1475 993 1516; x_wconf 88' lang='lat' dir='ltr'>cuius</span> <span class='ocrx_word' id='word_1_215' title='bbox 1020 1473 1125 1515; x_wconf 93' lang='lat' dir='ltr'>ordo</span> <span class='ocrx_word' id='word_1_216' title='bbox 1146 1472 1454 1526; x_wconf 84' lang='lat' dir='ltr'>theologorum</span> <span class='ocrx_word' id='word_1_217' title='bbox 1470 1470 1750 1514; x_wconf 88' lang='lat' dir='ltr'>reformatam</span> <span class='ocrx_word' id='word_1_218' title='bbox 1767 1472 1895 1523; x_wconf 92' lang='lat' dir='ltr'>hanc,</span> <span class='ocrx_word' id='word_1_219' title='bbox 1924 1484 2058 1526; x_wconf 89' lang='lat' dir='ltr'>quam</span> <span class='ocrx_word' id='word_1_220' title='bbox 2074 1470 2261 1526; x_wconf 87' lang='lat' dir='ltr'>praefari</span> 
     </span>
     <span class='ocr_line' id='line_1_24' title="bbox 339 1533 1618 1589; baseline -0.005 -9"><span class='ocrx_word' id='word_1_221' title='bbox 339 1538 444 1580; x_wconf 89' lang='lat' dir='ltr'>mihi</span> <span class='ocrx_word' id='word_1_222' title='bbox 475 1538 562 1578; x_wconf 88' lang='lat' dir='ltr'>iam</span> <span class='ocrx_word' id='word_1_223' title='bbox 593 1536 817 1589; x_wconf 90' lang='lat' dir='ltr'>contingit,</span> <span class='ocrx_word' id='word_1_224' title='bbox 849 1534 1161 1577; x_wconf 88' lang='lat' dir='ltr'>bibliothecam</span> <span class='ocrx_word' id='word_1_225' title='bbox 1193 1533 1408 1575; x_wconf 91' lang='lat' dir='ltr'>edendam</span> <span class='ocrx_word' id='word_1_226' title='bbox 1440 1533 1618 1574; x_wconf 90' lang='lat' dir='ltr'>curavit.</span> 
     </span>
    </p>

    <p class='ocr_par' dir='ltr' id='par_1_3' title="bbox 337 1590 2325 2733">
     <span class='ocr_line' id='line_1_25' title="bbox 394 1590 2258 1651; baseline -0.004 -12"><span class='ocrx_word' id='word_1_227' title='bbox 394 1598 449 1640; x_wconf 91' lang='lat' dir='ltr'>V.</span> <span class='ocrx_word' id='word_1_228' title='bbox 503 1596 620 1651; x_wconf 78' lang='lat' dir='ltr'>Quid</span> <span class='ocrx_word' id='word_1_229' title='bbox 651 1596 706 1638; x_wconf 91' lang='lat' dir='ltr'>ad</span> <span class='ocrx_word' id='word_1_230' title='bbox 735 1596 822 1637; x_wconf 86' lang='lat' dir='ltr'>tale</span> <span class='ocrx_word' id='word_1_231' title='bbox 851 1595 1056 1636; x_wconf 90' lang='lat' dir='ltr'>molimen</span> <span class='ocrx_word' id='word_1_232' title='bbox 1087 1593 1230 1635; x_wconf 88' lang='lat' dir='ltr'>scolae</span> <span class='ocrx_word' id='word_1_233' title='bbox 1262 1600 1431 1634; x_wconf 90' lang='lat' dir='ltr'>nostrae</span> <span class='ocrx_word' id='word_1_234' title='bbox 1461 1591 1768 1648; x_wconf 85' lang='lat' dir='ltr'>theologorum</span> <span class='ocrx_word' id='word_1_235' title='bbox 1799 1592 1996 1635; x_wconf 89' lang='lat' dir='ltr'>ordinem</span> <span class='ocrx_word' id='word_1_236' title='bbox 2028 1590 2258 1646; x_wconf 89' lang='lat' dir='ltr'>impulerit,</span> 
     </span>
     <span class='ocr_line' id='line_1_26' title="bbox 339 1651 2262 1712; baseline -0.004 -13"><span class='ocrx_word' id='word_1_237' title='bbox 339 1657 460 1700; x_wconf 87' lang='lat' dir='ltr'>facile</span> <span class='ocrx_word' id='word_1_238' title='bbox 488 1657 750 1712; x_wconf 89' lang='lat' dir='ltr'>perspicitur.</span> <span class='ocrx_word' id='word_1_239' title='bbox 798 1656 1016 1698; x_wconf 89' lang='lat' dir='ltr'>Historiae</span> <span class='ocrx_word' id='word_1_240' title='bbox 1047 1654 1244 1696; x_wconf 88' lang='lat' dir='ltr'>semitam</span> <span class='ocrx_word' id='word_1_241' title='bbox 1275 1654 1424 1708; x_wconf 88' lang='lat' dir='ltr'>legens</span> <span class='ocrx_word' id='word_1_242' title='bbox 1456 1668 1535 1708; x_wconf 90' lang='lat' dir='ltr'>per</span> <span class='ocrx_word' id='word_1_243' title='bbox 1570 1653 1763 1696; x_wconf 88' lang='lat' dir='ltr'>tumulos</span> <span class='ocrx_word' id='word_1_244' title='bbox 1790 1654 1955 1696; x_wconf 85' lang='lat' dir='ltr'>incedis</span> <span class='ocrx_word' id='word_1_245' title='bbox 1982 1658 2025 1694; x_wconf 93' lang='lat' dir='ltr'>et</span> <span class='ocrx_word' id='word_1_246' title='bbox 2051 1651 2262 1706; x_wconf 89' lang='lat' dir='ltr'>sepulcra,</span> 
     </span>
     <span class='ocr_line' id='line_1_27' title="bbox 339 1711 2259 1770; baseline -0.004 -10"><span class='ocrx_word' id='word_1_247' title='bbox 339 1731 418 1760; x_wconf 90' lang='lat' dir='ltr'>nec</span> <span class='ocrx_word' id='word_1_248' title='bbox 447 1719 547 1760; x_wconf 77' lang='lat' dir='ltr'>viva</span> <span class='ocrx_word' id='word_1_249' title='bbox 577 1731 683 1759; x_wconf 91' lang='lat' dir='ltr'>voce</span> <span class='ocrx_word' id='word_1_250' title='bbox 712 1716 787 1758; x_wconf 86' lang='lat' dir='ltr'>sed</span> <span class='ocrx_word' id='word_1_251' title='bbox 818 1731 840 1757; x_wconf 89' lang='lat' dir='ltr'>e</span> <span class='ocrx_word' id='word_1_252' title='bbox 873 1716 1010 1770; x_wconf 89' lang='lat' dir='ltr'>cippis</span> <span class='ocrx_word' id='word_1_253' title='bbox 1040 1722 1083 1756; x_wconf 91' lang='lat' dir='ltr'>te</span> <span class='ocrx_word' id='word_1_254' title='bbox 1114 1715 1299 1755; x_wconf 90' lang='lat' dir='ltr'>maiores</span> <span class='ocrx_word' id='word_1_255' title='bbox 1332 1714 1628 1768; x_wconf 87' lang='lat' dir='ltr'>alloquuntur.</span> <span class='ocrx_word' id='word_1_256' title='bbox 1674 1715 1751 1757; x_wconf 90' lang='lat' dir='ltr'>Ad</span> <span class='ocrx_word' id='word_1_257' title='bbox 1784 1714 1992 1756; x_wconf 88' lang='lat' dir='ltr'>coelestia</span> <span class='ocrx_word' id='word_1_258' title='bbox 2018 1711 2259 1767; x_wconf 84' lang='lat' dir='ltr'>migraturi,</span> 
     </span>
     <span class='ocr_line' id='line_1_28' title="bbox 337 1773 2265 1830; baseline -0.003 -11"><span class='ocrx_word' id='word_1_259' title='bbox 337 1792 395 1820; x_wconf 88' lang='lat' dir='ltr'>ex</span> <span class='ocrx_word' id='word_1_260' title='bbox 433 1791 529 1819; x_wconf 88' lang='lat' dir='ltr'>asse</span> <span class='ocrx_word' id='word_1_261' title='bbox 562 1791 638 1818; x_wconf 90' lang='lat' dir='ltr'>nos</span> <span class='ocrx_word' id='word_1_262' title='bbox 668 1777 834 1818; x_wconf 90' lang='lat' dir='ltr'>scilicet</span> <span class='ocrx_word' id='word_1_263' title='bbox 867 1782 1009 1830; x_wconf 90' lang='lat' dir='ltr'>patres</span> <span class='ocrx_word' id='word_1_264' title='bbox 1040 1774 1247 1816; x_wconf 90' lang='lat' dir='ltr'>ecclesiae</span> <span class='ocrx_word' id='word_1_265' title='bbox 1278 1775 1555 1816; x_wconf 90' lang='lat' dir='ltr'>instituerunt</span> <span class='ocrx_word' id='word_1_266' title='bbox 1585 1775 1840 1829; x_wconf 89' lang='lat' dir='ltr'>ingentium,</span> <span class='ocrx_word' id='word_1_267' title='bbox 1874 1774 2032 1829; x_wconf 87' lang='lat' dir='ltr'>quibus</span> <span class='ocrx_word' id='word_1_268' title='bbox 2050 1773 2265 1815; x_wconf 89' lang='lat' dir='ltr'>ditaverat</span> 
     </span>
     <span class='ocr_line' id='line_1_29' title="bbox 339 1834 2264 1891; baseline -0.003 -12"><span class='ocrx_word' id='word_1_269' title='bbox 339 1852 412 1879; x_wconf 91' lang='lat' dir='ltr'>cos</span> <span class='ocrx_word' id='word_1_270' title='bbox 451 1838 588 1891; x_wconf 85' lang='lat' dir='ltr'>gratia</span> <span class='ocrx_word' id='word_1_271' title='bbox 632 1837 832 1888; x_wconf 89' lang='lat' dir='ltr'>Domini,</span> <span class='ocrx_word' id='word_1_272' title='bbox 879 1837 1126 1878; x_wconf 89' lang='lat' dir='ltr'>divitiarum</span> <span class='ocrx_word' id='word_1_273' title='bbox 1171 1835 1350 1876; x_wconf 90' lang='lat' dir='ltr'>heredes</span> <span class='ocrx_word' id='word_1_274' title='bbox 1398 1836 1608 1889; x_wconf 90' lang='lat' dir='ltr'>nobisque</span> <span class='ocrx_word' id='word_1_275' title='bbox 1656 1835 1757 1877; x_wconf 90' lang='lat' dir='ltr'>fidei</span> <span class='ocrx_word' id='word_1_276' title='bbox 1795 1849 1900 1877; x_wconf 90' lang='lat' dir='ltr'>suae</span> <span class='ocrx_word' id='word_1_277' title='bbox 1932 1840 2067 1888; x_wconf 89' lang='lat' dir='ltr'>atque</span> <span class='ocrx_word' id='word_1_278' title='bbox 2105 1834 2264 1875; x_wconf 89' lang='lat' dir='ltr'>doctae</span> 
     </span>
     <span class='ocr_line' id='line_1_30' title="bbox 338 1896 2262 1952; baseline -0.003 -13"><span class='ocrx_word' id='word_1_279' title='bbox 338 1897 679 1952; x_wconf 88' lang='lat' dir='ltr'>perseverantiae</span> <span class='ocrx_word' id='word_1_280' title='bbox 709 1903 755 1938; x_wconf 91' lang='lat' dir='ltr'>ut</span> <span class='ocrx_word' id='word_1_281' title='bbox 800 1903 843 1938; x_wconf 90' lang='lat' dir='ltr'>et</span> <span class='ocrx_word' id='word_1_282' title='bbox 873 1896 1115 1950; x_wconf 88' lang='lat' dir='ltr'>stupendae</span> <span class='ocrx_word' id='word_1_283' title='bbox 1147 1896 1399 1937; x_wconf 88' lang='lat' dir='ltr'>eruditionis</span> <span class='ocrx_word' id='word_1_284' title='bbox 1440 1896 1646 1950; x_wconf 91' lang='lat' dir='ltr'>perennia</span> <span class='ocrx_word' id='word_1_285' title='bbox 1677 1896 1933 1951; x_wconf 89' lang='lat' dir='ltr'>legaverunt</span> <span class='ocrx_word' id='word_1_286' title='bbox 1962 1899 2262 1944; x_wconf 86' lang='lat' dir='ltr'>monumenta,</span> 
     </span>
     <span class='ocr_line' id='line_1_31' title="bbox 339 1956 2268 2011; baseline -0.002 -13"><span class='ocrx_word' id='word_1_287' title='bbox 339 1971 362 1998; x_wconf 89' lang='lat' dir='ltr'>e</span> <span class='ocrx_word' id='word_1_288' title='bbox 409 1957 565 2011; x_wconf 91' lang='lat' dir='ltr'>quibus</span> <span class='ocrx_word' id='word_1_289' title='bbox 603 1957 743 1998; x_wconf 89' lang='lat' dir='ltr'>omnis</span> <span class='ocrx_word' id='word_1_290' title='bbox 788 1956 943 1998; x_wconf 91' lang='lat' dir='ltr'>dehinc</span> <span class='ocrx_word' id='word_1_291' title='bbox 988 1963 1111 1997; x_wconf 86' lang='lat' dir='ltr'>aetas</span> <span class='ocrx_word' id='word_1_292' title='bbox 1156 1957 1402 1997; x_wconf 88' lang='lat' dir='ltr'>etiamnunc</span> <span class='ocrx_word' id='word_1_293' title='bbox 1449 1956 1671 2010; x_wconf 84' lang='lat' dir='ltr'>exciperet</span> <span class='ocrx_word' id='word_1_294' title='bbox 1717 1956 1927 1998; x_wconf 90' lang='lat' dir='ltr'>eximium</span> <span class='ocrx_word' id='word_1_295' title='bbox 1970 1956 2101 2010; x_wconf 90' lang='lat' dir='ltr'>plane</span> <span class='ocrx_word' id='word_1_296' title='bbox 2133 1959 2268 2008; x_wconf 90' lang='lat' dir='ltr'>atque</span> 
     </span>
     <span class='ocr_line' id='line_1_32' title="bbox 339 2014 2269 2071; baseline -0.002 -13"><span class='ocrx_word' id='word_1_297' title='bbox 339 2017 534 2068; x_wconf 91' lang='lat' dir='ltr'>sublime,</span> <span class='ocrx_word' id='word_1_298' title='bbox 562 2031 647 2071; x_wconf 93' lang='lat' dir='ltr'>quo</span> <span class='ocrx_word' id='word_1_299' title='bbox 688 2016 832 2070; x_wconf 87' lang='lat' dir='ltr'>spirati</span> <span class='ocrx_word' id='word_1_300' title='bbox 864 2016 1054 2066; x_wconf 88' lang='lat' dir='ltr'>fuissent,</span> <span class='ocrx_word' id='word_1_301' title='bbox 1087 2017 1273 2069; x_wconf 87' lang='lat' dir='ltr'>genium.</span> <span class='ocrx_word' id='word_1_302' title='bbox 1327 2017 1411 2066; x_wconf 85' lang='lat' dir='ltr'>At,</span> <span class='ocrx_word' id='word_1_303' title='bbox 1444 2017 1524 2058; x_wconf 91' lang='lat' dir='ltr'>etsi</span> <span class='ocrx_word' id='word_1_304' title='bbox 1551 2017 1701 2058; x_wconf 89' lang='lat' dir='ltr'>illaesa</span> <span class='ocrx_word' id='word_1_305' title='bbox 1728 2023 1947 2070; x_wconf 91' lang='lat' dir='ltr'>utcunque</span> <span class='ocrx_word' id='word_1_306' title='bbox 1980 2022 2112 2069; x_wconf 90' lang='lat' dir='ltr'>atque</span> <span class='ocrx_word' id='word_1_307' title='bbox 2151 2014 2269 2055; x_wconf 90' lang='lat' dir='ltr'>inco-</span> 
     </span>
     <span class='ocr_line' id='line_1_33' title="bbox 339 2074 2268 2132; baseline -0.002 -15"><span class='ocrx_word' id='word_1_308' title='bbox 339 2077 471 2118; x_wconf 91' lang='lat' dir='ltr'>lumia</span> <span class='ocrx_word' id='word_1_309' title='bbox 503 2078 560 2119; x_wconf 91' lang='lat' dir='ltr'>ad</span> <span class='ocrx_word' id='word_1_310' title='bbox 591 2083 778 2118; x_wconf 89' lang='lat' dir='ltr'>aetatem</span> <span class='ocrx_word' id='word_1_311' title='bbox 810 2084 1000 2118; x_wconf 87' lang='lat' dir='ltr'>nostram</span> <span class='ocrx_word' id='word_1_312' title='bbox 1028 2077 1188 2117; x_wconf 91' lang='lat' dir='ltr'>eximia</span> <span class='ocrx_word' id='word_1_313' title='bbox 1205 2077 1375 2118; x_wconf 89' lang='lat' dir='ltr'>illorum</span> <span class='ocrx_word' id='word_1_314' title='bbox 1393 2078 1554 2131; x_wconf 87' lang='lat' dir='ltr'>scripta</span> <span class='ocrx_word' id='word_1_315' title='bbox 1572 2077 1627 2118; x_wconf 91' lang='lat' dir='ltr'>ad</span> <span class='ocrx_word' id='word_1_316' title='bbox 1646 2091 1724 2118; x_wconf 91' lang='lat' dir='ltr'>nos</span> <span class='ocrx_word' id='word_1_317' title='bbox 1742 2077 2032 2132; x_wconf 88' lang='lat' dir='ltr'>pervenerint,</span> <span class='ocrx_word' id='word_1_318' title='bbox 2061 2088 2202 2129; x_wconf 89' lang='lat' dir='ltr'>neque</span> <span class='ocrx_word' id='word_1_319' title='bbox 2225 2074 2268 2115; x_wconf 92' lang='lat' dir='ltr'>in</span> 
     </span>
     <span class='ocr_line' id='line_1_34' title="bbox 341 2136 2269 2191; baseline -0.002 -13"><span class='ocrx_word' id='word_1_320' title='bbox 341 2138 519 2178; x_wconf 88' lang='lat' dir='ltr'>corrosis</span> <span class='ocrx_word' id='word_1_321' title='bbox 552 2138 839 2178; x_wconf 87' lang='lat' dir='ltr'>monumentis</span> <span class='ocrx_word' id='word_1_322' title='bbox 870 2138 1122 2179; x_wconf 89' lang='lat' dir='ltr'>evanuerint</span> <span class='ocrx_word' id='word_1_323' title='bbox 1153 2138 1471 2191; x_wconf 87' lang='lat' dir='ltr'>inscriptiones,</span> <span class='ocrx_word' id='word_1_324' title='bbox 1516 2139 1636 2180; x_wconf 91' lang='lat' dir='ltr'>dolet</span> <span class='ocrx_word' id='word_1_325' title='bbox 1668 2145 1817 2179; x_wconf 88' lang='lat' dir='ltr'>tamen</span> <span class='ocrx_word' id='word_1_326' title='bbox 1852 2137 2036 2179; x_wconf 88' lang='lat' dir='ltr'>ecclesia</span> <span class='ocrx_word' id='word_1_327' title='bbox 2063 2136 2269 2189; x_wconf 87' lang='lat' dir='ltr'>exiguam</span> 
     </span>
     <span class='ocr_line' id='line_1_35' title="bbox 339 2194 2270 2252; baseline -0.002 -14"><span class='ocrx_word' id='word_1_328' title='bbox 339 2199 602 2252; x_wconf 89' lang='lat' dir='ltr'>paucitatem</span> <span class='ocrx_word' id='word_1_329' title='bbox 643 2197 972 2251; x_wconf 82' lang='lat' dir='ltr'>exemplarium,</span> <span class='ocrx_word' id='word_1_330' title='bbox 1018 2211 1129 2251; x_wconf 90' lang='lat' dir='ltr'>quae</span> <span class='ocrx_word' id='word_1_331' title='bbox 1171 2198 1377 2238; x_wconf 90' lang='lat' dir='ltr'>invidiam</span> <span class='ocrx_word' id='word_1_332' title='bbox 1419 2200 1627 2252; x_wconf 89' lang='lat' dir='ltr'>temporis</span> <span class='ocrx_word' id='word_1_333' title='bbox 1675 2199 1881 2240; x_wconf 89' lang='lat' dir='ltr'>tulerunt.</span> <span class='ocrx_word' id='word_1_334' title='bbox 1941 2198 2033 2239; x_wconf 90' lang='lat' dir='ltr'>Vix</span> <span class='ocrx_word' id='word_1_335' title='bbox 2067 2194 2270 2238; x_wconf 86' lang='lat' dir='ltr'>credibile</span> 
     </span>
     <span class='ocr_line' id='line_1_36' title="bbox 342 2255 2270 2313; baseline -0.002 -15"><span class='ocrx_word' id='word_1_336' title='bbox 342 2264 450 2311; x_wconf 91' lang='lat' dir='ltr'>quot</span> <span class='ocrx_word' id='word_1_337' title='bbox 481 2262 749 2311; x_wconf 90' lang='lat' dir='ltr'>quantosque</span> <span class='ocrx_word' id='word_1_338' title='bbox 780 2257 1005 2298; x_wconf 89' lang='lat' dir='ltr'>thesauros</span> <span class='ocrx_word' id='word_1_339' title='bbox 1037 2263 1337 2311; x_wconf 87' lang='lat' dir='ltr'>quantumque</span> <span class='ocrx_word' id='word_1_340' title='bbox 1370 2259 1610 2300; x_wconf 85' lang='lat' dir='ltr'>studiorum</span> <span class='ocrx_word' id='word_1_341' title='bbox 1643 2258 1912 2313; x_wconf 88' lang='lat' dir='ltr'>supellectile</span> <span class='ocrx_word' id='word_1_342' title='bbox 1945 2272 2021 2312; x_wconf 91' lang='lat' dir='ltr'>per</span> <span class='ocrx_word' id='word_1_343' title='bbox 2052 2256 2162 2297; x_wconf 88' lang='lat' dir='ltr'>haec</span> <span class='ocrx_word' id='word_1_344' title='bbox 2185 2255 2270 2297; x_wconf 88' lang='lat' dir='ltr'>tria</span> 
     </span>
     <span class='ocr_line' id='line_1_37' title="bbox 341 2316 2272 2374; baseline -0.001 -16"><span class='ocrx_word' id='word_1_345' title='bbox 341 2318 546 2359; x_wconf 87' lang='lat' dir='ltr'>continua</span> <span class='ocrx_word' id='word_1_346' title='bbox 572 2317 742 2359; x_wconf 87' lang='lat' dir='ltr'>saecula</span> <span class='ocrx_word' id='word_1_347' title='bbox 766 2317 881 2358; x_wconf 87' lang='lat' dir='ltr'>edax</span> <span class='ocrx_word' id='word_1_348' title='bbox 908 2319 995 2358; x_wconf 91' lang='lat' dir='ltr'>iam</span> <span class='ocrx_word' id='word_1_349' title='bbox 1012 2317 1287 2372; x_wconf 90' lang='lat' dir='ltr'>perforaverit</span> <span class='ocrx_word' id='word_1_350' title='bbox 1304 2319 1471 2369; x_wconf 89' lang='lat' dir='ltr'>vermis,</span> <span class='ocrx_word' id='word_1_351' title='bbox 1492 2319 1711 2360; x_wconf 88' lang='lat' dir='ltr'>molarum</span> <span class='ocrx_word' id='word_1_352' title='bbox 1730 2321 1773 2361; x_wconf 88' lang='lat' dir='ltr'>in</span> <span class='ocrx_word' id='word_1_353' title='bbox 1791 2319 1973 2374; x_wconf 91' lang='lat' dir='ltr'>pistrino</span> <span class='ocrx_word' id='word_1_354' title='bbox 1995 2316 2272 2359; x_wconf 91' lang='lat' dir='ltr'>contuderint</span> 
     </span>
     <span class='ocr_line' id='line_1_38' title="bbox 342 2376 2325 2431; baseline -0.001 -13"><span class='ocrx_word' id='word_1_355' title='bbox 342 2384 484 2426; x_wconf 87' lang='lat' dir='ltr'>rotae,</span> <span class='ocrx_word' id='word_1_356' title='bbox 533 2378 576 2418; x_wconf 89' lang='lat' dir='ltr'>in</span> <span class='ocrx_word' id='word_1_357' title='bbox 615 2377 820 2418; x_wconf 89' lang='lat' dir='ltr'>saccellos</span> <span class='ocrx_word' id='word_1_358' title='bbox 868 2378 1099 2430; x_wconf 88' lang='lat' dir='ltr'>perdiderit</span> <span class='ocrx_word' id='word_1_359' title='bbox 1131 2378 1397 2431; x_wconf 83' lang='lat' dir='ltr'>pistulariuS‚</span> <span class='ocrx_word' id='word_1_360' title='bbox 1440 2380 1651 2421; x_wconf 89' lang='lat' dir='ltr'>ancillave</span> <span class='ocrx_word' id='word_1_361' title='bbox 1696 2381 1917 2421; x_wconf 91' lang='lat' dir='ltr'>caminum</span> <span class='ocrx_word' id='word_1_362' title='bbox 1956 2380 2184 2419; x_wconf 91' lang='lat' dir='ltr'>incensura</span> <span class='ocrx_word' id='word_1_363' title='bbox 2226 2376 2269 2416; x_wconf 92' lang='lat' dir='ltr'>in</span> <span class='ocrx_word' id='word_1_364' title='bbox 2322 2404 2325 2406; x_wconf 91' lang='lat'><em>-</em></span> 
     </span>
     <span class='ocr_line' id='line_1_39' title="bbox 341 2436 2269 2494; baseline -0.002 -15"><span class='ocrx_word' id='word_1_365' title='bbox 341 2437 506 2479; x_wconf 89' lang='lat' dir='ltr'>fumum</span> <span class='ocrx_word' id='word_1_366' title='bbox 536 2438 708 2478; x_wconf 91' lang='lat' dir='ltr'>verterit</span> <span class='ocrx_word' id='word_1_367' title='bbox 739 2444 782 2478; x_wconf 87' lang='lat' dir='ltr'>et</span> <span class='ocrx_word' id='word_1_368' title='bbox 811 2437 1019 2478; x_wconf 89' lang='lat' dir='ltr'>flammas.</span> <span class='ocrx_word' id='word_1_369' title='bbox 1058 2436 1135 2478; x_wconf 86' lang='lat' dir='ltr'>Sat</span> <span class='ocrx_word' id='word_1_370' title='bbox 1166 2452 1381 2492; x_wconf 88' lang='lat' dir='ltr'>superque</span> <span class='ocrx_word' id='word_1_371' title='bbox 1418 2439 1529 2481; x_wconf 90' lang='lat' dir='ltr'>hanc</span> <span class='ocrx_word' id='word_1_372' title='bbox 1563 2441 1833 2494; x_wconf 89' lang='lat' dir='ltr'>paucitatem</span> <span class='ocrx_word' id='word_1_373' title='bbox 1854 2440 2121 2494; x_wconf 89' lang='lat' dir='ltr'>optimorum</span> <span class='ocrx_word' id='word_1_374' title='bbox 2139 2437 2269 2478; x_wconf 93' lang='lat' dir='ltr'>libro-</span> 
     </span>
     <span class='ocr_line' id='line_1_40' title="bbox 341 2496 2270 2554; baseline -0.001 -17"><span class='ocrx_word' id='word_1_375' title='bbox 341 2509 435 2537; x_wconf 89' lang='lat' dir='ltr'>rum</span> <span class='ocrx_word' id='word_1_376' title='bbox 468 2497 668 2538; x_wconf 88' lang='lat' dir='ltr'>evincunt</span> <span class='ocrx_word' id='word_1_377' title='bbox 690 2496 1021 2550; x_wconf 88' lang='lat' dir='ltr'>bibliopolarum</span> <span class='ocrx_word' id='word_1_378' title='bbox 1048 2512 1154 2551; x_wconf 85' lang='lat' dir='ltr'>quos</span> <span class='ocrx_word' id='word_1_379' title='bbox 1181 2512 1279 2539; x_wconf 91' lang='lat' dir='ltr'>cum</span> <span class='ocrx_word' id='word_1_380' title='bbox 1306 2500 1451 2552; x_wconf 87' lang='lat' dir='ltr'>pretiis</span> <span class='ocrx_word' id='word_1_381' title='bbox 1477 2500 1757 2554; x_wconf 87' lang='lat' dir='ltr'>promulgare</span> <span class='ocrx_word' id='word_1_382' title='bbox 1796 2500 1940 2541; x_wconf 91' lang='lat' dir='ltr'>solent</span> <span class='ocrx_word' id='word_1_383' title='bbox 1968 2498 2175 2551; x_wconf 83' lang='lat' dir='ltr'>catalogi.</span> <span class='ocrx_word' id='word_1_384' title='bbox 2220 2496 2270 2537; x_wconf 91' lang='lat' dir='ltr'>In</span> 
     </span>
     <span class='ocr_line' id='line_1_41' title="bbox 339 2557 2269 2614; baseline 0.001 -18"><span class='ocrx_word' id='word_1_385' title='bbox 339 2557 601 2610; x_wconf 85' lang='lat' dir='ltr'>plenioribus</span> <span class='ocrx_word' id='word_1_386' title='bbox 632 2557 762 2597; x_wconf 87' lang='lat' dir='ltr'>etiam</span> <span class='ocrx_word' id='word_1_387' title='bbox 794 2557 1232 2611; x_wconf 86' lang='lat' dir='ltr'>locupletioribusque</span> <span class='ocrx_word' id='word_1_388' title='bbox 1264 2559 1536 2601; x_wconf 86' lang='lat' dir='ltr'>bibliothecis</span> <span class='ocrx_word' id='word_1_389' title='bbox 1571 2561 1770 2614; x_wconf 86' lang='lat' dir='ltr'>publicis,</span> <span class='ocrx_word' id='word_1_390' title='bbox 1815 2561 2014 2601; x_wconf 88' lang='lat' dir='ltr'>omnium</span> <span class='ocrx_word' id='word_1_391' title='bbox 2048 2558 2269 2612; x_wconf 89' lang='lat' dir='ltr'>gentium,</span> 
     </span>
     <span class='ocr_line' id='line_1_42' title="bbox 342 2617 2268 2673; baseline 0.001 -17"><span class='ocrx_word' id='word_1_392' title='bbox 342 2618 533 2656; x_wconf 88' lang='lat' dir='ltr'>omnium</span> <span class='ocrx_word' id='word_1_393' title='bbox 565 2623 755 2657; x_wconf 85' lang='lat' dir='ltr'>aetatum</span> <span class='ocrx_word' id='word_1_394' title='bbox 786 2617 995 2658; x_wconf 88' lang='lat' dir='ltr'>thesauris</span> <span class='ocrx_word' id='word_1_395' title='bbox 1028 2618 1209 2667; x_wconf 87' lang='lat' dir='ltr'>refertis,</span> <span class='ocrx_word' id='word_1_396' title='bbox 1243 2619 1502 2661; x_wconf 85' lang='lat' dir='ltr'>reformatae</span> <span class='ocrx_word' id='word_1_397' title='bbox 1539 2623 1794 2673; x_wconf 87' lang='lat' dir='ltr'>praesertim</span> <span class='ocrx_word' id='word_1_398' title='bbox 1838 2620 2058 2662; x_wconf 91' lang='lat' dir='ltr'>ecclesiae</span> <span class='ocrx_word' id='word_1_399' title='bbox 2092 2623 2268 2672; x_wconf 90' lang='lat' dir='ltr'>patrum</span> 
     </span>
     <span class='ocr_line' id='line_1_43' title="bbox 342 2675 2272 2733; baseline 0.001 -18"><span class='ocrx_word' id='word_1_400' title='bbox 342 2676 438 2716; x_wconf 89' lang='lat' dir='ltr'>libri</span> <span class='ocrx_word' id='word_1_401' title='bbox 464 2683 538 2717; x_wconf 89' lang='lat' dir='ltr'>aut</span> <span class='ocrx_word' id='word_1_402' title='bbox 568 2675 672 2717; x_wconf 90' lang='lat' dir='ltr'>nulli</span> <span class='ocrx_word' id='word_1_403' title='bbox 703 2683 799 2717; x_wconf 88' lang='lat' dir='ltr'>sunt</span> <span class='ocrx_word' id='word_1_404' title='bbox 816 2683 892 2718; x_wconf 86' lang='lat' dir='ltr'>aut</span> <span class='ocrx_word' id='word_1_405' title='bbox 909 2678 1132 2727; x_wconf 88' lang='lat' dir='ltr'>rarissimi;</span> <span class='ocrx_word' id='word_1_406' title='bbox 1160 2678 1202 2718; x_wconf 93' lang='lat' dir='ltr'>in</span> <span class='ocrx_word' id='word_1_407' title='bbox 1219 2679 1483 2731; x_wconf 87' lang='lat' dir='ltr'>privatorum</span> <span class='ocrx_word' id='word_1_408' title='bbox 1510 2681 1689 2731; x_wconf 89' lang='lat' dir='ltr'>scriniis,</span> <span class='ocrx_word' id='word_1_409' title='bbox 1715 2683 1749 2722; x_wconf 92' lang='lat' dir='ltr'>si</span> <span class='ocrx_word' id='word_1_410' title='bbox 1774 2694 1913 2722; x_wconf 92' lang='lat' dir='ltr'>unum</span> <span class='ocrx_word' id='word_1_411' title='bbox 1941 2679 2114 2733; x_wconf 86' lang='lat' dir='ltr'>excipis</span> <span class='ocrx_word' id='word_1_412' title='bbox 2131 2676 2272 2718; x_wconf 89' lang='lat' dir='ltr'>Calvi-</span> 
     </span>
    </p>

    <p class='ocr_par' dir='ltr' id='par_1_4' title="bbox 2143 2750 2272 2791">
     <span class='ocr_line' id='line_1_44' title="bbox 2143 2750 2272 2791; baseline -0.008 -13"><span class='ocrx_word' id='word_1_413' title='bbox 2143 2750 2272 2791; x_wconf 87' lang='lat' dir='ltr'>num,</span> 
     </span>
    </p>
   </div>
  </div>
 </body>
</html>
