2334 3020
684 101 751 128 DE
793 99 1068 128 Pom‘rrAn
1111 99 1279 127 Mosrs
1321 100 1512 126 onsnn.
1991 86 2062 137 361

128 222 245 259 quam
273 211 380 247 Deus
409 207 614 258 imperauit
642 209 752 256 lege5
794 209 884 245 cum
914 207 952 244 in
981 207 1138 245 obiecta
1165 207 1358 246 eiusmodi
1386 206 1621 253 inciderent,
1666 206 1703 243 id
1733 213 1790 244 est
1820 206 1857 244 in
1887 206 2067 245 homines

128 276 215 300 1605
243 268 469 311 compertos
499 261 661 299 istorum
691 260 900 298 criminum
929 272 1029 310 quae
1057 262 1165 298 Deus
1194 261 1278 310 lege
1306 260 1504 298 defixerat.

183 315 531 364 Quemadmodum
573 320 702 351 autem
742 313 781 351 in
817 314 943 351 causis
985 313 1135 363 pietatis
1164 314 1214 352 ad
1243 312 1413 363 priorem
1441 312 1536 363 legis
1564 314 1737 351 tabulam
1766 313 2067 363 pertinentibus;

128 369 180 406 ita
225 368 341 406 etiam
383 367 422 405 in
465 367 680 416 posteriore
723 368 855 404 tabula
896 366 1061 404 aliorum
1104 367 1141 404 in
1171 366 1267 404 alios
1296 366 1428 405 officia
1455 365 1718 415 praecipiente
1746 368 1924 416 exempla
1953 365 2066 404 huius

128 421 182 459 rei
211 428 299 459 sunt
327 419 638 459 euidentissima:
669 427 709 458 vt
738 421 827 458 cum
856 419 948 457 dicit
976 421 1127 470 Moses3
1157 419 1235 468 Qui
1263 419 1496 469 percusserit
1524 425 1672 468 patrem
1694 431 1805 457 suum
1824 427 1888 458 aut
1904 427 2066 457 matrem

127 486 256 523 suam,
286 473 448 512 omnino
478 473 593 511 morti
621 472 798 511 traditor.
824 475 945 521 Item,
975 472 1041 522 qui
1070 473 1310 511 maledixerit
1337 472 1436 522 patri
1465 484 1536 511 suo
1561 474 1622 509 vel
1639 473 1874 523 111311151136.
1903 472 2066 510 omnino

127 527 243 565 morti
272 526 453 565 traditor:
483 526 610 564 Exod.
641 539 700 563 21.
736 537 795 575 15.
830 538 887 574 17.
916 528 1039 576 Item7
1068 539 1118 564 ne
1147 525 1278 565 oderis
1306 527 1465 563 fratrem
1495 532 1604 563 tuum
1633 525 1671 562 in
1700 526 1821 563 corde
1837 524 2068 563 tuotLeuit.

132 594 190 630 19.
224 592 283 628 17.
324 581 443 627 Item7
474 592 524 617 ne
552 579 774 617 afficiuntor
803 587 928 617 morte
956 587 1084 629 patres
1112 592 1184 629 pro
1213 578 1317 627 filiis,
1347 591 1420 617 nec
1450 579 1513 627 filij
1542 591 1615 628 pro
1644 579 1817 627 patribus
1850 579 2069 617 afficiuntor

128 640 272 671 morte:
302 634 417 671 Deut.
450 646 510 680 24.
545 634 602 670 16.
632 633 695 670 hic
723 635 827 671 certe
855 632 1012 670 obiecta
1040 640 1129 670 sunt
1157 631 1464 681 euidentissima,
1493 632 1531 669 vi
1558 632 1654 681 legis
1681 639 1861 671 aeternae
1886 631 2068 679 naturali„

127 689 162 725 ἃ
203 685 335 724 (11111113
376 687 461 735 lege
502 685 614 724 simul
652 692 890 735 contestata,
931 686 980 724 de
1008 685 1150 735 quibus
1177 685 1467 736 praecipiuntur
1495 687 1530 723 &
1558 684 1842 724 interdicuntur
1868 685 1941 723 ista
1969 696 2069 734 quae

127 753 173 777 ex
203 740 288 789 lege
316 739 440 777 Mosis
469 738 716 777 adduximus.
746 740 848 777 Nam
878 739 1217 788 quemadmodum
1246 745 1357 789 pater
1385 739 1420 776 &
1450 745 1575 777 mater
1602 738 1759 776 obiecta
1788 738 2067 788 suntindigna,

126 792 164 830 in
194 804 362 841 quorum
392 792 510 830 vitam
537 799 603 830 aut
631 793 794 830 salutem
822 792 1009 830 inuehant
1037 793 1102 841 filij
1121 822 1131 841 ,
1160 792 1214 830 ita
1241 805 1262 830 e
1288 791 1443 830 diuerso
1466 791 1690 841 quicunque
1705 791 1770 840 filij
1787 792 1951 842 impium
1968 791 2068 828 istud

126 846 275 883 facinus
315 845 576 895 patrauerint,
620 844 660 882 hi
689 846 818 895 legum
848 845 1008 883 istarum
1038 845 1094 883 rei
1121 845 1293 884 habendi
1318 851 1428 893 sunt„
1470 845 1506 881 δε
1534 844 1708 894 legitima
1735 845 1800 883 illa
1826 844 2070 883 animaduer-

125 899 234 937 sione
263 898 491 948 dignissimi.
520 898 702 936 Similiter
730 900 820 936 ciim
849 899 911 948 alij
939 900 1075 936 fratres
1103 899 1269 936 aliorum
1297 898 1435 945 simus,
1465 904 1602 936 natura
1630 905 1726 936 teste
1755 900 1791 936 &
1808 897 2068 945 conscientia,

127 953 307 1011 profecto
344 951 442 989 nihil
470 951 667 1002 indignius
697 951 734 990 in
764 953 838 990 hac
866 951 1052 990 societate
1079 953 1268 1011 humana,
1304 953 1422 1001 quam
1450 952 1609 989 fratrem
1638 951 1732 989 odio
1762 965 1846 990 esse
1874 950 2004 998 fratri
2033 951 2068 987 &

128 1004 195 1055 qui
236 1006 394 1043 fratrem
437 1016 549 1043 suum
585 1004 658 1043 sibi
700 1005 781 1055 ipse
809 1018 881 1054 pro
924 1005 1082 1043 obiecto
1127 1005 1258 1043 statuit
1287 1005 1326 1042 in
1354 1005 1463 1054 quod
1492 1005 1666 1042 effundat
1694 1004 1798 1043 virus
1827 1004 1906 1053 odij
1936 1004 2011 1053 sui
2040 1003 2070 1041 is

129 1058 204 1108 legi
246 1065 448 1106 aeternae5
494 1060 529 1096 ἃ
570 1058 756 1101 naturali
796 1061 831 1097 ἃ
858 1057 1014 1096 diuinae
1041 1061 1064 1096 a
1091 1060 1205 1097 Mose
1233 1058 1320 1110 ipso
1345 1057 1508 1095 traditae
1536 1058 1776 1096 aduersatur.
1805 1058 1911 1095 Illius
1940 1064 2070 1094 autem

128 1112 314 1161 postremi
356 1110 457 1160 loci
498 1113 556 1149 Ne
591 1112 812 1150 afficiuntor
853 1119 979 1149 morte
1017 1119 1146 1162 patres
1175 1125 1247 1162 pro
1275 1110 1362 1149 filiis
1386 1113 1458 1149 &o
1488 1117 1594 1148 tanta
1623 1118 1681 1148 est
1707 1111 1899 1161 aequitas
1928 1112 1963 1148 &
1991 1116 2070 1147 tam

125 1164 286 1203 euidens
319 1164 356 1202 in
386 1164 510 1203 0611115
539 1165 735 1215 omnium
765 1172 805 1203 vt
833 1166 939 1202 nulla
967 1167 990 1201 a
1017 1165 1132 1203 nobis
1157 1165 1314 1215 insuper
1337 1176 1437 1214 opus
1453 1163 1500 1201 sit
1514 1163 1792 1202 declaratione
1820 1164 2072 1213 Quapropter

125 1217 242 1255 etiam
271 1217 596 1256 humanissimum
622 1218 718 1256 illud
745 1218 947 1256 Amatziae
964 1218 1077 1276 regis
1105 1217 1279 1256 officium
1307 1224 1468 1256 auctore
1489 1216 1632 1266 Spiritu
1648 1217 1721 1255 Dei
1742 1217 1865 1255 furtin
1882 1216 2072 1275 scriptura

124 1284 234 1309 sacra
262 1272 525 1319 celebratum
553 1284 642 1309 cum
672 1284 841 1321 poenam
871 1271 921 1309 de
948 1270 993 1309 iis
1022 1278 1191 1309 sumeret
1219 1271 1286 1320 qui
1313 1270 1505 1309 coniurati
1532 1283 1663 1320 regem
1686 1273 1776 1309 Ioas
1791 1278 1941 1320 patrem
1953 1282 2071 1319 ipsius

124 1325 412 1362 interfecerant·
457 1336 546 1362 cum
590 1324 693 1362 enim
731 1326 1005 1363 confirmatum
1052 1332 1152 1363 esset
1192 1336 1354 1375 regnum
1386 1325 1429 1372 (f.
1463 1325 1578 1373 1506)
1608 1336 1730 1373 penes
1758 1323 1907 1373 ipsum„
1948 1322 2072 1372 inquit

123 1379 250 1427 Deus,
287 1377 480 1416 interfecit
511 1390 645 1416 seruos
673 1389 764 1416 suos
792 1377 858 1427 qui
886 1385 1155 1427 percusserant
1182 1390 1314 1428 regem
1343 1385 1495 1427 patrem
1523 1388 1654 1428 suumg
1683 1377 1783 1415 filios
1812 1379 1905 1415 vero
1936 1388 2071 1415 eorum

123 1443 202 1468 non
241 1430 371 1469 affecit
410 1438 556 1480 morte,
600 1432 669 1469 sed
710 1431 802 1469 fecit
829 1431 929 1469 sicut
958 1430 1145 1480 scriptum
1170 1438 1228 1469 est
1256 1431 1295 1469 in
1324 1432 1428 1481 lege,
1458 1430 1497 1468 in
1525 1429 1626 1469 libro
1654 1430 1796 1480 Mosis,
1825 1429 2071 1480 praecepisse

123 1484 331 1534 Iehouam,
361 1484 552 1531 dicendo,
583 1486 643 1522 Ne
672 1484 891 1523 moriuntor
918 1491 1046 1534 patres
1074 1497 1147 1534 pro
1175 1484 1284 1530 filiis,
1316 1485 1351 1521 &
1381 1484 1446 1532 filij
1475 1496 1524 1522 ne
1553 1483 1772 1522 moriuntor
1786 1496 1858 1534 pro
1874 1483 2068 1533 patribus:

123 1538 195 1575 sed
229 1537 393 1586 quisque
421 1544 581 1587 propter
608 1544 814 1587 peccatum
844 1549 956 1576 suum
985 1538 1216 1576 moriuntor.

176 1592 259 1628 Iam
304 1591 353 1629 de
394 1592 484 1628 loco
526 1590 640 1629 tertio
682 1591 884 1629 videamus
925 1591 976 1628 ad
1016 1592 1132 1641 Legis
1173 1590 1456 1629 immutabilem
1493 1589 1812 1629 constitutionem
1840 1589 2066 1640 pertinente.

121 1643 300 1681 Diximus
331 1643 483 1682 tertium
513 1648 581 1681 τοῦ
610 1645 850 1693 ἁμεταβόλου
878 1644 916 1682 111
944 1643 1096 1694 legibus
1123 1644 1391 1696 cognoscendi
1418 1645 1582 1682 modum
1610 1657 1716 1695 esse7
1744 1646 1863 1682 finem
1892 1655 2039 1681 earum.

174 1698 294 1735 Thes.
339 1709 398 1746 17.
453 1698 554 1735 Nam
597 1699 696 1734 ffz'ne
735 1699 955 1736 ordinatura
997 1703 1054 1735 est
1093 1699 1378 1736 immutabiliter
1420 1699 1459 1736 ilz
1488 1699 1660 1735 humana
1686 1700 1787 1747 lege,
1816 1697 2001 1746 quicquid
2023 1697 2075 1733 ad

123 1756 294 1788 sanctum
332 1752 545 1800 iustamque
564 1752 687 1799 finem
716 1752 920 1788 secundam
950 1753 1105 1788 eandem
1133 1757 1329 1790 aeternam
1357 1753 1566 1796 rationem,
1594 1753 1698 1790 velut
1717 1752 1943 1789 catholicam
1958 1762 2072 1798 regu-

123 1806 223 1854 lam,
255 1806 454 1842 contendit.
483 1804 514 1842 si
543 1803 630 1841 finis
654 1805 785 1853 legum
814 1805 1073 1842 humanarum
1102 1818 1142 1843 se
1173 1805 1212 1843 in
1241 1805 1345 1842 hunc
1374 1805 1538 1843 modum
1559 1804 1755 1855 habuerit,
1772 1817 1840 1841 eae
1856 1803 2071 1842 secundum

124 1858 243 1895 finem
269 1856 459 1896 dicendae
487 1863 577 1895 sunt
605 1857 879 1896 immutabiles.
919 1860 965 1896 In
993 1859 1072 1896 1106
1100 1858 1215 1908 igitur
1242 1859 1319 1896 fine
1346 1857 1553 1908 dupliciter
1581 1858 1723 1895 modus
1750 1856 1868 1907 ipsius
1896 1856 2072 1894 conside-

123 1911 268 1948 randus
305 1917 373 1949 est.
415 1911 517 1948 Nam
545 1910 683 1948 Finem
712 1910 870 1960 quidem
896 1910 991 1961 legis
1019 1911 1059 1949 in
1088 1912 1216 1962 seipso
1245 1918 1423 1950 sanctum
1453 1911 1674 1960 iustumque
1703 1917 1859 1960 oportet
1886 1922 1991 1948 esse:
2033 1908 2072 1946 in

124 1964 247 2001 modo
289 1971 420 2002 autem
460 1971 618 2014 oportet
660 1964 878 2002 secundum
919 1965 1111 2003 rationem
1140 1971 1340 2003 aeternam
1369 1964 1474 2002 illam
1504 1977 1588 2003 esse
1617 1966 1885 2003 constitutum.
1935 1965 2072 2012 Itaque

123 2023 279 2055 sanctus
309 2023 367 2055 est
393 2016 498 2062 finis,
534 2018 586 2055 ad
614 2016 799 2067 pietatem
829 2017 1048 2067 pertinens:
1091 2020 1215 2057 iustus
1243 2025 1300 2056 est
1327 2019 1378 2056 ad
1406 2017 1497 2056 iuris
1526 2020 1562 2056 δε
1590 2017 1705 2067 aequi
1733 2017 1829 2056 boni
1856 2016 2073 2055 veritatem.

123 2070 201 2108 Sed
236 2069 327 2119 quia
353 2077 436 2109 tota
463 2069 588 2109 sancti
624 2072 660 2108 δε
686 2070 776 2109 iusti
804 2071 903 2110 ratio
932 2071 1082 2121 legibus
1111 2071 1290 2110 humanis
1317 2072 1604 2121 comprehensa
1631 2070 1820 2121 particula
1846 2076 1903 2109 est
1929 2068 2071 2108 tenuis-

122 2122 241 2172 sima,
282 2125 318 2162 δε
359 2123 469 2173 quasi
510 2125 649 2163 vmbra
685 2131 866 2162 aeternae
894 2125 1054 2164 rationis
1077 2126 1197 2175 illius,
1239 2136 1357 2175 quam
1383 2125 1510 2175 primo
1540 2126 1631 2162 loco
1660 2124 1883 2175 posuimusg
1911 2123 2002 2162 ideo
2031 2122 2072 2159 in

124 2176 209 2226 ipso
251 2188 411 2226 quoque
453 2178 584 2227 legum
624 2177 881 2216 humanarum
909 2179 1008 2229 fine„
1051 2179 1316 2229 explorandus
1345 2183 1403 2216 est
1431 2177 1724 2228 diligentissime
1752 2178 1914 2227 modus,
1942 2177 2072 2214 Vtrum

123 2231 341 2268 secundum
383 2237 580 2269 aeternam
623 2230 816 2269 rationem
852 2230 958 2269 illam
997 2233 1218 2282 πάμμετρον
1255 2231 1342 2269 finis
1368 2231 1592 2282 propositus
1621 2231 1686 2281 sit7
1714 2243 1862 2270 necne:
1893 2229 1985 2280 quia
2011 2230 2074 2267 lex

122 2282 188 2321 illa
215 2290 373 2321 aeterna
401 2286 458 2332 (vt
485 2286 575 2322 ante
603 2284 862 2333 ostendimus)
889 2286 1024 2335 regula
1047 2292 1105 2322 est
1132 2285 1346 2335 catholica
1384 2285 1425 2323 id
1454 2291 1531 2335 est
1572 2285 1624 2322 ad
1649 2284 1782 2323 omnia
1809 2283 2007 2332 vniuerse
2037 2282 2072 2319 &

124 2335 206 2374 sine
235 2335 467 2386 exceptione
495 2336 714 2387 pertinens.
756 2338 828 2376 abs
856 2349 934 2387 qua
957 2337 1054 2376 nihil
1077 2350 1158 2376 non
1187 2345 1346 2388 oportet
1370 2337 1479 2376 omni
1508 2338 1651 2403 modo,
1690 2346 1889 2388 tempore7
1917 2339 1952 2375 &
1979 2337 2072 2374 loco

125 2391 181 2439 (vt
220 2388 273 2427 ita
308 2390 501 2440 dicamus)
541 2391 726 2442 regulari,
770 2393 805 2429 δι
833 2392 941 2441 leges
968 2403 1056 2430 suas
1085 2391 1328 2441 modumque
1355 2391 1534 2429 vniuerse
1561 2391 1758 2443 accipere,
1787 2397 1829 2429 vt
1857 2396 2015 2429 sanctae
2038 2390 2073 2426 ἅτ

124 2442 245 2481 iustae
274 2443 363 2482 sint.
390 2445 436 2481 In
463 2444 569 2482 hunc
598 2444 762 2482 modum
790 2444 954 2483 omnino
983 2456 1024 2483 se
1052 2445 1198 2482 habent
1225 2446 1331 2495 leges
1358 2447 1381 2483 a
1409 2446 1524 2483 Mose
1551 2444 1733 2483 Israelitis
1749 2445 1879 2484 datae:
1909 2453 2074 2493 quarum

122 2508 172 2534 ne
196 2509 296 2546 apex
326 2496 486 2556 quidem
510 2498 648 2536 vnicus
676 2500 700 2535 a
741 2497 842 2536 iusto
874 2499 952 2536 fine
980 2499 1112 2548 legum
1139 2498 1179 2535 in
1208 2499 1392 2537 societate
1414 2499 1586 2536 humana
1600 2498 1849 2537 ferendarum
1864 2494 2072 2535 aberrauit.

176 2550 272 2587 Hoc
302 2557 434 2588 autem
461 2549 502 2588 in
529 2550 574 2589 iis
602 2550 723 2601 ipsius
752 2550 964 2602 exemplis,
991 2563 1091 2601 quae
1121 2553 1212 2589 ante
1239 2551 1459 2599 attulimus
1488 2551 1629 2602 singuli
1657 2553 1867 2591 obseruare
1895 2556 2072 2609 possunt.

124 2602 249 2640 Verbi
289 2602 440 2652 gratia.
484 2605 700 2654 Postquam
741 2605 850 2643 Deus
883 2605 924 2643 in
966 2611 1171 2643 auctorem
1212 2604 1431 2665 apostasiae
1472 2605 1706 2643 sententiam
1748 2604 1855 2655 tulit
1898 2602 1962 2641 hic
1989 2601 2076 2640 finis

124 2655 225 2693 illius
265 2656 494 2708 adducitur3
529 2664 571 2695 vt
613 2657 775 2696 audiant
819 2670 956 2696 omnes
1000 2658 1219 2703 Israelitae„
1262 2660 1298 2697 &
1336 2658 1518 2709 timeant,
1560 2671 1634 2696 nec
1662 2665 1825 2709 pergant
1851 2656 1919 2695 vlli
1946 2657 2075 2694 facere

125 2709 345 2747 secundum
374 2722 456 2747 rem
487 2711 630 2748 malam
660 2709 772 2749 istam
797 2710 838 2749 in
866 2710 999 2749 medio
1027 2710 1096 2749 tui.
1123 2711 1242 2750 Deut.
1262 2724 1321 2761 13.
1341 2725 1399 2749 11.
1428 2713 1489 2749 Ex
1511 2723 1591 2762 quo
1607 2712 1779 2761 sequitur
1794 2709 2075 2760 suppliciorum

130 2763 246 2800 finem
276 2775 380 2802 esse:
412 2764 554 2801 horum
585 2762 765 2815 quidem,
793 2764 1081 2803 correctionem
1109 2764 1145 2801 &
1174 2764 1491 2803 emendationem
1521 2765 1603 2804 61115
1621 2766 1688 2815 qui
1711 2777 1799 2803 reus
1814 2771 1889 2803 est:
1919 2763 2074 2800 illorum

1086 2819 1136 2864 46
1962 2816 2078 2864 vero,
