2334 3020
241 113 314 152 262
855 121 1069 148 THESEs
1111 118 1539 148 THEOLOGICAE.

238 230 359 269 modo
385 227 485 267 absit
512 224 720 265 necessitas
747 228 783 265 &
810 225 1043 276 superstitio.
1072 226 1185 274 Quae
1214 225 1317 264 enim
1347 227 1423 264 fine
1449 239 1520 265 suo
1536 225 1815 275 destituuntur,
1838 227 1874 264 &
1890 227 1939 265 ad
1954 236 2160 277 peccatum

237 295 384 333 pronos
411 279 596 318 inclinant
622 280 658 316 &
685 279 821 318 fouent
850 281 956 328 (cum
984 279 1059 318 sint
1086 279 1298 329 ἀδιάφορα)
1326 278 1481 317 excindi
1509 280 1654 318 debent
1682 280 1801 318 instar
1832 279 1941 318 aenei
1963 283 2164 331 serpentis.

297 349 353 372 11.
407 334 585 372 Materia
615 331 812 382 bispartita
839 339 915 383 est,
944 332 984 370 in
1012 338 1211 370 externam
1232 332 1485 371 &internam.
1519 333 1701 371 Externa
1715 339 1773 371 est
1788 332 1974 382 quicquid
1990 334 2166 374 sensibus

233 389 453 437 subiicitur,
481 386 562 425 siue
590 387 814 433 symbolum
841 386 911 436 sit,
939 384 1020 424 siue
1047 384 1172 432 aetio,
1197 384 1277 423 siue
1295 385 1469 424 verbum.
1487 386 1718 435 Symbolum
1734 393 1790 424 est
1806 385 1900 424 illud
1915 387 2159 427 elementum

234 443 342 495 quod
383 452 501 480 manu
531 437 693 476 ministri
721 438 1032 477 communicatur
1060 436 1285 487 aecipient13
1315 439 1429 488 quale
1457 445 1514 477 est
1541 449 1643 488 aqua
1671 438 1710 477 in
1740 437 1960 490 Baptismo,
1989 440 2024 477 &
2054 440 2165 490 panis

233 497 443 545 vinumque
483 492 523 531 in
550 491 706 530 Coena:
735 492 844 541 quod
871 492 999 529 solum
1026 493 1049 529 a
1078 490 1250 540 pluribus
1279 490 1444 529 Materia
1472 491 1550 529 dici
1578 492 1688 530 solet.
1733 491 1851 529 Actio
1883 499 1939 530 est
1967 491 2031 530 illa
2061 506 2166 532 cere-

236 548 367 590 monia
407 544 571 585 ministri
613 545 649 582 &
689 544 863 583 fidelium
889 544 929 582 in
958 542 1198 582 Sacramenti
1226 543 1541 593 participatione,
1570 555 1670 594 quae
1698 551 1887 594 quatenus
1924 552 2083 584 externa
2110 553 2167 585 est

237 601 420 642 materiae
447 599 637 637 rationem
664 597 800 636 induit.
829 599 1008 636 Verbum
1036 604 1166 634 autem
1195 603 1253 634 est
1283 597 1447 647 dupleX,
1476 596 2072 647 institutionis&promissionis.
2102 600 2167 637 Ad

237 655 406 707 primum
434 653 649 691 referuntur
677 651 768 700 ista,
797 652 875 697 Ite,
903 651 1066 699 docete,
1093 648 1353 700 baptizantes,
1382 651 1454 689 &c.
1483 651 1706 689 Mamm&
1727 663 1784 700 19.
1813 651 1947 689 Marc.
1967 653 2026 690 16.
2046 654 2169 702 15.&,

240 707 404 759 Accepit
438 717 600 756 panem,
638 704 711 743 &c.
751 705 897 743 Mattlz.
935 705 995 742 26.
1033 705 1092 741 26.
1136 705 1254 741 Marc.
1296 716 1353 750 14.
1392 716 1451 740 22.
1492 705 1588 741 Luc.
1626 716 1687 741 22.
1728 715 1786 752 17.
1833 716 1864 741 1.
1896 705 1983 744 Gor.
2018 717 2076 744 11.
2108 718 2169 752 24.

240 763 305 802 Ad
334 759 549 800 secundum
577 756 668 807 ista,
695 759 740 796 In
768 756 928 796 nomine
954 755 1094 805 Patris,
1123 757 1158 794 &
1185 755 1292 805 Filij,
1321 757 1357 794 &
1386 755 1548 805 Spiritus
1577 755 1724 794 Sancti:
1760 758 1796 795 ἃ
1825 756 1864 794 in
1893 757 2048 806 Coena,
2077 759 2170 796 Hoc

239 822 297 855 est
337 824 479 862 corpus
521 821 666 849 meum.
709 811 749 859 (f.
783 812 897 859 1728)
939 810 1048 860 quod
1090 816 1248 847 eatenus
1277 816 1427 847 tantum
1455 822 1527 859 pro
1555 809 1715 847 materia
1742 810 1952 860 habemus,
1981 817 2170 860 quatenus

239 868 371 908 auditu
411 863 638 916 percipitur,
681 864 717 901 δε
758 862 938 901 sensibile
978 862 1164 900 redditur.
1208 861 1247 900 Si
1288 861 1391 901 enim
1428 873 1584 900 sensum
1615 861 1886 912 respiciamus,
1913 862 1984 901 erit
2014 863 2173 902 materia

240 922 409 960 interna:
439 917 470 956 si
498 916 682 956 vnionem
711 928 801 955 cum
829 915 1031 955 elementis
1059 917 1095 954 &
1123 915 1374 965 ceremoniis,
1403 923 1486 953 tum
1514 916 1678 953 formale
1706 914 1917 954 dicendum
1945 923 2014 954 est.

298 988 355 1012 12.
413 971 643 1021 Symbolum
679 977 830 1020 autem,
860 969 1076 1008 secundum
1105 967 1353 1007 institutionis
1382 979 1558 1018 sensum,
1586 969 1676 1006 loco
1705 969 1741 1006 δε
1769 968 1936 1018 tempori
1962 980 2171 1008 commune

240 1028 523 1078 approbamus,
564 1023 750 1073 quodque
778 1023 915 1073 vulgus
946 1020 1187 1061 ordinarium
1215 1021 1335 1059 habet
1362 1021 1401 1059 in
1429 1034 1563 1060 mensa
1591 1020 1804 1059 ordinaria:
1834 1021 1925 1060 ideo
1955 1034 2023 1060 eos
2051 1021 2171 1060 reiici-

240 1093 346 1130 mus,
387 1086 574 1127 tanquam
611 1076 780 1115 veritatis
808 1075 971 1126 inscios,
999 1074 1067 1124 qui
1094 1081 1160 1112 aut
1187 1074 1536 1113 extraordinarium
1564 1081 1604 1112 vt
1631 1073 1847 1124 Pontificij,
1875 1081 1941 1112 aut
1969 1073 2172 1114 miraculo-

240 1146 325 1173 sum
366 1139 406 1170 vt
447 1129 703 1179 Vbiquitarij,
744 1129 783 1167 in
827 1130 963 1168 Coena
1004 1126 1167 1166 Domini
1207 1133 1431 1166 statuerunt.
1475 1126 1686 1166 Reiicimus
1728 1127 1843 1165 etiam
1879 1127 2172 1166 Pontificiorum

241 1185 449 1237 Sophisma
488 1184 694 1233 (Bellarm.
738 1183 782 1220 de
808 1195 974 1220 sacram.
1003 1182 1068 1219 lib.
1106 1194 1136 1218 1.
1166 1186 1248 1230 cap.
1284 1183 1357 1229 14.)
1387 1180 1453 1230 qui
1480 1183 1503 1219 a
1530 1179 1645 1219 nobis
1674 1180 1831 1230 exigunt
1860 1179 2057 1230 duplicem
2085 1194 2174 1231 pro-

242 1238 483 1287 missionem3
525 1249 640 1275 vnam
666 1235 988 1287 praecedentem,
1018 1241 1059 1272 vt
1087 1234 1261 1283 diploma
1288 1233 1478 1284 sigillum,
1507 1245 1607 1283 quae
1635 1232 1762 1271 effecti
1789 1233 1980 1272 rationem
2008 1234 2171 1272 habeat:

242 1295 403 1332 alteram
430 1297 675 1340 praesentem
703 1291 760 1338 (vt
782 1287 834 1327 ita
856 1289 1010 1338 loquar)
1035 1298 1135 1337 quae
1149 1285 1351 1336 promittat
1366 1286 1532 1337 sigillum
1547 1288 1630 1325 fore
1643 1286 1783 1324 efficax
1797 1286 1848 1324 ad
1859 1286 2173 1336 imprimendum.

243 1347 345 1385 Cum
387 1344 489 1383 enim
530 1344 694 1382 verbum
721 1348 803 1380 tum
831 1340 1102 1390 institutionis,
1130 1346 1212 1378 tum
1242 1340 1510 1389 promissionis
1539 1338 1716 1377 additum
1743 1339 1942 1378 elementis
1970 1338 2109 1378 efficiat
2136 1347 2176 1378 vt

245 1400 321 1438 sint
363 1396 504 1448 sigilla,
545 1402 727 1435 manente
768 1402 899 1433 tamen
939 1394 1087 1444 integra
1124 1393 1383 1443 promissione
1410 1393 1460 1432 de
1490 1393 1647 1441 effectu,
1678 1403 1778 1442 quae
1806 1399 1863 1431 est
1888 1392 1926 1430 in
1955 1392 2175 1443 Baptismo,

245 1455 291 1491 In
332 1449 492 1489 nomine
535 1448 657 1487 Patris
698 1449 769 1487 διε.
802 1447 841 1485 in
869 1448 1029 1497 Coena,
1058 1448 1153 1484 Hoc
1178 1452 1235 1484 est
1263 1458 1406 1497 corpus
1434 1458 1582 1497 meum,
1610 1446 1682 1484 ὅτε.
1712 1456 1899 1495 quorsum
1926 1451 2064 1495 petunt
2090 1458 2178 1495 pro-

247 1504 473 1544 missionem
500 1502 772 1553 particularem
799 1507 841 1539 vt
867 1500 1034 1551 sigillum
1061 1499 1210 1550 possint
1239 1499 1480 1549 imprimere,
1510 1511 1583 1537 nec
1611 1505 1776 1547 cogente
1792 1500 1912 1536 salute
1925 1506 2078 1544 nostra,
2100 1511 2175 1537 nec

247 1557 487 1597 ministrante
528 1551 750 1605 Scriptura?
784 1560 850 1592 aut
887 1565 957 1591 suo
985 1553 1066 1591 iure
1092 1550 1392 1603 promissionem
1420 1560 1592 1591 nostram
1622 1552 1671 1589 de
1697 1552 1837 1590 effectu
1867 1551 2099 1601 restringunt
2126 1551 2176 1589 ad

245 1610 419 1662 priorem
459 1609 565 1647 illam
607 1620 724 1658 quam
766 1612 971 1657 expetunt,
1011 1605 1084 1644 nisi
1123 1611 1165 1643 vt
1205 1605 1336 1644 salutis
1376 1612 1532 1644 nostrae
1566 1603 1836 1643 certitudinem
1863 1604 1977 1643 nobis
2002 1604 2176 1643 adimant

248 1663 395 1703 astutiis
423 1663 519 1713 suis,
549 1662 643 1700 dum
669 1667 711 1699 vt
737 1666 932 1711 praestare
958 1671 1039 1697 non
1066 1656 1253 1709 possunt?

302 1730 359 1766 13.
414 1717 578 1754 Interna
605 1714 764 1753 materia
791 1720 848 1752 est
874 1712 914 1750 in
941 1711 1073 1762 primis
1097 1710 1272 1750 Christus
1299 1711 1401 1761 ipse,
1437 1711 1528 1750 Gal.
1557 1724 1593 1760 3.
1624 1721 1684 1759 27.
1713 1711 1825 1748 Rom.
1854 1711 1891 1748 6.
1921 1722 1957 1759 3.
1984 1710 2047 1748 cui
2062 1708 2178 1748 inseri

247 1771 435 1809 debemus
473 1781 542 1818 per
569 1768 706 1806 fidem:
742 1773 825 1805 tum
851 1764 1044 1804 beneficia
1069 1765 1169 1812 eius,
1196 1765 1337 1803 Ioann.
1371 1775 1429 1814 15.
1457 1776 1492 1811 4.
1522 1775 1621 1814 quae
1648 1770 1834 1812 tanquam
1861 1762 1967 1801 succi
1994 1762 2128 1801 vitales
2155 1764 2179 1800 a

248 1823 379 1862 radice
420 1821 459 1860 in
495 1833 631 1860 omnes
665 1832 755 1859 suos
791 1831 922 1858 ramos
950 1818 1237 1857 diffunduntur:
1267 1824 1305 1855 et
1332 1817 1384 1856 ita
1410 1817 1568 1855 tandem
1596 1817 1635 1855 in
1666 1815 1781 1855 nobis
1808 1817 1955 1854 fructus
1981 1817 2178 1855 bonorum

247 1887 412 1927 operum
439 1876 631 1923 formant,
659 1874 694 1911 δε
724 1878 945 1923 procreant.

305 1943 361 1976 14.
417 1929 531 1965 Haec
559 1933 689 1965 autem
717 1925 903 1976 quoniam
929 1923 969 1962 in
997 1922 1255 1974 promissione
1282 1923 1390 1962 breui
1418 1922 1683 1972 implicantur,
1712 1932 1900 1971 negamus
1927 1922 2179 1960 Sacramenta

247 1985 350 2022 recte
377 1980 652 2029 administrari,
681 1978 752 2017 nisi
781 1977 974 2017 concione
1003 1978 1108 2015 clara
1135 1989 1231 2015 voce
1258 1977 1293 2014 &
1323 1974 1818 2026 intelligibiliexplicentur.
1846 1975 1938 2013 Non
1953 1973 2056 2013 enim
2072 1987 2177 2012 man-

246 2037 313 2074 dat
341 2035 402 2073 vel
429 2033 620 2084 promittit
645 2034 754 2070 Deus
783 2031 993 2082 quicquam
1021 2028 1242 2079 elementis,
1271 2029 1338 2068 sed
1365 2029 1544 2068 fidelibus
1572 2027 1812 2078 viuentibuS,
1839 2028 1875 2065 &
1902 2028 2042 2066 frustra
2065 2039 2178 2077 quae-

247 2089 341 2127 ritur
369 2086 437 2137 qui
462 2085 747 2137 apprehendat,
775 2084 843 2123 vbi
869 2084 1068 2134 ignoratur
1095 2082 1188 2132 quid
1215 2081 1598 2132 apprehendendum.
1630 2082 1807 2120 Verbum
1834 2087 1964 2119 autem
1987 2080 2082 2119 illud
2102 2082 2180 2129 qua

248 2140 500 2190 concionale,
530 2152 610 2178 non
638 2146 696 2177 est
722 2139 849 2176 forma
876 2138 938 2175 vel
967 2135 1176 2175 essentialis
1205 2148 1293 2185 pars
1322 2134 1583 2185 Sacramenti,
1611 2135 1681 2173 sed
1708 2134 1758 2172 de
1788 2133 1972 2172 essentia:
2001 2146 2074 2171 nec
2088 2132 2179 2171 vtile

248 2195 420 2244 tantum,
462 2193 531 2232 sed
569 2194 605 2231 &
639 2190 920 2230 necessarium:
958 2189 1066 2240 quod
1091 2196 1176 2227 tum
1209 2188 1291 2238 ipse
1320 2188 1495 2227 Christus
1522 2187 1657 2226 fecisse
1684 2186 1839 2225 videtur
1865 2193 1953 2225 ante
1982 2186 2179 2235 Coenam,

247 2249 338 2287 licet
365 2260 446 2285 non
477 2244 730 2295 exprimatur:
760 2244 851 2294 quia
877 2254 1029 2281 summa
1056 2248 1206 2280 tantum
1230 2241 1357 2291 capita
1371 2247 1647 2280 recensuerunt
1663 2239 1955 2291 Euangelistae,
1970 2240 2060 2277 cum
2075 2251 2179 2276 man-

250 2299 356 2339 dauit
384 2298 606 2349 Apostolis,
634 2299 804 2347 Docete,
833 2295 1052 2346 Baptizate:
1090 2306 1190 2344 quae
1218 2295 1308 2332 cum
1336 2293 1510 2333 Christus
1539 2292 1802 2344 coniunxerit,
1828 2291 1975 2330 nemini
2001 2291 2073 2330 erit
2101 2290 2178 2329 lici-

251 2361 334 2391 tum
349 2366 420 2402 pro
436 2351 546 2390 libitu
560 2351 791 2401 disiungere.
812 2350 1010 2388 Corruunt
1026 2361 1120 2398 ergo
1136 2360 1272 2386 eorum
1288 2347 1531 2397 Sophismata
1545 2348 1581 2385 &
1597 2345 1706 2396 quasi
1721 2345 1872 2396 magica
1885 2344 1987 2383 circa
2002 2345 2181 2394 sybolum

252 2405 485 2445 incantatio:
514 2417 587 2442 nec
611 2404 788 2454 tacitam,
812 2403 890 2441 imo
905 2415 986 2440 non
1000 2401 1238 2439 intellectam
1253 2400 1656 2439 obmurmurationem
1672 2405 1884 2437 sustentare
1899 2399 2001 2436 valet
2015 2397 2183 2436 absurda

251 2458 470 2507 excusatio,
498 2456 646 2495 scilicet
674 2456 705 2495 si
735 2457 864 2494 Deum
892 2461 1043 2493 tantum
1069 2453 1275 2504 inuocare,
1307 2453 1373 2503 qui
1402 2453 1491 2492 satis
1519 2454 1634 2490 callet
1661 2451 1840 2490 Latinam
1867 2450 2051 2501 linguam.

309 2523 365 2562 15.
422 2513 572 2549 Forma
601 2516 657 2548 est
686 2510 846 2558 duplex,
875 2515 1034 2546 externa
1062 2508 1097 2544 &
1124 2507 1286 2544 interna.
1315 2508 1490 2544 Eoeterna
1518 2512 1575 2543 est
1603 2504 1813 2543 essentialis
1840 2505 1902 2542 vel
1923 2501 2180 2542 accidentalis.

252 2563 475 2603 Essentialis
510 2570 567 2601 est
603 2563 767 2600 verbum
804 2560 1051 2599 institutionis
1089 2562 1124 2598 &
1152 2559 1443 2610 promissionis,
1472 2559 1521 2597 de
1548 2570 1627 2608 quo
1655 2559 1757 2596 bene
1784 2556 2039 2607 Augustinus,
2068 2560 2181 2593 tract.

249 2620 311 2656 80.
340 2620 380 2656 in
408 2618 521 2655 [aaa.
549 2616 712 2654 accedat
738 2615 902 2652 verbum
929 2614 980 2652 ad
1008 2614 1242 2652 elementum
1269 2615 1304 2651 &
1330 2613 1372 2650 fit
1387 2613 1693 2650 Sacramentum.
1723 2612 1793 2648 Per
1808 2610 1886 2647 hoc
1900 2609 2004 2647 enim
2019 2615 2182 2647 externa

252 2669 447 2709 sensibilia
482 2668 758 2718 proprietatem
787 2667 899 2705 istam
928 2666 1146 2716 accipiunt,
1173 2672 1216 2703 vt
1242 2665 1319 2704 iam
1346 2665 1454 2715 signa
1481 2664 1555 2703 sint
1585 2675 1712 2702 rerum
1742 2661 2015 2711 inuisibilium,
2043 2661 2110 2700 vbi
2136 2672 2184 2698 ex

248 2730 384 2761 natura
423 2734 491 2760 sua
531 2721 624 2759 nihil
657 2722 732 2758 tale
768 2719 1047 2770 significarent,
1081 2731 1162 2757 non
1192 2718 1434 2757 infundendo
1466 2728 1610 2756 nouam
1636 2716 1805 2766 aliquam
1833 2714 2082 2765 qualitatem,
2111 2713 2181 2751 sed

252 2783 401 2814 tantuin
430 2775 617 2813 mutando
645 2785 767 2811 vsum.

1967 2821 2025 2858 16.
2080 2819 2182 2857 Nam
