2334 3020
215 84 294 120 470
923 81 1190 107 EIRENrcl
1235 81 1377 108 PARS
1420 81 1445 108 1.

212 188 320 227 Pauli
346 195 499 226 Vtamur
528 188 665 226 verbis.
701 201 734 226 1.
764 188 853 225 Cor.
884 201 920 236 9.
951 199 1012 235 27.
1038 189 1083 225 In
1111 188 1215 225 hunc
1243 186 1357 237 igitur
1373 187 1537 225 modum
1555 187 1720 232 Psaltes,
1754 187 1817 225 vbi
1836 200 1978 225 omnes
1992 188 2153 227 instituit

214 243 264 279 de
301 254 454 279 summo
495 240 562 279 illo
605 240 750 290 piotlue
783 239 912 278 studio
941 252 1019 289 quo
1049 253 1187 289 pacem
1215 239 1417 278 Ecclesiae
1446 252 1544 289 opus
1573 246 1630 278 est
1659 239 1807 291 expeti,
1837 243 1872 279 δι
1901 240 2076 291 singulos
2104 241 2152 280 de

213 295 334 332 modo
375 294 615 344 expetendae
656 293 758 331 illius
794 292 903 343 pacis
945 292 1191 343 informauit,
1235 293 1366 332 statuit
1408 296 1610 342 postremo
1639 305 1678 331 se
1708 292 1835 342 ipsum
1864 293 1904 331 in
1931 296 2154 344 exemplum

212 359 437 385 sermonum
480 359 639 385 suorum
681 349 715 385 &
751 346 953 385 doctrinae
982 345 1201 384 communis
1232 353 1412 385 statuere.
1441 347 1572 395 Atque
1599 346 1677 384 hoc
1706 353 1814 384 certo
1844 346 2010 385 consilio
2037 347 2153 385 facit:

212 408 295 438 tum
323 408 363 438 vt
392 400 552 438 doceret
579 412 691 445 suos,
720 401 839 449 quam
868 402 958 437 vere
986 401 1021 437 &
1051 412 1099 437 ex
1127 398 1258 437 animo
1287 406 1511 449 antegressa
1537 399 1603 436 illa
1630 399 1867 437 documenta
1896 400 1944 438 de
1959 399 2152 438 laetitia&

211 465 309 502 pace
350 453 389 490 in
425 465 636 491 commune
679 453 880 491 Ecclesiae
919 452 1187 502 proposuerit,
1231 459 1312 490 tum
1351 460 1390 490 vt
1418 464 1555 490 omnes
1584 451 1742 490 videant
1772 454 1807 490 &
1835 452 2002 490 sentiant
2028 466 2102 491 nos
2130 455 2153 492 a

212 505 332 544 seruis
359 505 434 544 Dei
463 518 543 543 non
573 506 707 544 doceri
735 518 794 544 res
824 509 881 554 (vt
909 506 1069 555 vocant)
1098 505 1376 555 impossibiles,
1415 517 1544 554 neque
1573 505 1686 543 obrui
1715 505 1901 543 oneribus
1930 505 2153 544 difficilibus

211 565 388 608 portatu,
419 571 517 608 quae
546 558 618 608 ipsi
647 558 769 608 digito
798 571 869 597 suo
899 571 1060 597 mouere
1087 558 1306 606 noluerint,
1345 558 1414 597 sed
1442 557 1572 607 potius
1599 566 1639 596 vt
1662 557 1762 596 illius
1790 558 2033 608 aliorumque
2061 561 2151 597 Pro-

210 612 415 661 phetarum
443 612 648 661 exemplis,
677 619 865 661 tanquam
895 613 1000 650 nube
1029 611 1366 662 testimoniorum,
1395 610 1664 661 circumsepti,
1693 611 1889 650 discamus
1906 612 2065 650 tandem
2079 624 2153 650 nos

213 665 370 703 taedere
407 665 548 714 nostri,
588 672 827 715 naturaeque
864 673 1043 714 nostrae,
1082 667 1117 703 &
1146 665 1197 703 ad
1225 664 1399 703 officium
1428 665 1470 712 (f.
1501 666 1591 713 741)
1620 664 1717 702 illud
1745 672 1944 715 sanctum,
1973 667 2052 714 quo
2080 678 2152 703 nos

212 717 462 767 prouocauit,
491 718 601 767 quasi
630 725 843 768 praeeunte
872 718 1012 756 eodem
1043 719 1143 756 duce
1172 718 1472 756 contendamus.

265 770 345 808 Hic
379 784 473 821 ergo
511 771 598 809 finis
626 771 689 809 ille
717 779 775 809 est
803 771 854 809 ad
878 783 995 820 quem
1023 772 1219 821 Propheta
1247 771 1458 821 spectauit,
1486 771 1576 808 011111
1605 771 1678 809 1105
1709 770 1809 808 duos
1839 782 1970 808 versus
1998 777 2150 809 antece-

213 823 395 862 dentibus
423 823 653 863 subiiceret:
686 824 868 862 nimirum
898 832 939 863 vt
965 824 1081 862 nobis
1110 823 1258 862 sisteret
1287 824 1325 862 in
1341 825 1584 873 exemplum,
1614 825 1736 862 &nos
1751 835 1822 861 suo
1838 823 1956 872 ipsius
1971 825 2152 873 exemplo

212 878 445 915 accenderet
487 879 812 927 confirmaretque
854 877 893 915 in
932 884 1067 915 sancto
1108 877 1284 915 instituto
1327 885 1476 915 nostro.
1514 877 1675 914 Summa
1702 884 1778 925 est.
1810 877 2003 914 Dauidem
2032 878 2152 926 velle,

213 930 513 980 certissimisque
542 931 592 968 de
627 930 765 981 causis,
787 944 834 969 ac
862 930 1109 980 necessariis,
1138 943 1320 969 sermone
1349 936 1530 979 expetere
1560 930 1595 967 δι
1624 942 1744 979 opere
1774 941 1983 979 procurare
2012 943 2152 979 pacem

213 983 415 1021 Ecclesiae
456 983 549 1035 Dei,
593 985 627 1023 &
657 984 734 1021 1100
765 984 939 1022 officium
963 984 1179 1034 spondere,
1210 984 1304 1021 dum
1334 990 1416 1022 erat
1443 981 1636 1030 victurus,
1665 983 1715 1020 ad
1743 994 1995 1021 communem
2023 982 2152 1020 aedifi-

213 1035 421 1075 cationem.
451 1038 584 1075 Partes
612 1036 742 1086 itaque
768 1038 868 1075 duae
897 1045 1005 1075 sunt:
1036 1050 1113 1075 vna
1141 1045 1197 1075 cst
1213 1036 1372 1086 sponsio
1389 1047 1614 1074 sermonum
1630 1035 1932 1084 orationumque
1949 1036 1998 1073 ad
2014 1049 2152 1085 pacem

213 1089 411 1127 Ecclesiae
454 1089 752 1139 pertinentium:
795 1092 933 1139 altera,
975 1090 1136 1140 sponsio
1178 1102 1341 1139 operum
1368 1090 1418 1127 ad
1447 1088 1616 1127 eundem
1644 1089 1784 1137 finem,
1814 1089 1845 1127 si
1873 1101 1950 1138 qua
1978 1101 2150 1138 vnquam

212 1142 361 1181 ratione
392 1144 467 1181 vlla
494 1144 544 1181 ab
575 1142 660 1193 ipso
689 1151 872 1192 poterunt
902 1142 1096 1193 proficisci
1124 1142 1210 1193 paci
1240 1142 1439 1180 Ecclesiae
1468 1142 1693 1180 commoda.
1723 1141 1833 1180 Prior
1848 1143 1959 1180 locus
1976 1144 2011 1180 S.
2026 1154 2153 1191 versu,

213 1195 405 1245 posterior
433 1195 568 1234 vltimo
598 1197 841 1246 proponitur.
872 1197 1142 1245 Quamobrem
1172 1197 1220 1234 de
1248 1204 1414 1244 Vtroque
1443 1194 1624 1233 distincte
1651 1194 1767 1232 nobis
1782 1195 1995 1233 videndum
2011 1202 2088 1233 est:
2117 1197 2152 1233 ἃ

213 1248 304 1298 quia
344 1261 483 1287 causae
526 1249 638 1287 simul
679 1250 912 1289 coniunctae
956 1257 1063 1296 sunt,
1106 1250 1155 1287 de
1177 1249 1250 1287 illis
1279 1250 1415 1287 eadem
1444 1261 1564 1298 opera
1591 1248 1803 1286 dicendum
1834 1249 1942 1298 quod
1971 1248 2021 1286 ad
2047 1248 2152 1286 hunc

215 1304 348 1340 locum
376 1302 572 1340 videbitur
602 1303 815 1352 pertinere,
845 1304 880 1340 Sc
909 1303 960 1341 ad
987 1302 1194 1341 consilium
1224 1309 1411 1341 nostrum.

271 1355 533 1404 Sponsionem
561 1355 677 1405 igitur
719 1369 945 1394 sermonum
981 1356 1031 1394 de
1059 1369 1155 1405 pace
1185 1355 1384 1393 Ecclesiae
1414 1355 1609 1404 Propheta
1624 1353 1791 1399 faciens,
1820 1354 1940 1392 dicit:
1970 1355 2153 1404 Eloquar

213 1410 290 1445 iam
307 1421 320 1445 .·
351 1415 440 1458 pax
467 1410 546 1447 tibi.
582 1410 749 1447 Causam
779 1411 872 1447 vero
899 1408 1032 1447 adiicit
1059 1408 1150 1456 illis,
1171 1414 1340 1459 propfer
1360 1408 1522 1456 fratres
1551 1420 1675 1457 meos,
1705 1408 1754 1445 ἐφ’
1785 1409 1925 1445 amicas
1953 1420 2064 1445 meos.
2094 1409 2153 1445 Ac

215 1462 263 1499 de
306 1473 423 1499 causa
461 1462 621 1511 quidem
651 1463 725 1500 iam
755 1465 845 1500 ante
874 1462 1052 1500 diximus.
1084 1463 1186 1500 Nam
1215 1474 1472 1511 quaecunque
1500 1461 1551 1499 ad
1578 1459 1898 1499 communionem
1927 1467 2152 1498 sanctorum

214 1514 346 1552 edocti
382 1514 524 1553 fuimus
560 1515 775 1564 pertinere,
804 1528 849 1553 ea
887 1516 1143 1553 fundamento
1173 1514 1348 1553 nituntur
1377 1514 1477 1552 illius
1505 1513 1771 1563 germanitatis
1800 1526 1867 1552 seu
1883 1512 2154 1563 fraternitatis,

215 1569 250 1604 Sc
278 1567 578 1617 propinquitatis
605 1576 780 1617 nostrae,
811 1580 929 1617 quam
957 1581 1037 1607 non
1063 1569 1189 1606 solum
1218 1568 1318 1606 inter
1346 1580 1419 1606 nos
1446 1568 1637 1605 habemus
1664 1568 1859 1617 anatura,
1888 1567 2022 1604 verum
2036 1565 2150 1604 etiam

215 1620 339 1670 (quod
383 1622 578 1670 potentius
621 1624 694 1669 est)
738 1624 760 1659 a
788 1621 910 1671 gratia
939 1621 1014 1659 Dei
1044 1621 1082 1659 in
1113 1620 1292 1670 Christo,
1323 1633 1460 1658 omnes
1488 1619 1647 1669 quidem
1677 1627 1844 1657 vocante
1874 1619 2155 1669 communiter3

214 1674 283 1711 sed
326 1674 554 1712 benedictos
594 1676 617 1712 a
659 1676 771 1713 Patre
812 1682 978 1713 vocante
1017 1674 1273 1724 singulariter.
1316 1676 1430 1712 Haec
1459 1671 1717 1721 conscientia,
1746 1685 1823 1722 qua
1851 1685 1923 1711 nos
1952 1673 2087 1711 fratres
2116 1673 2152 1710 &

214 1726 456 1776 propinquos
486 1727 583 1766 alios
612 1740 695 1765 esse
724 1727 807 1765 aliis
835 1727 1035 1772 nouimus,
1074 1726 1412 1765 coniunctissimos
1441 1725 1577 1775 efficit,
1608 1733 1647 1763 vt
1675 1733 1758 1764 tum
1786 1738 1925 1775 pacem
1953 1724 2051 1763 inter
2080 1738 2152 1763 nos

215 1791 489 1829 procuremus,
532 1788 614 1818 tum
657 1782 706 1819 de
748 1793 844 1830 pace
886 1783 921 1819 ἃ
957 1780 1211 1830 prosperitate
1240 1780 1302 1829 alij
1332 1780 1497 1818 aliorum
1525 1781 1712 1817 laetemur
1740 1778 1777 1816 in
1806 1778 1996 1816 Domino.
2039 1780 2152 1816 Haec

213 1832 329 1882 igitur
358 1845 473 1870 causa
501 1833 565 1871 illa
594 1841 669 1881 est,
699 1835 749 1872 ad
777 1845 894 1882 quam
924 1835 1119 1883 Propheta
1143 1833 1308 1883 respexit
1337 1833 1410 1870 illis
1438 1831 1580 1870 verbis.
1610 1831 1718 1876 Etsi,
1747 1831 1855 1881 quod
1882 1833 1971 1869 ante
2001 1831 2153 1869 disertis

214 1885 341 1924 verbis
370 1886 645 1936 expressimus.
677 1900 757 1925 non
786 1890 932 1925 temere
960 1887 1157 1936 Propheta
1174 1887 1335 1935 fratres
1366 1887 1415 1923 ἐφ’
1442 1887 1584 1923 amicos
1613 1884 1794 1922 distincte
1810 1883 2055 1922 nominauit:
2084 1884 2153 1922 sed

210 1946 251 1976 vt
286 1952 354 1987 per
390 1939 674 1978 incrementum
711 1939 1041 1989 elegantissimum
1076 1939 1201 1977 oratio
1240 1947 1469 1988 assurgeret.
1505 1937 1596 1987 quia
1630 1939 1790 1975 fratrum
1827 1937 2088 1987 appellatione
2127 1938 2150 1984 ij

212 1992 339 2029 solum
381 1992 535 2042 proprie
571 1993 839 2041 continentur,
876 1993 941 2042 qui
981 1994 1015 2030 δι
1044 2000 1180 2030 natura
1209 1993 1244 2029 ἃ
1272 1991 1394 2042 gratia
1422 1991 1535 2029 nobis
1564 1990 1762 2028 coniuncti
1792 1999 1880 2028 sunt
1908 1990 1946 2028 in
1976 1990 2153 2028 Ecclesia

213 2044 307 2092 Dei,
346 2045 564 2084 amicorum
606 2049 699 2084 vero
741 2046 1005 2096 appellatione
1044 2045 1162 2083 etiam
1203 2044 1226 2094 ij
1269 2044 1335 2094 qui
1365 2044 1458 2083 foris
1487 2052 1597 2094 sunt,
1636 2045 1671 2081 ἃ
1699 2045 1749 2081 ab
1779 2043 1956 2081 Ecclesia
1985 2044 2151 2081 absunt:

216 2097 358 2147 quibus
387 2099 574 2137 vocandis
602 2112 738 2137 omnes
767 2112 928 2148 operam
958 2100 1050 2137 dare
1078 2106 1256 2136 tenemur
1285 2098 1323 2135 in
1353 2096 1548 2146 Domino,
1585 2096 1675 2146 quia
1704 2100 1760 2145 (vt
1789 2099 1878 2134 ante
1908 2096 2153 2144 dicebamus)

215 2150 281 2200 qui
308 2164 389 2189 non
418 2160 506 2190 sunt
534 2159 671 2190 contra
699 2165 792 2198 nOS,
820 2153 841 2200 ij
873 2165 945 2201 pro
975 2151 1088 2190 nobis
1116 2164 1200 2190 esse
1229 2150 1391 2200 putandi
1419 2161 1531 2188 sunt:
1562 2151 1658 2187 Luc.
1684 2163 1720 2199 9.
1738 2161 1798 2199 50.
1816 2150 2153 2199 quemadmodum

216 2203 472 2253 promissione
501 2207 608 2244 Deus
640 2205 884 2255 ostenderat,
913 2205 1069 2254 dicens,
1094 2205 1332 2242 Benedicam
1358 2203 1402 2241 iis
1432 2203 1497 2253 qui
1525 2202 1760 2241 benedicent
1790 2202 1880 2249 tibi,
1910 2204 1999 2240 011111
2029 2203 2151 2240 Abra-

216 2259 374 2295 hamum
404 2257 726 2307 promissionibus
755 2258 902 2317 gratiae
930 2258 1144 2296 instrueret.

270 2311 386 2348 Hanc
427 2312 593 2349 eandem
634 2324 792 2350 causam
833 2310 919 2360 pios
946 2324 1084 2349 omnes
1112 2310 1376 2348 indesinentur
1405 2309 1498 2357 sibi,
1528 2308 1755 2358 praesertim
1785 2309 1863 2346 hoc
1891 2307 2153 2346 funestissimo

217 2363 628 2413 perturbatissimoque
671 2365 830 2410 seculo,
873 2377 1031 2402 necesse
1074 2372 1132 2401 est
1173 2370 1262 2401 ante
1303 2363 1442 2400 0011105
1474 2375 1650 2421 'pone-tre·
1678 2369 1719 2399 vt
1747 2375 1827 2399 non
1855 2361 2153 2400 alienationibus

217 2422 330 2474 (quas
359 2415 552 2464 videmus)
582 2417 828 2462 animorum,
858 2425 924 2454 aut
952 2415 1210 2476 praeposteris
1241 2418 1275 2454 &
1303 2415 1443 2465 iniquis
1471 2414 1511 2452 in
1538 2414 1636 2453 ahos
1652 2414 1803 2452 indicus
1819 2415 2063 2462 studeamus,
2086 2413 2154 2452 sed

217 2469 365 2518 optima
393 2469 469 2507 fide
498 2471 533 2507 81
563 2469 801 2508 conscientia
830 2471 964 2507 fratres
991 2470 1141 2507 amicos
1169 2469 1307 2518 singuli
1334 2480 1640 2528 cognoscamus,
1670 2479 1759 2505 cum
1788 2467 1860 2505 illis
1889 2467 2155 2505 coalescamus

217 2524 336 2570 quam
365 2521 677 2588 diligentissime,
706 2529 852 2571 eOsque
881 2522 1064 2560 omnibus
1093 2521 1232 2560 officiis
1261 2533 1360 2571 quae
1387 2522 1426 2559 in
1455 2533 1573 2558 manu
1600 2528 1734 2558 nostra
1758 2521 1864 2558 Deus
1881 2518 2073 2578 posuerit,
2109 2533 2155 2557 ex

217 2574 403 2612 charitate
444 2576 684 2628 ἅνυποκρίτω
714 2587 1010 2625 prosequamur.
1040 2577 1153 2613 Haec
1183 2574 1299 2624 igitur
1328 2586 1462 2621 causa,
1495 2585 1595 2623 quae
1624 2574 1860 2623 Prophetam
1889 2572 2091 2621 excitauit,
2121 2573 2156 2610 δι

217 2640 290 2664 1105
319 2640 456 2665 01111105
486 2629 601 2677 longe
629 2629 761 2667 iustius
789 2642 835 2666 ac
865 2628 1130 2666 vehementius
1157 2627 1326 2666 excitare
1356 2628 1474 2665 debet
1507 2627 1556 2664 ad
1585 2626 1669 2672 illa,
1700 2638 1799 2675 quae
1826 2628 1912 2675 post
1929 2632 2153 2684 sequuntur,

218 2679 347 2717 officia
375 2681 607 2729 praestanda
633 2693 749 2719 accui
753 2684 942 2720 1115511110
973 2693 1091 2730 quam
1119 2682 1154 2718 Γ
1158 2680 1406 2718 11011115100105
1434 2679 1529 2717 olim
1554 2692 1593 2717 se
1609 2678 1795 2717 Miltiadis
1810 2678 1980 2728 tropaeis
1995 2677 2153 2716 excitari

219 2734 267 2770 110
309 2741 424 2771 nocte
466 2733 730 2782 praedicabat.
771 2736 885 2772 Haec
923 2722 1027 2772 0111111
1065 2742 1226 2783 tropaea
1262 2742 1350 2772 sunt
1380 2732 1544 2771 Dauidis
1572 2735 1606 2771 &
1637 2732 1944 2771 Christianorum
1975 2730 2150 2768 omnium

1917 2783 2126 2822 clarissima
2142 2813 2150 2830 ‚
