2334 3020
191 95 242 130 40

182 202 351 251 frustra
387 204 427 239 in
456 203 728 251 exspectatione
757 201 945 238 hominum
977 213 1076 249 esse,
1110 202 1160 238 ἐφ’
1191 202 1400 250 opinionem
1429 204 1658 249 ingenerari
1683 201 1808 250 facile
1839 215 1921 240 cum
1953 204 2118 242 aliorum

179 265 433 312 persuasione
471 262 635 310 simplice
648 290 658 309 ,
696 264 774 297 tum
814 273 918 297 vana
956 261 1194 299 lerasonum
1233 262 1283 298 ἐφ’
1314 258 1603 314 οἷφεταλόγων
1633 263 1838 300 multorum
1869 268 2118 310 arrogantia.

189 323 254 359 De
284 335 361 372 me,
393 326 567 359 neutrum
594 324 796 357 amaturus
827 333 928 370 sum,
956 333 1022 358 nec
1052 322 1185 358 amani
1209 332 1393 369 vnquam.
1425 322 1619 359 iniuriam
1632 322 1810 373 faciunt,
1834 324 1902 371 qui
1915 323 1987 360 sibi
1999 324 2044 360 de
2064 337 2120 361 me

189 383 371 431 spondent
413 381 517 430 quod
548 393 622 417 uon
663 384 720 417 est
747 386 866 430 penes
897 392 954 416 me
967 392 981 426 ‚·
1014 381 1064 417 ἐφ’
1095 381 1191 418 milii
1217 382 1348 431 tacite,
1385 381 1474 418 dum
1499 382 1586 419 bene
1615 384 1756 420 sentire
1782 387 1946 433 putant,
1979 389 2115 433 expro-

190 443 308 479 brant
334 442 566 480 inscientiam
600 441 650 478 &⁹
680 440 942 490 infirmitatem
972 452 1105 479 meam.
1157 440 1275 488 Quod
1298 441 1335 478 si
1361 453 1429 488 ego
1464 442 1584 478 multa
1614 455 1808 480 assumens
1837 443 1933 481 milii
1950 444 2117 493 praedi-

192 514 350 548 cauero‚
377 502 605 549 grauiorem
636 500 729 537 milti
756 501 833 549 ipsi
862 500 912 537 ὃν·
945 500 1048 538 vobis
1076 501 1261 538 iniuriam
1293 501 1444 551 fecero,
1478 505 1660 550 tanquam
1690 504 1726 540 si
1746 505 1908 541 nesciam
1925 516 1981 540 me
1996 505 2117 553 ipsum

193 563 321 599 metiri
357 561 505 599 modulo
542 573 587 597 ac
617 560 716 609 pede
748 572 827 597 meo
869 564 940 596 aut
966 562 1154 598 rationem
1186 562 1259 598 mei
1282 559 1410 611 officij
1438 572 1536 608 erga
1567 562 1776 609 dignitates
1808 568 1958 601 vestras
1990 565 2116 613 explo-

193 634 302 660 rare.
349 622 459 659 Fecit
487 625 609 658 tamen
640 621 763 670 opinio
799 624 930 657 vestra
961 621 1006 657 de
1034 633 1112 669 me,
1137 620 1242 669 fecit
1268 621 1397 658 aliena
1426 616 1687 676 (ondecunque
1716 635 1761 660 ea
1791 620 1860 677 sit)
1885 625 2094 673 persuasio
2108 653 2119 673 ,

189 686 232 719 vt
258 693 377 719 meam
407 682 568 719 absentis
598 685 752 729 operam
784 680 1076 729 desideraretis,
1110 682 1161 719 ἐφ’
1192 693 1237 718 ea
1257 682 1479 731 praesentis
1509 684 1718 721 vteremz'ni.
1751 683 1978 721 Asumanam
2010 685 2120 721 illam

191 745 358 779 vestram
389 743 429 779 in
464 742 635 790 opinione
665 740 710 776 de
739 751 796 777 me
825 742 1066 790 concipienda
1079 770 1090 791 .,
1120 742 1326 790 bonamque
1355 741 1607 793 facilitatem,
1638 744 1784 793 excepit
1811 757 1894 781 mea
1920 746 1960 782 in
1989 746 2122 793 acqui-

188 802 340 839 escendo
380 801 569 849 facilitas.
617 800 711 837 Non
745 812 818 849 quo
849 801 943 838 milii
973 801 1199 851 confiderem
1231 813 1288 839 me
1317 803 1629 852 exspectationem
1660 803 1842 852 desiderii
1869 806 1973 842 illius
2003 805 2126 842 vestri

188 863 340 910 explere
370 867 506 912 posse:
543 860 613 897 sed
628 861 761 910 potius
791 862 848 898 ita
878 873 959 899 cum
991 859 1104 914 ani(f.
1144 857 1352 916 1370.)mo
1383 875 1461 899 meo
1491 863 1724 908 statuebam,
1757 876 1875 901 meum
1911 865 2121 913 obsequium

189 917 290 975 (utut
317 917 441 976 tenue)
473 924 597 957 testem
628 932 706 958 esse
736 922 857 959 animi
885 922 936 959 ἐφ’
966 923 1173 960 voluntatis
1203 934 1307 959 meae
1336 927 1513 973 oportere
1522 934 1537 970 ;
1564 925 1739 971 quamuis
1761 924 1809 960 ab
1836 925 2007 974 opinione
2021 925 2118 962 iudi-

185 982 312 1030 cio'que
342 984 550 1031 praecepto
582 984 708 1017 vestro
739 981 838 1018 absit
866 982 1095 1030 longissime.
1142 983 1281 1031 ltaque
1318 984 1358 1021 in
1389 983 1462 1020 lzac
1492 984 1738 1020 celeberrima
1768 988 1900 1021 vestra
1919 985 2119 1034 florentis-

186 1043 353 1090 sima'quc
395 1041 602 1078 Academia
648 1042 872 1079 constitutus
917 1042 963 1080 de
1005 1043 1191 1080 sententia
1228 1047 1383 1094 vestra,
1423 1055 1505 1081 cum
1529 1045 1702 1093 priuatis
1733 1044 1870 1081 studiis
1899 1045 2118 1094 scriptioni-

185 1102 323 1150 bu‘sque
337 1132 347 1152 ,
380 1105 457 1139 tum
488 1101 703 1138 lectionibus
735 1102 785 1139 &⁹
816 1103 1119 1140 exercitamentis
1140 1104 1307 1153 publicis
1336 1116 1411 1141 non
1441 1104 1589 1142 cessaui
1622 1103 1807 1154 Spartam
1835 1105 1977 1155 colere,
2007 1117 2120 1153 quam

186 1166 319 1199 nactus
355 1175 435 1199 sum
476 1162 668 1199 voluntate
707 1161 790 1199 Dei
807 1162 1030 1212 judicio'que
1059 1167 1211 1201 vestro:
1244 1176 1322 1213 qua
1351 1165 1391 1202 in
1423 1163 1570 1214 Sparta
1601 1176 1642 1201 eo
1673 1176 1730 1201 me
1758 1165 1932 1202 libentius
1961 1170 2120 1214 occupo,

186 1235 258 1270 quo
289 1223 390 1259 alias
420 1223 679 1271 occupationes
709 1222 795 1259 inde
828 1224 853 1259 a
884 1225 1011 1261 multis
1042 1225 1155 1261 annis
1186 1224 1303 1261 didici
1324 1224 1474 1272 sugere
1505 1225 1737 1271 diligentius.
1785 1225 1945 1262 Horret
1972 1225 2122 1262 animus

186 1284 444 1332 occupationes
474 1283 597 1319 alias:
625 1283 864 1331 praesertim
891 1285 1074 1321 ‘conscius
1117 1296 1173 1321 me
1203 1284 1260 1321 ad
1286 1284 1380 1329 lias,
1417 1297 1491 1321 non
1523 1285 1580 1321 ad
1606 1285 1708 1322 alias
1739 1289 1912 1322 vocatum
1944 1296 2024 1322 esse
2031 1296 2047 1331 ,·
2077 1297 2122 1322 ac

184 1341 290 1387 forte
315 1344 426 1380 etiam
453 1343 645 1389 ingenium
677 1342 734 1378 ad
764 1342 836 1380 lias
871 1356 949 1380 esse
978 1345 1091 1392 quam
1123 1344 1180 1380 ad
1205 1345 1295 1381 illas
1326 1346 1465 1394 aptius.
1494 1345 1628 1382 Huius
1658 1345 1720 1381 rei
1742 1357 1808 1382 vos
1825 1345 1972 1395 appello
1989 1348 2121 1390 testes,

185 1406 309 1439 testem
349 1403 593 1440 Academiam
607 1431 617 1449 ,
660 1406 785 1439 testem
827 1403 1077 1452 iuuentutem,
1117 1416 1215 1452 quae
1255 1406 1345 1442 meis
1381 1405 1598 1442 lectionibus
1629 1405 1753 1442 adlzuc
1784 1418 1858 1442 non
1895 1404 2121 1453 infrequens

185 1462 378 1510 interfuit.
426 1462 535 1511 Quid
556 1460 714 1511 plura?
749 1462 848 1500 lizcnc
886 1464 1008 1514 ipsum
1039 1464 1203 1501 libellum
1235 1464 1292 1501 ad
1316 1477 1382 1502 vos
1415 1465 1541 1511 allego
1572 1468 1698 1502 testem
1712 1494 1722 1514 ,
1755 1476 1845 1502 reus
1872 1464 2123 1514 promittendi

176 1521 314 1569 factus
354 1523 430 1560 iam
471 1523 657 1560 biennium
692 1520 818 1568 ferme
850 1527 966 1561 totum
978 1552 989 1569 ,
1028 1525 1209 1561 bonorum
1242 1525 1494 1574 quorumdam
1546 1525 1595 1562 ἔφ’
1628 1525 1979 1562 amantissimorum
2012 1526 2120 1562 colle-

178 1593 324 1628 garum
349 1595 514 1620 meorum
541 1583 808 1632 postulatione.
847 1584 897 1620 In
926 1584 995 1621 lzoc
1031 1584 1127 1621 enim
1158 1584 1281 1621 libello
1312 1584 1410 1633 quid
1441 1584 1646 1632 leeologz'a
1677 1585 1730 1622 sit
1748 1585 1873 1633 (cuius
1901 1597 1968 1623 nos
1995 1597 2120 1622 sacer-

184 1642 287 1679 dotes
326 1644 470 1693 snmus)
513 1643 562 1680 ξφ
594 1643 690 1691 quid
730 1643 960 1694 Ilieologus,
1003 1656 1044 1681 eo
1085 1643 1220 1681 ordine
1259 1645 1430 1693 explico,
1463 1647 1580 1692 eaque
1611 1645 1676 1681 via
1691 1650 1910 1695 persequor
1926 1674 1935 1692 ‚
1969 1648 2012 1682 vt
2045 1657 2120 1682 non

181 1702 320 1750 possim
351 1704 441 1751 quin
473 1703 700 1752 exclamem,
732 1702 822 1740 dum
853 1707 1120 1752 argumentum
1153 1706 1231 1741 eius
1263 1704 1559 1753 dignitatemque
1588 1706 1736 1754 recolo,
1765 1705 1824 1741 Et
1843 1705 1900 1741 ad
1921 1705 2014 1742 llaec
2035 1706 2120 1753 quis

184 1760 368 1799 idoneus?
414 1764 494 1800 Hic
535 1763 738 1800 communis
775 1763 945 1810 dignitas
991 1762 1154 1814 Clzris(f.
1193 1761 1560 1818 1371.)stianorum
1591 1765 1777 1814 omnium,
1808 1764 1868 1802 laic
1903 1765 2120 1811 singularis

187 1821 356 1868 dignitas
392 1823 708 1860 administrorum
745 1822 899 1861 diuinae
934 1824 1168 1873 sapientiae,
1199 1824 1261 1861 lzic
1291 1836 1424 1861 rerum
1461 1824 1684 1862 diuinarum
1712 1825 1893 1861 maiestas
1925 1826 2098 1874 exposita
2111 1853 2121 1872 ,

185 1893 298 1930 quam
333 1883 443 1920 Deus
473 1885 513 1920 in
545 1883 786 1921 vasculorum
818 1883 976 1936 χοὶκῶν
1005 1887 1262 1932 testarumque
1293 1885 1520 1931 infirmitate
1551 1885 1672 1921 voluit
1701 1884 1919 1933 depositam.
1960 1884 2121 1921 Christi-

185 1943 270 1979 anis
301 1943 468 1980 omnibns
498 1947 672 1980 constare
703 1943 810 1992 cupio
842 1944 887 1980 de
917 1944 1103 1991 dignitate
1128 1956 1201 1981 sua
1228 1945 1269 1981 in
1311 1944 1464 1981 Clzristo
1492 1943 1581 1981 Iesu
1592 1955 1608 1990 ,·
1645 1943 1685 1980 T
1677 1944 1844 1991 lzeologis
1875 1944 1965 1981 vero
1989 1945 2039 1981 ὃν
2056 1944 2122 1980 ad-

185 2001 371 2039 ministris
401 2004 590 2047 omnibus,
624 2002 668 2039 de
697 2004 760 2039 sui
788 2004 956 2041 muneris
981 2004 1207 2051 gravitate:
1238 2008 1281 2041 vt
1311 2005 1373 2041 illi
1401 2004 1457 2040 ad
1476 2016 1585 2040 suam
1622 2004 1845 2050 dignitatem
1874 2004 2120 2048 contendant,

185 2061 228 2098 lu·
255 2063 456 2100 attendant
483 2064 539 2100 ad
564 2063 875 2111 dispensationem
906 2064 979 2101 sibi
1003 2064 1256 2102 concreditam
1269 2093 1279 2111 ,
1312 2064 1360 2101 ab
1386 2064 1476 2100 aliis
1501 2064 1615 2101 rebus
1646 2065 1751 2101 velut
1777 2065 1940 2113 scopulis
1970 2065 2122 2113 pericu-

185 2121 382 2159 losissimis
421 2122 665 2172 Syrtibu‘sque
700 2126 886 2168 caueant,
931 2124 982 2161 ἐφ’
1023 2125 1062 2161 in
1102 2124 1163 2162 llis
1200 2124 1278 2161 dies
1321 2127 1516 2172 noctisque
1552 2135 1683 2161 coram
1714 2123 1883 2161 Domino
1917 2122 2003 2174 (qui
2030 2123 2123 2161 lzaec

174 2186 253 2230 per
282 2182 459 2231 spiritum
489 2183 718 2220 consulentes
749 2195 794 2219 ae
824 2185 1032 2231 relegentes
1065 2183 1185 2234 docezy
1216 2188 1418 2221 versentur
1449 2183 1747 2230 religiosissime.
1780 2184 1850 2221 Vos
1876 2196 1945 2221 oro
1959 2213 1970 2234 ,
2002 2184 2121 2233 Nobi-

187 2241 325 2278 lissimi
360 2242 410 2279 &⁹
441 2243 678 2292 Amplissimi
705 2243 805 2288 viri,
830 2248 957 2293 prout
979 2244 1075 2281 milii
1102 2244 1215 2282 liuius
1246 2245 1307 2281 rei
1336 2243 1546 2281 tradendae
1578 2244 1618 2281 in
1649 2243 1722 2281 nac
1753 2248 1884 2282 vestra
1913 2243 2122 2281 Academia

182 2302 375 2350 principes
403 2303 453 2340 ἂν*
484 2307 658 2340 auctores
680 2301 841 2352 fuistis,
873 2306 930 2341 ita
959 2304 1028 2341 lzoc
1048 2305 1287 2354 princi-‘Livium
1318 2303 1541 2354 disciolinae
1571 2316 1675 2341 meae
1705 2304 1745 2341 in
1778 2304 1905 2341 eadem
1933 2304 2119 2340 traditum

187 2362 237 2398 ὅς’
271 2361 373 2398 vobis
399 2363 562 2400 oblatum
594 2362 790 2410 accipiatis
821 2375 939 2412 aequo
970 2365 1121 2414 animo,
1149 2369 1331 2413 tanquam
1354 2364 1456 2414 fidei
1483 2375 1586 2401 meae
1611 2365 1778 2413 pignus,
1808 2365 1858 2402 ἐφ’
1888 2363 2008 2412 studcj'
2028 2369 2121 2412 pro-

182 2422 400 2470 pensissimi
431 2434 530 2468 erga
570 2434 636 2459 vos
675 2425 914 2471 vestramque
952 2424 1199 2462 Academiam
1233 2426 1358 2473 (cuius
1397 2436 1454 2461 me
1485 2427 1644 2474 partem
1675 2424 1848 2462 voluistis
1880 2423 1974 2470 esse)
2012 2423 2121 2460 docu-

185 2485 360 2518 mentum.
405 2482 530 2519 Valete
575 2480 810 2520 Nobilissimi
852 2483 902 2521 ἐφ’
947 2483 1188 2533 Amplissimi
1230 2485 1328 2532 viri,
1375 2484 1426 2522 ἐφ’
1463 2495 1594 2521 veram
1633 2485 1834 2534 pietatem,
1873 2483 2121 2520 Academiam

176 2542 335 2589 pietatis
361 2537 619 2598 οἷσκητῆριον
634 2571 643 2588 ,
676 2553 732 2578 me
758 2542 808 2579 ὃν·
839 2543 1013 2581 literatos
1043 2545 1183 2582 omneis
1197 2573 1207 2593 ,
1230 2545 1412 2593 pietatis,
1436 2545 1640 2592 veritatis,
1671 2544 1721 2581 ἐφ’
1738 2543 1988 2581 humanitatis
2004 2544 2121 2580 alum-

186 2613 276 2649 nos,
308 2612 442 2637 amare
469 2602 632 2649 pergite.
662 2600 849 2647 Lugduni
878 2603 1146 2648 Batauorum,
1184 2614 1284 2642 xun.
1317 2604 1416 2641 Kal.
1450 2603 1586 2642 Sextil.
1615 2604 1684 2642 CIo
1711 2604 1755 2642 Io
1782 2612 1886 2640 xC1v.
