2334 3020
258 114 330 148 114
872 110 1087 138 THESES
1128 110 1552 139 THEOLOGICAE.

305 230 367 265 32.
421 216 536 253 Adde
581 216 689 264 quod
729 228 802 253 nec
844 215 974 265 lingua
1016 217 1268 267 Prophetica,
1305 217 1469 267 stiloque
1505 216 1637 254 diuino
1664 217 1812 267 scripti,
1841 230 1915 255 nec
1942 218 2174 257 authoritate

254 269 383 307 diuina
425 267 622 305 Ecclesiae
659 267 758 311 dati,
801 270 835 306 &
874 268 1122 319 sanctificati,
1159 282 1232 307 nec
1259 272 1282 307 a
1309 271 1542 308 Iudaeorum
1570 270 1746 308 Ecclesia
1773 270 1892 319 agniti
1921 270 1961 308 in
1987 272 2173 309 Hebraeo

252 333 424 367 canone,
454 333 525 357 nec
552 323 575 357 a
605 320 759 357 Christo
789 322 824 358 ἃ
851 320 1072 371 Apostolis,
1100 321 1166 370 qui
1194 323 1299 359 nulla
1325 322 1416 360 inde
1443 322 1663 360 testimonia
1690 331 1730 360 vt
1752 336 1799 360 ex
1816 325 1905 360 vere
1921 326 2172 366 θεοπνεύςοις

249 373 355 411 libris
382 374 609 422 hauserunt,
637 374 687 410 ad
715 372 914 411 veritatem
945 373 1145 412 doctrinae
1173 386 1264 412 suae
1292 375 1646 412 demonstrandam.
1937 396 1939 398 ·

302 437 364 474 33.
420 424 617 473 Obijciunt
644 425 832 473 Pontificij
864 426 1019 464 decreta
1046 428 1238 474 quaedam
1267 427 1555 477 Conciliorum,
1584 429 1653 465 sed
1681 434 1721 465 vt
1743 427 1783 465 in
1806 427 1947 477 quibus
1962 427 2170 476 praefuerit

250 491 330 515 non
358 477 520 527 Spiritus
549 477 712 528 Christi,
741 478 810 515 sed
837 478 1060 527 hominum,
1090 492 1169 517 non
1199 493 1246 517 ex
1275 481 1395 517 verbo
1424 480 1521 529 Dei,
1548 480 1617 517 sed
1645 487 1782 518 contra
1808 483 1918 529 ver(f.
1946 482 2169 528 1601.)bum

249 530 322 568 Dei
350 531 496 568 sancita
524 537 611 568 sunt
640 531 840 580 dogmata.
882 532 1132 569 Probandum
1161 531 1275 582 igitur
1302 532 1373 570 illis
1399 534 1515 582 foret,
1543 533 1641 570 haec
1669 544 1737 570 sua
1764 546 1855 571 vera
1881 546 1964 571 esse
1987 532 2171 582 concilia,

249 583 390 621 deinde
430 583 560 621 omnia
601 595 700 631 quae
740 583 913 632 legitima
949 584 1127 622 Concilia
1163 586 1396 633 decernunt,
1429 585 1509 622 sine
1539 585 1804 623 controuersia
1831 587 1866 623 δε
1894 585 2171 623 diiudicatione

248 649 330 673 esse
358 635 599 685 recipienda:
644 636 763 683 Quod
792 648 989 685 negamus.

299 701 361 737 34.
416 690 546 726 Patres
574 688 731 737 quidem
758 690 921 727 fatemur
949 689 1119 728 hausisse
1149 691 1342 739 quaedam
1369 703 1416 727 ex
1435 689 1508 727 illis
1523 689 1651 740 libris,
1668 691 1736 728 sed
1750 691 1800 728 ad
1817 703 1945 729 mores
1960 690 2170 728 informan-

245 742 340 786 dos,
370 753 449 779 non
477 742 528 778 ad
555 742 673 779 fidem
704 743 1031 791 confirmandam3
1060 744 1198 792 idque3
1227 756 1307 781 non
1323 751 1363 781 vt
1377 755 1424 780 ex
1439 742 1753 792 Canonicis,sed
1767 751 1807 782 vt
1822 756 1869 781 ex
1887 743 2169 781 Ecclesiasticis

245 794 412 843 scriptis.
436 795 529 831 Hoc
557 794 670 844 igitur
699 795 749 832 ad
778 808 859 833 rem
889 794 983 833 nihil
1012 796 1119 841 facit,
1149 797 1238 834 cum
1271 797 1481 846 Apostolus
1509 795 1591 846 ipse
1619 795 1711 833 citet
1741 808 1872 835 versus
1896 809 1943 834 ex
1958 796 2170 846 prophanis

245 846 484 885 authoribus.
513 849 602 885 Act.
637 859 695 896 17.
727 850 786 886 28.
813 848 889 886 Tit.
924 862 956 886 I.
990 851 1047 887 18.
1076 861 1242 898 quorum
1273 857 1402 887 tamen
1426 848 1514 886 libri
1534 849 1622 886 ideo
1649 848 1837 886 Canonici
1861 862 1941 887 non
1971 850 2170 887 habentur.

299 910 361 948 35.
416 901 572 938 Vocant
600 900 714 938 etiam
743 902 873 939 Patres
899 901 1109 950 aliquando
1136 902 1256 940 libros
1283 902 1369 940 illos
1399 914 1552 951 sacros,
1580 901 1660 938 imo
1690 901 1931 951 Canonicos,
1956 902 2023 939 sed
2044 901 2172 950 aequi-

246 955 343 990 uoce
372 953 407 989 ἃ
436 955 661 1002 comparate
689 954 739 991 ad
767 954 912 1003 reliqua
938 955 1107 993 humana
1135 955 1295 1004 scripta,
1323 967 1404 993 non
1432 961 1562 992 autem·
1590 955 1746 1003 proprie
1767 955 1802 991 δε
1827 955 2068 1004 vniuoce,vt
2083 954 2170 992 libri

246 1005 467 1054 Prophetici
498 1010 531 1044 δε
561 1006 796 1056 Apostolici:
829 1019 926 1055 quos
954 1007 1027 1057 ipsi
1055 1010 1420 1058 σ-ιριιυτοκοιικονικοῦς7
1446 1007 1542 1045 alios
1557 1008 1935 1057 δευτεροκανονικούς
1949 1018 2173 1056 nuncupare

248 1059 394 1108 solent,
423 1065 464 1096 vt
492 1058 632 1108 quibus
660 1059 858 1109 proximus
885 1067 974 1109 post
1001 1061 1224 1098 Canonicos
1246 1060 1344 1098 inter
1365 1063 1534 1098 humana
1548 1059 1691 1108 scripta
1705 1061 1892 1097 debeatur
1906 1062 2037 1097 locus:
2054 1071 2170 1108 quem

250 1110 365 1148 etiam
393 1111 466 1148 illis
493 1113 659 1150 libenter
686 1112 958 1162 concedimus,
987 1114 1055 1151 sed
1083 1112 1167 1162 pari
1193 1113 1315 1163 gradu
1343 1125 1434 1150 cum
1462 1111 1670 1150 Canonicis
1698 1111 1943 1161 recipiendos
1971 1124 2170 1162 negamus.

302 1166 364 1212 36.
419 1164 483 1201 Ad
510 1165 755 1203 Traditiones
783 1168 874 1203 vero
903 1167 1010 1214 quod
1038 1165 1191 1215 attinet,
1220 1167 1436 1204 notandum
1467 1173 1523 1203 est
1550 1165 1615 1203 hic
1638 1164 1700 1213 agi
1723 1165 1772 1202 de
1787 1164 2057 1203 traditionibus
2072 1177 2171 1213 quae

249 1217 298 1253 ad
327 1216 446 1254 fidem
471 1218 506 1254 δι
535 1231 664 1255 mores
695 1218 907 1269 pertinent,
936 1231 1009 1256 nec
1037 1219 1333 1256 fundamentum
1360 1220 1504 1257 habent
1531 1219 1571 1256 in
1599 1217 1796 1266 Scriptura
1824 1229 1892 1255 seu
1914 1217 2172 1266 directe,siue

249 1282 296 1306 ex
323 1269 421 1307 iusta
449 1271 744 1319 consequentia:
774 1271 882 1318 Quas
911 1279 1039 1309 tamen
1066 1273 1203 1309 volunt
1230 1271 1419 1320 Pontificij
1449 1271 1532 1321 pari
1559 1270 1712 1320 pietatis
1739 1271 1860 1320 gradu
1889 1272 1923 1308 δι
1952 1270 2173 1320 religionea

249 1322 363 1359 nobis
391 1322 510 1372 recipi
537 1326 572 1361 ἃ
600 1323 677 1361 coli
705 1337 751 1361 ac
781 1336 825 1361 ea
853 1336 952 1373 quae
980 1326 1158 1374 expresse
1187 1325 1379 1362 docentur
1406 1325 1444 1362 in
1472 1325 1593 1362 verbo
1622 1323 1708 1360 Dei.

303 1387 363 1423 37.
420 1377 502 1413 Nos
530 1383 658 1414 autem
685 1376 890 1415 asserimus
919 1390 963 1415 ea
991 1378 1121 1414 omnia
1151 1389 1250 1426 quae
1278 1377 1392 1415 nobis
1420 1378 1615 1415 credenda
1644 1378 1678 1413 &
1702 1375 1878 1414 facienda
1901 1383 1990 1414 sunt
2012 1377 2063 1414 ad
2077 1378 2173 1414 salu-

251 1435 346 1477 tem,
379 1430 547 1476 perfecte
575 1429 614 1466 in
642 1429 757 1466 sacris
785 1429 989 1479 Scripturis
1018 1430 1226 1480 contineri,
1255 1437 1294 1467 vt
1321 1429 1360 1467 in
1390 1431 1530 1479 quibus
1550 1431 1664 1478 plane
1680 1429 1918 1467 voluntatem
1935 1441 2043 1467 suam
2058 1429 2172 1467 nobis

249 1481 477 1519 reuelauerit
512 1483 638 1532 Deus,
677 1494 776 1531 quae
808 1495 881 1519 nos
908 1483 1057 1532 possint
1085 1483 1275 1532 sapientes
1304 1483 1466 1521 reddere
1493 1484 1544 1521 ad
1572 1483 1755 1531 salutem,
1787 1495 1821 1520 2.
1856 1483 1952 1520 Tim.
1980 1496 2018 1531 3.
2051 1493 2107 1531 15.
2137 1485 2171 1520 δι

249 1540 356 1570 extra
383 1545 477 1582 quas
506 1547 585 1572 non
614 1535 660 1572 sit
686 1535 791 1573 fideli
817 1535 1057 1584 sapiendum.
1092 1549 1122 1572 1.
1152 1536 1241 1574 Cor.
1271 1549 1307 1582 4.
1325 1537 1359 1572 6.
1389 1537 1470 1574 Stat
1486 1536 1587 1573 enim
1610 1534 1818 1585 sententia,
1839 1535 1870 1572 si
1886 1535 1971 1584 quis
1986 1548 2033 1572 ex
2049 1537 2172 1584 Apos-

249 1587 337 1623 tolis
373 1588 434 1624 vel
462 1587 620 1636 Angelis
649 1587 794 1636 aliquid
823 1588 1144 1638 euangelizauerit
1171 1595 1323 1637 praeter
1349 1588 1386 1625 id
1417 1589 1524 1637 quod
1552 1586 1797 1637 accepimus,
1823 1588 1927 1625 hunc
1956 1600 2039 1625 esse
2071 1591 2172 1625 Ana-

250 1639 401 1689 thema,
436 1640 526 1677 Gal.
561 1654 591 1677 1.
629 1644 684 1678 18.

301 1693 363 1739 38.
418 1694 601 1730 Fatemur
629 1693 786 1743 quidem
816 1695 1028 1743 Apostolos
1056 1707 1136 1731 non
1165 1694 1296 1731 omnia
1322 1706 1484 1731 numero
1513 1694 1730 1745 scripsisse,
1762 1694 1844 1731 tum
1872 1705 1971 1741 quae
1999 1693 2173 1731 Christus

249 1745 340 1781 secit
369 1746 403 1782 ἃ
432 1744 547 1796 dixit,
577 1748 663 1784 solz.
697 1760 755 1783 20.
785 1760 848 1795 3ο.
876 1748 957 1784 tiun
987 1759 1085 1795 quae
1112 1746 1183 1795 ipsi
1205 1747 1543 1796 praedicanerunt:
1561 1748 1708 1795 (omnia
1724 1746 1825 1786 enim
1842 1745 1989 1795 singula
2005 1747 2173 1783 mundus

248 1797 329 1846 ipse
358 1799 455 1835 ferre
485 1812 565 1836 non
594 1798 802 1849 potuisset,
830 1799 974 1836 nedum
1003 1802 1179 1848 capere,)
1215 1801 1284 1838 sed
1312 1800 1448 1838 eadem
1476 1799 1646 1850 ratione,
1674 1799 1805 1838 omnia
1832 1805 1914 1836 tum
1943 1798 2173 1836 vniuersalia

250 1853 284 1887 δε
311 1851 535 1888 communia
563 1864 662 1900 quae
690 1853 796 1889 Deus
825 1851 1029 1900 reuelanit,
1059 1854 1140 1890 tum
1169 1865 1215 1889 ex
1242 1853 1537 1901 particularibus
1561 1865 1817 1902 quaecunque
1832 1852 1881 1889 ad
1897 1853 2058 1889 salutem
2074 1851 2172 1889 scire

249 1903 429 1952 expedit,
458 1906 626 1953 perfecte
656 1904 693 1941 in
722 1905 927 1954 Scripturis
958 1905 1070 1942 nobis
1099 1905 1316 1943 exhibuisse
1344 1905 1565 1956 asserimus,
1593 1905 1786 1955 sigillatim
1815 1904 1973 1953 quidem
2002 1916 2100 1953 quae
2124 1904 2174 1941 ad

251 1956 366 1993 fidem
410 1958 444 1994 ἃ
480 1970 607 1994 mores
645 1964 833 2007 spectant.
869 1957 1080 1995 Ritualium
1113 1961 1205 1995 vero
1240 1960 1365 2008 legem
1397 1959 1615 2008 generalem
1647 1959 1821 2008 dedisse,
1850 1965 1890 1994 vt
1918 1958 2050 1994 onmia
2078 1958 2172 1994 fiant

252 2009 494 2057 εὐσχημόνως
523 2014 585 2046 καὶ
617 2013 711 2048 κατὰ
741 2012 860 2051 τάξιν.
894 2024 926 2048 Ι.
959 2011 1048 2048 Cor.
1083 2024 1141 2057 14.
1169 2024 1232 2057 40.

303 2073 364 2110 39.
420 2063 666 2100 'l'raditiones
695 2075 787 2113 ergo
816 2076 971 2113 omnes,
999 2063 1079 2101 siue
1108 2076 1208 2112 quae
1237 2063 1510 2112 Apostolicae,
1539 2063 1619 2101 siue
1640 2075 1739 2113 quae
1765 2063 2062 2102 Ecclesiasticae
2077 2074 2172 2100 nun-

251 2120 460 2163 cupantur,
488 2113 516 2150 si
546 2116 780 2153 conueniant
807 2128 896 2153 cum
924 2116 1111 2165 scriptura
1141 2116 1399 2166 admittimus,
1428 2116 1459 2153 si
1480 2116 1705 2154 dissentiant
1721 2116 1979 2167 reiicimus,si
1994 2122 2171 2153 neutrum

249 2165 388 2202 liberas
417 2165 687 2215 relinquimus:
718 2176 757 2206 vt
785 2168 894 2205 verbi
921 2169 1043 2218 gratia
1070 2170 1112 2207 B.
1141 2169 1306 2206 Mariam
1331 2182 1481 2218 semper
1497 2169 1680 2207 mansisse
1696 2169 2008 2219 virginem,ante
2023 2175 2172 2218 partum

251 2217 430 2268 quidem,
471 2220 664 2257 credimus
704 2234 750 2258 ex
791 2221 1000 2270 Scriptura.
1041 2224 1188 2259 Matth.
1230 2236 1261 2260 1.
1301 2232 1362 2271 25.
1400 2228 1488 2270 post
1516 2229 1669 2271 partum
1697 2226 1791 2261 vero
1821 2230 1995 2261 tenemus
2023 2233 2102 2258 non
2131 2228 2173 2257 vt

250 2272 394 2319 dogma
422 2271 532 2311 fidei.
563 2274 630 2310 sed
659 2280 699 2310 vt
727 2274 948 2312 assensione
977 2273 1149 2324 dignum.

303 2336 366 2369 40.
421 2325 557 2372 Itaque
597 2326 736 2363 frustra
770 2327 948 2364 laborant
983 2327 1173 2375 Pontificij
1202 2334 1242 2365 vt
1269 2329 1457 2377 probent,
1486 2329 1647 2365 verbum
1676 2341 1756 2365 non
1786 2328 1973 2378 scriptum
2002 2325 2173 2364 eiusdem

250 2387 332 2413 esse
366 2377 606 2415 authoritatis
641 2390 728 2416 cum
766 2380 887 2416 verbo
919 2379 1083 2429 scripto,
1114 2380 1432 2430 quandoquidem
1459 2392 1556 2418 vnus
1588 2388 1644 2418 est
1672 2381 1870 2430 Vtriusque
1897 2381 2054 2418 author:
2083 2380 2172 2416 cum

248 2428 353 2476 prins
395 2429 526 2467 fuisset
566 2431 815 2479 probandum
858 2444 939 2469 esse
978 2433 1136 2482 aliquod
1165 2432 1357 2471 eiusmodi
1384 2433 1547 2471 verbum
1576 2446 1656 2471 non
1688 2433 1892 2484 scriptum,
1921 2435 1955 2471 Sc
1984 2431 2173 2481 quaedam

249 2481 443 2519 credenda
470 2490 622 2531 praeter
651 2496 696 2521 ea
724 2496 823 2532 quae
851 2485 1099 2523 continentur
1127 2484 1165 2522 in
1196 2485 1417 2535 Scripturis:
1447 2486 1553 2535 quod
1580 2498 1782 2536 negamus.

303 2547 366 2580 41.
421 2535 637 2573 Ecclesiam
674 2535 807 2574 dicunt
842 2550 967 2576 errare
994 2551 1073 2576 non
1102 2551 1236 2588 posse,
1260 2537 1429 2588 ideoque
1458 2545 1599 2576 statuta
1626 2539 1898 2578 Ecclesiastica
1927 2550 2011 2576 esse
2037 2535 2174 2574 admit-

249 2587 384 2623 tenda:
415 2589 485 2625 sed
513 2600 699 2638 negamus
727 2589 942 2627 Ecclesiam
971 2603 1051 2628 non
1079 2604 1194 2640 posse
1225 2604 1372 2641 errare,
1401 2591 1489 2628 cum
1517 2598 1669 2631 constet
1697 2605 1744 2629 ex
1769 2591 1993 2630 hominibus
2008 2595 2176 2639 exparte

250 2645 398 2676 tantum
437 2641 685 2690 regeneratis.
722 2643 807 2679 Imo
838 2643 926 2680 licet
954 2644 1133 2681 daremus
1160 2644 1375 2682 Ecclesiam
1407 2657 1538 2681 veram
1566 2656 1644 2682 non
1674 2657 1788 2694 posse
1817 2657 1964 2694 errare,
1991 2653 2177 2692 negamus

257 2696 385 2728 tamen
431 2694 544 2742 sequi
581 2707 666 2731 eam
709 2694 853 2743 aliquid
894 2708 1008 2744 posse
1049 2704 1215 2734 statuere
1241 2705 1393 2746 praeter
1421 2709 1465 2734 ea
1493 2708 1591 2745 quae
1618 2697 1655 2735 in
1685 2697 1882 2747 Scriptura
1910 2696 2176 2734 continentur:

265 2755 354 2781 cum
386 2746 586 2794 Apostolis
615 2746 706 2795 ipsis
733 2750 847 2796 (quos
875 2748 953 2785 falli
980 2748 1017 2785 in
1047 2749 1224 2786 doctrina
1251 2763 1332 2787 non
1345 2749 1516 2799 potuisse
1535 2751 1639 2798 apud
1654 2763 1789 2788 omnes
1803 2762 1875 2800 pro
1889 2749 2068 2787 confesso
2082 2748 2175 2795 est,)

1974 2802 2105 2838 Galat.
2139 2812 2169 2836 1.
