2334 3020
255 110 320 151 162
861 124 1074 151 russas
1114 124 1541 153 THEOLOGICAE.

247 231 441 279 Deceptus
468 228 581 278 igitur
610 234 767 277 vterque
794 231 818 266 a
846 228 1038 280 Diabolo,
1065 230 1292 268 mandatum
1315 231 1390 268 Dei
1412 232 1651 282 ludificante,
1666 231 1808 269 abusus
1823 238 1880 269 est
1893 230 2015 270 libera
2029 234 2166 272 volun-

248 289 345 332 tate,
380 283 415 318 &
449 281 568 320 libere
602 282 731 330 lapsus
760 284 829 319 est.
860 283 920 318 Ac
949 281 1112 331 proinde
1140 283 1269 332 lapsus
1297 282 1403 322 istius
1431 291 1537 323 extra
1565 293 1632 323 eos
1660 295 1776 322 causa
1805 283 1974 323 efficiens
2000 298 2081 323 non
2110 294 2197 334 est„

247 334 486 383 quaerenda,
519 346 593 371 nec
628 334 790 371 Satanae
818 332 1063 383 simpliciter,
1093 334 1269 384 quamuis
1297 336 1551 375 consuluerit:
1582 344 1647 375 aut
1673 336 1869 386 Creatori,
1898 338 2005 386 quod
2032 339 2168 387 permi-

244 387 350 436 serit,
379 385 603 424 tribuenda:
633 386 722 435 quia
750 398 830 423 non
857 385 930 424 nisi
958 387 1153 425 bonorum
1181 387 1356 426 o'mnium
1385 400 1501 427 causa
1529 389 1699 428 efficiens
1724 396 1781 427 est
1809 391 1927 428 Deus.
1956 391 2039 428 Nec
2054 404 2166 441 prop-

243 446 347 477 terea
374 438 619 477 dissentimus
646 439 696 476 ab
725 439 961 488 Augustino,
989 439 1057 478 lib.
1091 453 1148 478 12.
1176 440 1226 478 de
1254 440 1367 478 Ciuit.
1397 441 1491 489 Dei,
1516 455 1601 492 cap.
1619 454 1652 490 7.
1670 441 1845 492 dicente,
1862 444 1986 480 Nemo
2001 451 2170 492 quaerat

242 492 462 540 afficientem
490 504 641 529 causam
671 493 794 529 malae
820 494 1043 531 voluntatis.-
1072 507 1145 530 non
1173 495 1268 531 em'm
1295 499 1351 531 est
1375 494 1561 543 efficiens,
1590 497 1659 533 sed
1681 496 1879 544 deficiens:
1903 498 1994 544 quia
2022 509 2086 534 nec
2100 499 2167 535 illa

242 550 298 581 est
322 545 488 595 effectio,
516 547 585 582 sed
607 544 776 593 defectio.

297 609 331 644 7.
386 596 569 635 Conditio
597 597 831 636 antecedens
854 599 957 635 hunc
984 599 1135 647 lapsum
1164 606 1220 637 est
1247 599 1366 649 ipsius
1392 599 1600 638 voluntatis
1626 599 1879 649 mutabilitas,
1906 602 1940 638 &
1965 600 2166 650 dispositio

241 656 399 687 naturae
426 649 560 688 totius:
593 656 633 687 vt
662 651 856 699 praeclare
884 651 1000 688 docet
1028 652 1129 701 Aug.
1156 651 1195 688 in
1224 653 1347 690 Ench.
1377 652 1427 690 ad
1455 653 1638 692 Laurent.
1667 666 1700 692 e.
1734 665 1793 691 12.
1828 655 2013 691 [chturae
2041 667 2167 692 omnes

241 704 359 740 holme
388 709 495 752 susat,
525 704 701 751 qnoniam
731 716 862 740 earum
891 705 1063 740 conditor
1093 706 1233 741 summ&
1261 706 1378 742 honus
1409 711 1482 743 est:
1512 707 1580 742 sed
1603 707 1695 755 quia
1723 718 1798 742 mm
1828 708 1926 743 sicut
1937 719 2069 743 earum
2085 720 2167 744 con-

239 757 343 793 ditm-
376 756 514 793 snmm&
541 761 652 805 atque
679 757 904 804 incommuff.
940 756 1237 804 1642.)t‹zl)ilc'tcr
1265 759 1383 795 holme
1410 764 1516 808 sunt,
1552 760 1633 796 ideo
1661 761 1700 796 in
1729 759 1780 795 eis
1807 761 1928 796 minui
1956 760 2004 796 ἐφ’
2031 762 2171 808 augeri

231 814 361 858 potest
386 811 532 846 bonvm.
575 809 664 846 Non
688 809 795 857 quod
819 811 996 847 voluntas
1008 815 1083 848 *aut
1105 810 1314 860 quicquam
1338 812 1507 848 Naturae
1532 811 1645 849 fuerit
1673 822 1753 849 non
1777 811 1925 849 bonum
1947 812 2169 861 conditum,

240 874 329 898 nam
363 863 459 899 vidit
491 862 601 898 Deus
635 874 732 909 quae
767 864 1008 912 condiderat,
1040 864 1089 900 ἔφ’
1115 865 1214 901 Ecce
1241 870 1355 902 eraut
1379 865 1489 902 valde
1517 864 1628 902 bonan.
1669 865 1844 912 Ideoque
1872 878 1946 902 non
1966 867 2099 915 potuit
2125 879 2170 902 ex

238 915 332 950 bano
360 915 462 950 oriri
487 916 591 951 mala
618 916 814 964 voluntas,
843 917 934 964 quia
962 917 1095 953 honum
1115 916 1269 965 factum
1307 922 1362 954 est
1388 918 1412 953 ὰ
1441 917 1528 954 Deo
1556 919 1669 955 bozzo:
1704 917 1772 954 sed
1787 919 1878 965 quia
1894 919 1938 954 de
1951 918 2169 967 m'lzilofac--

238 972 314 1003 ltmz
343 972 413 1015 est,
445 980 520 1004 mm
549 968 593 1003 (ἵε
620 968 717 1004 Deo.
748 969 910 1017 August.
941 969 989 1005 de
1018 968 1160 1018 nuptiis
1188 970 1223 1006 &
1251 968 1567 1019 concupiscentia
1596 970 1664 1009 lib.
1696 984 1730 1009 2.
1751 981 1836 1018 cap.
1863 973 1922 1009 28.
1939 983 1984 1008 ac
2000 971 2168 1019 denique

240 1018 330 1067 quia
358 1021 489 1058 micus
516 1021 626 1057 Deus
653 1026 709 1058 est
733 1022 995 1068 immtaln‘la's,
1024 1028 1064 1059 vt
1093 1021 1196 1060 idem
1224 1022 1343 1060 docet
1371 1022 1439 1061 lib.
1472 1036 1531 1061 12.
1561 1023 1610 1061 de
1637 1022 1793 1061 ciuitate
1821 1023 1895 1060 Dei
1925 1036 2009 1072 cap.
2046 1037 2077 1061 1.

295 1074 330 1109 8.
385 1072 663 1110 Necessitatem
700 1072 813 1122 igitur
840 1073 929 1111 huic
958 1074 1082 1123 lapsui
1107 1077 1130 1112 a
1145 1086 1261 1113 causa
1277 1075 1466 1114 efficiente
1481 1076 1598 1114 vllam
1612 1076 1704 1115 foris
1719 1076 1873 1114 allatam
1889 1089 1971 1114 esse
1986 1089 2167 1125 pernega-

245 1136 350 1174 mus,
382 1125 449 1163 sed
469 1126 739 1174 contingenter
766 1127 916 1176 lapsum
943 1127 1143 1165 hominem
1170 1128 1390 1166 statuimus:
1420 1135 1460 1165 vt
1483 1135 1575 1178 pote
1591 1128 1841 1167 constitutum
1857 1129 1895 1166 in
1911 1135 2010 1166 statu
2026 1129 2169 1166 liberae

244 1177 471 1227 voluntatis,
499 1189 598 1227 quae
625 1179 662 1215 in
690 1179 790 1216 hanc
819 1180 854 1216 Sc
882 1179 985 1216 illam
1014 1187 1162 1229 partem
1192 1181 1292 1219 flecti
1308 1188 1477 1231 poterat,
1495 1184 1530 1219 Sc
1546 1193 1622 1230 qua
1636 1183 1776 1220 abusus
1792 1193 1872 1219 non
1885 1181 1988 1219 stetit
2001 1181 2039 1218 in
2055 1181 2169 1219 felici-

246 1236 343 1268 tate:
372 1230 433 1267 cui
460 1232 550 1268 cum
578 1244 739 1280 peccare
766 1231 921 1270 difficile
948 1245 1027 1270 non
1045 1233 1175 1283 fuerit,
1192 1234 1259 1283 (ait
1273 1237 1438 1283 August.
1454 1236 1498 1271 de
1511 1237 1812 1285 cormptl'one&
1834 1236 1977 1273 Gratia
1991 1241 2076 1285 cap.
2097 1238 2168 1279 12.)

246 1295 324 1320 non
359 1283 427 1320 fuit
455 1283 666 1322 nessarium
693 1291 733 1322 vt
760 1285 952 1323 laberetur
979 1293 1186 1336 antequam
1212 1288 1341 1336 lapsus
1371 1294 1487 1336 esset,
1517 1289 1624 1337 quod
1651 1287 1759 1327 aliter
1787 1287 1869 1326 fieri
1896 1300 1975 1325 non
1990 1287 2170 1336 potuerit.

247 1337 345 1373 Nam
374 1337 480 1374 Deus
507 1337 728 1375 ostenderat
755 1338 910 1376 Adamo
939 1338 1166 1388 dignitatem
1194 1352 1323 1390 suam,
1352 1341 1387 1377 ἃ
1416 1341 1519 1378 bona
1545 1352 1666 1390 quae,
1694 1340 1725 1378 si
1753 1355 1833 1380 non
1849 1339 2066 1390 cecidisset,
2083 1352 2168 1390 pos-

243 1400 414 1428 sessurus
443 1391 575 1427 fuerat.
606 1389 690 1427 Etsi
717 1403 796 1428 non
824 1403 1030 1440 negamus,
1061 1392 1091 1429 si
1118 1392 1298 1442 respicias
1326 1393 1375 1430 ad
1403 1393 1476 1431 Dei
1505 1393 1794 1432 Prouidentiam
1818 1397 1853 1432 &
1874 1393 2169 1431 Praescientiam

247 1441 359 1479 fuisse
386 1443 663 1480 necessarium:
679 1442 871 1491 siquidem
887 1444 1017 1482 onmia
1040 1452 1127 1482 sunt
1143 1446 1176 1483 ei
1192 1446 1426 1496 praesentia,
1444 1447 1657 1484 secundum
1673 1448 1836 1485 modum
1852 1446 2027 1484 diuinum
2041 1445 2173 1495 ipsius,

299 1508 334 1543 9.
391 1495 562 1533 Omnino
597 1497 619 1532 a
649 1495 843 1534 Creatoris
871 1504 979 1546 parte
1006 1499 1152 1535 nullam
1180 1499 1374 1537 eiusmodi
1402 1500 1526 1549 legem
1562 1499 1798 1538 necessitatis
1827 1499 2048 1549 impositam
2077 1511 2167 1536 con-

245 1553 330 1584 stat.
359 1554 424 1585 aut
450 1547 551 1586 enim
578 1550 601 1585 a
629 1549 798 1587 Decreto
829 1550 1104 1600 Approbante,
1133 1558 1198 1589 aut
1224 1551 1449 1589 Perficiente
1477 1563 1543 1590 seu
1572 1553 1753 1602 Efficaci,
1778 1559 1843 1590 aut
1865 1551 2169 1590 aPermittente:

247 1601 307 1637 vel
334 1600 502 1650 denique
528 1603 551 1638 a
580 1599 746 1639 Scientia
774 1608 839 1639 aut
867 1602 1125 1641 Praescientia
1153 1603 1332 1642 existeret
1360 1605 1596 1643 necessitatis
1627 1606 1728 1655 Lex,
1758 1607 1780 1642 a
1808 1605 1922 1643 nullis
1949 1604 2031 1642 aliis
2048 1604 2171 1641 causis

247 1652 396 1690 videtur
436 1654 514 1703 peti
556 1664 680 1703 posse.
719 1656 754 1692 A
794 1655 920 1704 primo
957 1656 1114 1694 Decreti
1150 1669 1292 1705 genere
1327 1670 1408 1695 non
1437 1664 1514 1708 est,
1543 1657 1632 1706 quia
1659 1657 1727 1696 illo
1758 1660 1865 1696 Deus
1894 1658 2043 1696 tantum
2072 1669 2170 1706 quae

247 1707 349 1743 bona
375 1713 462 1744 sunt
491 1708 571 1745 vult
598 1708 634 1745 δῑ
662 1709 823 1758 probat,
853 1707 1028 1747 indicans
1057 1710 1297 1748 voluntatem
1321 1721 1448 1758 suam,
1470 1711 1637 1760 ideoque
1652 1712 1865 1750 Decretum
1878 1710 1978 1761 signi
1991 1717 2168 1748 vocatur:

245 1770 318 1796 nec
354 1759 433 1796 fieri
460 1763 590 1809 potest
618 1767 657 1798 vt
683 1760 732 1798 ab
760 1761 837 1799 hoc
865 1760 931 1798 sit:
961 1775 1055 1800 nam
1083 1762 1333 1812 prohibuerat
1360 1764 1468 1801 Deus
1496 1764 1840 1813 transgressionem
1868 1762 2061 1813 mandati,
2090 1776 2171 1813 gra-

247 1821 391 1859 uesque
416 1824 583 1862 poenas,
612 1811 642 1850 si
670 1813 799 1864 fieret,
827 1813 1038 1864 indixerat,
1065 1828 1141 1864 qua
1169 1817 1228 1853 die
1256 1817 1459 1853 comederis
1487 1818 1610 1865 vtique
1637 1819 1849 1855 moriturus
1873 1830 1922 1854 cs.
1939 1817 2039 1854 Gen.
2058 1829 2089 1852 2.
2111 1827 2168 1863 ¹7·

249 1864 399 1901 Efficax
438 1864 532 1903 item
558 1877 641 1903 esse
669 1878 751 1903 non
778 1873 906 1915 potest
935 1866 1179 1918 simpliciter,
1208 1868 1298 1917 quia
1326 1869 1433 1906 Deus
1461 1869 1539 1919 agit
1567 1880 1822 1919 quaecunque
1849 1871 1955 1908 bona
1983 1875 2072 1907 sunt
2099 1868 2172 1907 sibi

247 1916 407 1967 placita,
448 1918 664 1956 secundum
703 1918 892 1956 infinitam
933 1931 1043 1958 suam
1081 1921 1296 1970 potentiam
1333 1922 1384 1959 ad
1414 1922 1579 1971 gloriam
1610 1933 1737 1960 suam:
1768 1923 1836 1961 sed
1865 1922 1959 1960 nihil
1988 1921 2079 1959 mali
2107 1927 2172 1959 aut

247 1971 358 2007 male.
401 1969 474 2009 His
515 1971 669 2009 duobus
709 1971 914 2021 generibus
954 1973 1111 2011 Decreti
1150 1974 1288 2021 docet,
1326 1974 1482 2024 agitque
1517 1974 1556 2012 in
1585 1975 1767 2013 creaturis
1796 1977 2034 2014 voluntatem
2063 1985 2171 2012 suam

246 2028 363 2071 prout
403 2024 501 2074 vult,
543 2023 624 2062 sine
664 2023 845 2062 iniustitia
881 2025 969 2063 vlla.
1007 2026 1187 2075 Denique
1223 2029 1246 2064 a
1281 2027 1441 2065 decreto
1470 2027 1715 2077 permittente
1745 2027 1829 2078 quis
1860 2028 1963 2066 dicat
1990 2025 2096 2066 esse?
2123 2039 2169 2065 eo

248 2074 351 2112 enim
379 2075 456 2125 agit
483 2076 522 2114 in
550 2089 591 2115 se
617 2077 765 2128 solum,
793 2090 872 2116 non
900 2081 1006 2116 extra
1033 2079 1202 2128 seipsum
1229 2079 1269 2117 in
1297 2080 1500 2131 creaturis,
1529 2081 1598 2118 sed
1626 2081 1714 2118 sinit
1742 2094 1805 2119 eas
1835 2094 1907 2130 pro
1929 2081 2049 2118 modo
2073 2080 2170 2129 ipsa-

247 2138 332 2164 rum
361 2129 576 2167 voluntates
603 2140 689 2167 suas
713 2129 871 2179 implere
882 2143 893 2182 :-
920 2134 956 2169 ὅτ
983 2132 1118 2170 melius
1147 2131 1296 2170 dicatur
1323 2139 1457 2171 nostro
1486 2141 1681 2183 respectu,
1699 2134 1899 2183 quiescere
1913 2135 2031 2184 quam
2045 2145 2169 2182 agere.

248 2179 328 2228 Qui
355 2187 484 2219 autem
512 2194 593 2219 non
619 2182 717 2232 agit,
747 2194 863 2222 causa
891 2184 1061 2222 efficiens
1087 2186 1149 2223 vel
1176 2197 1294 2235 agens
1322 2186 1477 2235 proprie
1506 2186 1582 2224 diei
1609 2199 1688 2224 non
1719 2194 1867 2237 potest,
1896 2193 1962 2225 aut
1988 2187 2090 2224 vere.

306 2246 363 2271 10.
418 2233 625 2272 Scientiam
666 2238 758 2274 vero
795 2243 860 2274 aut
895 2237 1188 2285 praescientiam
1222 2250 1340 2276 nemo
1377 2238 1459 2276 iure
1488 2238 1761 2277 existimauerit
1785 2239 2052 2279 necessitatem
2081 2237 2170 2275 huic

247 2285 567 2334 praeuaricationi
593 2287 835 2337 imposuisse:
880 2291 981 2328 Nam
1009 2289 1072 2328 illa
1102 2290 1142 2328 in
1171 2298 1301 2328 mente
1330 2290 1460 2329 diuina
1490 2299 1567 2342 est,
1597 2305 1637 2330 se
1666 2292 1716 2330 ad
1743 2305 1802 2331 res
1831 2300 1982 2332 exteras
2011 2290 2168 2328 minime

248 2339 470 2390 conferens,
508 2340 576 2378 sed
603 2353 666 2378 eas
693 2341 938 2392 concipiens,
966 2356 1012 2380 ac
1040 2343 1204 2392 proinde
1232 2346 1339 2381 extra
1370 2357 1410 2382 se
1437 2357 1518 2382 non
1545 2357 1663 2394 agens
1691 2344 1730 2382 in
1759 2345 1812 2383 eis
1847 2346 2075 2396 quicquam,
2104 2349 2170 2380 aut

249 2403 313 2429 eas
353 2403 516 2443 cogens,
559 2393 704 2442 Estque
746 2406 873 2432 rerum
913 2397 1002 2436 eum
1031 2403 1292 2446 aeternarum,
1321 2397 1401 2434 tum
1429 2397 1758 2447 corruptibilium,
1792 2400 1894 2448 veri,
1918 2396 2025 2447 falsi,
2053 2395 2169 2444 entis,

248 2456 328 2481 non
369 2443 484 2490 entis,
524 2445 718 2495 possibilis
759 2449 793 2484 &
834 2446 1100 2497 impossibilis:
1143 2449 1318 2487 omnium
1359 2449 1524 2499 denique
1561 2462 1660 2500 quae
1698 2457 1785 2488 sunt
1819 2458 1944 2503 γνῶςα
1974 2450 2011 2487 in
2039 2461 2100 2498 se,
2128 2454 2168 2485 vt

248 2495 406 2535 scientia
433 2505 502 2536 est.
547 2499 802 2537 Praescientia
828 2507 956 2538 autem
985 2508 1041 2539 est
1070 2502 1120 2539 de
1147 2515 1289 2552 genere
1317 2501 1519 2549 scientiae,
1550 2504 1584 2540 &
1613 2504 1663 2541 ab
1691 2516 1737 2541 ea
1755 2506 1905 2541 tantum
1920 2500 2168 2551 differt,quia

246 2548 310 2586 illa
339 2550 389 2588 ad
415 2563 550 2589 omnes
577 2564 637 2590 res
667 2552 903 2603 extenditur,
933 2555 1029 2592 haec
1057 2554 1107 2592 ad
1135 2557 1278 2593 futuras
1307 2561 1475 2605 tantum,
1503 2557 1538 2593 δι
1566 2556 1605 2594 in
1633 2556 1692 2594 his
1718 2567 1874 2606 quoque
1897 2569 1977 2594 non
1993 2555 2169 2604 agit,aut

249 2613 333 2652 eas,
361 2603 429 2641 sed
455 2603 495 2641 in
522 2604 646 2654 seipsa
674 2606 817 2655 solum,
847 2613 886 2643 vt
915 2608 1075 2657 August.
1106 2608 1222 2646 docet
1250 2608 1298 2646 de
1327 2608 1505 2657 Corrept.
1534 2610 1569 2646 &
1596 2609 1718 2659 gratia
1745 2622 1831 2659 cap.
1863 2623 1922 2648 12.
1951 2607 2172 2648 Praescimr

247 2656 393 2702 quidem
426 2657 536 2694 Deus
563 2659 659 2705 quid
679 2659 806 2695 Adam
834 2660 970 2696 iniust&
988 2660 1176 2709 facturus
1204 2667 1313 2699 esset:
1334 2663 1550 2710 praescivit
1575 2668 1717 2710 autem,
1746 2675 1821 2700 non
1849 2663 1905 2699 acl
1926 2663 1996 2699 lcoc
2024 2660 2166 2707 coegit:

246 2708 316 2743 sed
345 2709 462 2746 sinml
485 2711 598 2748 sciuit
621 2712 718 2759 qnid
740 2712 784 2748 (le
811 2724 851 2749 eo
870 2711 1061 2759 facturus
1089 2719 1184 2750 esset
1207 2715 1313 2752 iusti:
1357 2714 1473 2751 Adde
1501 2715 1621 2763 quod·
1635 2727 1802 2753 vesanae
1830 2713 2038 2764 impietatis
2067 2717 2168 2749 esset

247 2759 320 2796 hac
346 2761 571 2800 necessitate
596 2762 670 2800 Dei
695 2763 1003 2815 Prouidentiam,
1031 2776 1106 2814 qua
1132 2767 1319 2815 gubernat
1347 2768 1382 2804 &
1410 2766 1563 2805 ordinat
1591 2781 1651 2806 res
1679 2780 1839 2818 omnes,
1870 2766 2056 2816 obligare.
2101 2815 2137 2853 Ἴ

1865 2833 1922 2858 11.
1975 2820 2128 2856 Praetu(
2143 2816 2169 2853 it
