2334 3020
263 135 339 193 306
901 140 1117 174 ΤΗΕεΕε
1159 139 1582 173 ΤΗΕοιοοιθΑΕ.

264 260 318 297 ei:
356 270 436 295 non
465 262 522 294 est
551 267 670 305 penes
698 253 914 292 Ecclesiam
943 252 1134 301 addendi,
1163 252 1383 300 minuendi7
1412 252 1635 290 mutandiuc
1665 252 1713 289 dc
1741 263 1892 290 summa
1919 251 2003 299 illa,
2032 251 2200 296 infinita,

267 312 477 358 diuinaque
503 308 734 346 auctoritate
765 305 987 344 auctoritas.

322 365 381 400 26.
438 362 539 399 Nam
569 361 723 398 diuinae
753 359 828 408 rei,
857 359 1074 408 perfectae,
1101 356 1296 406 infinitae,
1325 368 1525 407 summae2
1547 357 1641 395 nihil
1665 364 1792 407 potest
1807 356 2061 395 accederetsi
2078 356 2199 394 minu-

263 416 357 462 eris,
401 414 668 463 imperfectam
708 411 863 450 feceris:
902 411 932 449 si
967 410 1181 454 addideris,
1217 417 1282 448 aut
1320 410 1620 459 permutaueris‚
1650 412 1814 448 alterum
1842 421 2001 448 necesse
2028 416 2106 457 θεῖ,
2133 417 2199 447 aut

267 469 385 516 fuis(f.
419 468 580 514 1766)oe
616 466 884 515 imperfectam
924 464 1092 511 doceas„
1126 470 1192 500 aut
1220 462 1464 512 perfectione
1490 462 1571 501 eius
1600 471 1746 501 mutata
1773 462 2039 511 imperfectam
2068 474 2151 500 esse
2179 464 2201 499 a

266 529 304 559 te
333 520 526 558 redditam
556 518 720 557 fatearis.

320 587 379 622 27.
437 573 686 621 Quamquam
716 569 862 608 infinite
891 570 1079 607 audacem
1108 580 1197 607 eum
1227 568 1448 618 hominem7
1469 580 1555 605 eam
1580 568 1794 606 Ecclesiam
1811 574 1967 617 oportet
1982 580 2083 616 esse,
2100 578 2199 616 quae

265 640 346 664 rem
375 625 559 663 diuinitus
589 625 627 662 in
657 623 781 673 seipsa
813 624 1047 672 perfectam.
1075 624 1098 658 a
1126 634 1166 659 se
1197 621 1418 658 humanitus
1447 621 1578 670 perfici
1607 633 1721 670 posse
1749 621 1946 670 gloriatur.

321 681 379 716 28.
436 680 501 716 AT
539 677 757 726 corruptio,
793 675 993 725 inquiunt,
1023 674 1186 712 accessit
1216 674 1436 724 multiplex:
1468 673 1561 723 quid
1590 686 1683 723 ergo
1712 674 1795 724 fiet,
1824 674 1896 711 nisi
1922 673 2151 711 adhibeatur
2179 674 2201 709 a

265 731 379 769 nobis
407 731 471 769 illa
501 730 700 768 Ecclesiae
728 726 961 766 auctoritas?

321 798 381 834 29.
438 783 607 822 Primum
652 784 725 820 hac
767 781 991 819 obiectione
1031 781 1146 829 culpa
1187 779 1387 817 Ecclesiae
1416 778 1544 828 aliqua
1574 780 1609 817 &
1639 778 1879 828 imperfectio
1908 779 1973 827 (de
1999 789 2075 827 qua
2104 778 2204 815 dice-

267 838 405 875 bamus
447 839 552 884 ante)
595 835 833 884 ostenditur,
876 846 957 872 non
1000 840 1130 871 autern
1167 833 1338 870 adfertur
1384 831 1606 870 auctoritas.
1648 833 1750 869 Nam
1787 832 1818 869 si
1846 832 1954 881 quod
1982 832 2118 869 vitium
2146 837 2203 868 est

265 891 442 928 oblatum
483 889 703 938 Scripturae
745 899 897 936 sacrae,
935 893 1000 924 aut
1027 886 1153 923 aliena
1182 885 1326 923 malitia
1354 886 1517 934 factum7
1551 892 1617 922 aut
1645 885 1845 922 communi
1874 884 2073 922 Ecclesiae
2102 883 2202 920 infir-

268 943 421 992 mitate,
450 949 516 980 aut
543 940 764 992 particulari
792 938 1054 988 imprudentia
1082 941 1117 977 &
1144 938 1346 976 inscientia
1373 938 1680 976 domesticorum
1709 938 1801 975 eius.

322 1009 384 1044 30.
442 996 542 1033 Cim]
578 1001 707 1032 autem
738 993 941 1031 custodem
970 1004 1056 1030 eam
1086 991 1279 1029 Dominus
1308 990 1532 1029 instituerit:
1565 990 1595 1028 si
1623 990 1843 1040 depositum
1874 997 2099 1039 corruptum
2128 996 2204 1038 θεῖ,

266 1048 304 1086 id
344 1056 540 1098 praestare
577 1046 775 1097 oportebit
810 1044 1109 1095 depositarium,
1139 1044 1248 1082 cuius
1276 1043 1503 1094 dignitatem
1531 1043 1568 1080 in
1599 1043 1779 1093 deposito
1807 1043 2020 1092 seruando,
2049 1042 2204 1080 infirmi-

267 1108 385 1139 tatem
416 1101 454 1139 in
484 1100 667 1150 deposito
697 1106 883 1149 corrupto
914 1097 1174 1148 agnoscimus.

321 1167 382 1202 31.
441 1154 562 1203 Quod
592 1153 623 1191 si
651 1153 777 1191 aliena
805 1150 952 1189 malitia
981 1150 1116 1188 vitium
1146 1151 1321 1188 oblatum
1352 1149 1512 1199 dicitur,
1540 1150 1656 1187 fidem
1688 1157 1816 1188 tamen
1844 1160 1951 1187 suam
1980 1150 2015 1186 &
2042 1147 2204 1197 diligen—

268 1208 361 1245 tiam
403 1209 572 1257 probare
615 1207 732 1244 debet
775 1204 952 1242 Ecclesia
993 1203 1188 1241 Domino:
1231 1202 1293 1240 cui
1334 1215 1414 1240 non
1456 1209 1514 1240 est
1552 1202 1609 1240 vis
1647 1203 1842 1252 probandi
1875 1214 1916 1240 se
1953 1213 2022 1251 per
2050 1214 2105 1243 se,
2136 1200 2204 1238 sed

271 1261 499 1298 mandatum
527 1258 763 1309 implorandi
792 1256 1078 1295 misericordias
1105 1255 1288 1304 Domini7
1320 1255 1510 1303 dicendo,
1539 1255 1709 1293 Remitte
1736 1255 1851 1293 nobis
1881 1255 2030 1303 debita7
2059 1256 2131 1292 &a

323 1326 384 1362 32.
443 1315 530 1350 Hac
573 1312 687 1362 igitur
732 1311 770 1348 in
805 1323 845 1348 re
873 1321 1052 1359 quoque.
1081 1308 1324 1357 inscientiae,
1354 1310 1388 1346 &
1419 1307 1670 1358 infirmitatis,
1699 1309 1734 1345 &
1762 1307 2024 1358 indiligentiae
2051 1307 2207 1355 culpam

269 1366 436 1414 aliquam
479 1368 583 1403 certe
625 1365 800 1402 Ecclesia
842 1369 1030 1413 agnoscat
1070 1364 1105 1400 &
1141 1363 1372 1411 deprecetur
1401 1374 1559 1399 necesse
1589 1368 1666 1407 est,
1695 1361 1937 1410 gloriamque
1966 1367 2091 1398 totam
2121 1360 2206 1396 Deo

268 1419 431 1467 tribuat,
461 1419 527 1467 qui
556 1417 824 1468 promissionis
856 1415 1018 1453 verbum
1046 1414 1234 1464 praestitit
1257 1415 1364 1452 bono
1393 1421 1548 1462 nostro,
1578 1413 1704 1452 deleta
1734 1413 1861 1464 culpa.

322 1485 384 1520 33.
440 1472 644 1519 Secunde),
674 1482 774 1520 quae
804 1468 1004 1518 corruptio
1034 1467 1220 1505 acciderit
1248 1467 1482 1516 scripturae,
1512 1467 1727 1505 videndum
1756 1474 1825 1506 est.
1868 1468 1980 1504 Haec
2006 1467 2100 1503 vero
2128 1477 2208 1502 non

270 1524 588 1562 substantialibus
628 1523 804 1561 caelestis
847 1521 1049 1560 doctrinae
1085 1520 1259 1570 partibus
1296 1519 1459 1558 accidit:
1497 1520 1565 1558 sed
1593 1519 1829 1569 quibusdam
1858 1519 2021 1557 vocibus
2049 1520 2083 1557 &
2112 1517 2208 1555 locis

269 1578 420 1626 solum,
448 1589 615 1625 quorum
645 1576 739 1614 vitio
769 1587 848 1612 non
877 1580 1040 1624 possunt
1067 1580 1195 1622 partes
1224 1573 1429 1622 primariae
1460 1572 1594 1611 vitiari.

330 1643 392 1678 34.
447 1630 611 1668 Constat
652 1629 755 1667 enim
798 1629 903 1677 apud
943 1626 1114 1676 omneis,
1154 1625 1262 1664 cuius
1289 1632 1418 1675 partes
1446 1625 1715 1664 substantiales
1744 1626 1779 1662 δι
1808 1624 2011 1675 primariae
2039 1624 2209 1673 integrae

276 1690 524 1732 permanent,
567 1683 605 1720 id
645 1690 772 1720 totum
809 1692 945 1718 reuera
984 1679 1187 1717 exsistere:
1216 1690 1344 1728 neque
1373 1678 1604 1728 particulare
1633 1677 1766 1716 vitium
1797 1690 1914 1715 vnum
1943 1678 2119 1727 pluraue,
2145 1683 2210 1713 aut

267 1735 431 1772 alienam
469 1738 720 1786 λεπτολογίαν
749 1732 1004 1772 substantiam
1033 1740 1098 1769 aut
1127 1739 1304 1769 naturam
1334 1731 1414 1769 eius
1442 1739 1626 1769 euertere.

329 1799 392 1838 35.
448 1790 673 1836 Postremo,
720 1795 760 1825 vt
801 1785 949 1835 aliquid
990 1791 1158 1835 ponatur
1199 1784 1380 1822 vitiosum
1421 1784 1564 1831 inesse„
1600 1785 1638 1821 id
1673 1783 1850 1821 Ecclesia
1885 1795 1964 1820 non
1993 1795 2040 1820 ex
2069 1795 2109 1819 se
2139 1794 2210 1830 pro

272 1840 457 1890 imperio,
500 1848 565 1878 aut
594 1839 798 1889 opinione:
841 1839 910 1877 sed
939 1850 987 1876 ex
1022 1837 1227 1886 Scripturis
1270 1837 1380 1886 ipsis,
1408 1838 1443 1875 &
1471 1850 1518 1874 ex
1548 1837 1637 1874 fidei
1667 1836 1867 1887 analogia7
1895 1837 1930 1873 &
1960 1848 2007 1873 ex
2035 1842 2209 1872 veterum

270 1894 458 1932 librorum
489 1894 564 1931 fide
594 1893 795 1931 restituere
825 1899 991 1939 tenetur,
1022 1896 1087 1927 aut
1115 1890 1328 1939 intelligere
1356 1890 1391 1927 &
1418 1889 1661 1939 interpretari
1690 1890 1914 1927 commode.

325 1948 387 1995 36.
443 1948 496 1984 At
538 1946 604 1995 qui
647 1958 727 1983 non
770 1952 871 1983 esset
914 1950 1141 1992 corruptum
1171 1943 1283 1992 illud,
1313 1943 1420 1991 quod
1447 1942 1659 1992 aliquando
1688 1942 1804 1980 etiarn
1834 1942 1994 1992 legimus
2023 1936 2210 1990 periisse?

269 2000 377 2048 quod
406 2001 507 2037 mala
537 2000 614 2037 fide
645 2005 910 2036 tractauerunt
938 1994 1187 2045 depositarij?
1215 1996 1323 2044 quod
1353 1995 1544 2045 scriptura
1574 1992 1718 2034 variat?
1747 1994 1857 2033 cuius
1886 1993 2151 2032 instaurationi
2175 1994 2210 2030 ἃ

272 2051 476 2101 scriptioni
505 2052 718 2089 humanam
748 2063 908 2100 operam
939 2048 1114 2099 oportuit
1142 2048 1340 2096 adhiberi7
1369 2056 1409 2086 vt
1437 2061 1498 2086 res
1526 2049 1675 2098 integra
1703 2045 1935 2086 haberetur?

328 2117 389 2153 37.
448 2104 608 2143 Periisse
637 2116 825 2154 negamus
856 2114 1049 2151 vnquam7
1083 2114 1132 2138 ne
1161 2101 1287 2151 ipsum
1315 2101 1473 2150 quidem
1504 2103 1799 2139 Testamentum
1828 2107 1938 2138 vetus
1969 2099 2006 2137 in
2036 2098 2213 2137 Ecclesia

277 2165 426 2196 vetere:
456 2170 546 2196 nam
578 2156 648 2195 etsi
678 2156 922 2194 authenticus
952 2155 1016 2193 ille
1044 2155 1171 2192 codex
1200 2154 1265 2204 qui
1295 2154 1333 2192 in
1363 2156 1510 2203 templo
1539 2154 1784 2202 seruabatur7
1809 2153 1901 2191 olim
1926 2152 2213 2202 periit‚aliique

275 2210 408 2248 multi:
445 2210 578 2248 omnia
616 2217 745 2247 tamen
775 2208 1009 2258 exemplaria
1032 2218 1219 2257 negamus
1248 2207 1425 2256 periisse:
1456 2208 1524 2245 sed
1554 2207 1768 2256 Prophetas
1791 2207 1827 2243 δι
1855 2206 1941 2255 pios
1969 2217 2146 2254 quosque
2174 2203 2211 2241 in

272 2264 437 2313 Iudaea,
470 2263 600 2312 Syria,
629 2264 828 2313 AEgypto,
858 2262 1075 2311 Chaldaea,
1105 2261 1176 2298 &c.
1205 2259 1409 2310 diligenter
1436 2272 1608 2298 seruasse
1637 2261 1927 2297 confirmamus.

329 2318 390 2364 38.
447 2316 716 2366 Depositarios
746 2316 847 2352 mala
876 2315 952 2352 fide
983 2313 1108 2363 egisse
1135 2313 1401 2363 agnoscimus:
1431 2314 1499 2351 sed
1527 2326 1599 2350 nec
1628 2313 1779 2350 omneis
1808 2325 1879 2349 nec
1902 2310 2213 2359 omnitempore.

275 2370 318 2406 Id
347 2368 450 2407 enim
480 2377 568 2418 post
597 2370 756 2407 demum
785 2367 936 2406 Iudaeis
965 2366 1129 2411 accidit,
1159 2378 1275 2416 quam
1304 2366 1481 2404 Ecclesia
1507 2366 1680 2416 gentium
1709 2364 1908 2403 communi
1923 2362 2212 2402 iureaChristo

274 2423 322 2459 ad
351 2422 570 2460 custodiam
601 2422 779 2471 deposito
808 2421 908 2458 illius
939 2426 1078 2457 vocata
1106 2426 1172 2457 est.
1204 2419 1454 2469 Quapropter
1481 2419 1519 2456 id
1549 2418 1695 2456 crimen
1725 2418 1956 2467 sacrilegum
1984 2416 2158 2454 Christus
2178 2417 2212 2452 δε

274 2474 456 2524 Apostoli
491 2486 683 2523 nusquam
722 2475 901 2524 leguntur
938 2472 1249 2522 reprehendisse,
1284 2472 1319 2509 δι
1354 2472 1480 2521 prisca
1507 2471 1682 2509 Ecclesia
1710 2470 1927 2509 Christiana
1953 2470 2003 2507 ab
2033 2481 2080 2506 eo
2110 2469 2212 2505 malo

273 2528 388 2565 facile
417 2527 641 2566 vindicauit.

333 2593 396 2629 39.
453 2580 681 2630 Scriptionis
709 2581 831 2617 modo
860 2591 939 2616 non
969 2578 1154 2616 diffitetur
1186 2578 1348 2615 variare:
1377 2578 1445 2614 sed
1475 2577 1512 2615 in
1541 2577 1637 2615 locis
1666 2578 1858 2625 rebusque
1887 2576 1922 2612 &
1945 2574 2107 2613 vocibus
2130 2586 2216 2623 par-

279 2632 521 2682 ticularibus,
557 2647 604 2672 ac
632 2644 712 2671 non
744 2632 980 2681 praecipuis:
1010 2643 1086 2680 qua
1114 2630 1322 2669 occasione
1351 2629 1417 2679 qui
1444 2637 1568 2668 totum
1600 2630 1720 2667 vitiari
1749 2628 1908 2677 dixerit,
1936 2627 2072 2667 eadem
2102 2628 2215 2676 plane

278 2685 417 2734 impius
447 2687 481 2723 &
511 2686 694 2737 ἀλόγιςος
721 2686 868 2722 futurus
897 2692 964 2722 est.

334 2752 397 2784 40.
458 2737 730 2776 Instaurationi
774 2737 993 2775 testamenti
1038 2736 1175 2774 veteris
1217 2749 1375 2785 operam
1419 2737 1627 2773 humanam
1662 2745 1848 2784 negamus
1882 2732 2107 2780 accessisse,
2140 2742 2216 2780 qua

275 2790 427 2828 litterae
474 2798 697 2840 punctaque
742 2791 928 2828 Hebraea
961 2790 1166 2827 constituta
1205 2789 1297 2837 sint7
1333 2792 1368 2827 &
1402 2790 1616 2827 restitutum
1654 2800 1795 2837 corpus
1825 2786 2044 2836 Scripturae
2071 2796 2213 2873 sagae.

2147 2849 2209 2873 am
