2334 3020
259 86 305 124 72
892 78 960 106 DE
1000 79 1147 105 VERA
1189 72 1538 104 THEOLOGIA.

253 189 460 229 Materialis
488 195 564 238 est,
589 189 872 237 principiorum
905 187 1106 223 seczcndlmz
1139 198 1176 222 se
1204 189 1380 221 notorum
1408 182 1446 220 in
1474 183 1588 220 rebus
1614 181 1774 220 diuinis:
1805 182 1836 219 F
1838 181 1993 220 ormalis
2015 182 2172 235 deniq.3

251 244 358 293 quod
385 256 431 280 ex
459 241 530 278 illis
559 239 756 289 principiis
780 238 926 276 lumine
948 238 1014 276 illo
1038 236 1237 286 superiore
1246 236 1471 285 proceditur
1486 241 1607 284 supra
1621 236 1812 273 humanae
1825 236 1991 272 rationis
2006 237 2170 274 modum.

253 299 313 334 Ac
340 297 464 333 Deum
490 292 649 342 quidem
675 291 943 329 infundentem
969 291 1102 328 lumen
1128 289 1224 327 illud
1250 287 1458 337 superioris
1488 287 1671 326 scientiae
1690 289 1752 326 vel
1773 287 1991 337 Sapientiae
2006 289 2056 326 ad
2071 289 2170 327 haec

254 347 461 398 principia,
489 346 593 383 velut
622 343 852 382 efficientem
880 354 1058 393 causam,
1086 343 1163 380 hoc
1190 343 1279 379 loco
1308 339 1509 389 ponimus:
1540 340 1642 388 Quia
1669 342 1726 389 (vt
1751 342 1840 378 ante
1867 339 2107 390 dicebamus)
2132 340 2172 379 in

256 404 330 438 hac
365 398 508 450 gratiae
535 395 888 435 communicatione
917 406 1014 433 vnus
1041 401 1098 433 est
1127 395 1286 432 demum
1314 391 1497 442 Spiritus,
1524 393 1590 441 qui
1618 393 1749 431 omnia
1776 398 1958 442 operatur
1985 392 2024 431 in
2052 394 2179 432 omni-

257 455 329 491 bus
365 458 481 502 prout
514 451 613 499 vult,
648 450 857 498 lumenque
890 447 1095 497 superioris
1122 446 1221 484 illius
1250 446 1285 482 δε
1313 444 1490 483 coelestis
1517 444 1720 496 scientiae,
1747 445 2000 484 illustratione
2027 446 2177 484 virtutis

259 517 372 555 suae,
410 502 686 542 communicat.
726 503 827 539 Nam
864 502 952 538 cum
981 512 1118 538 omnes
1146 498 1327 538 scientiae
1356 498 1409 535 ita
1436 505 1685 547 comparatae
1714 498 1808 549 sint,
1838 505 1880 536 vt
1908 499 2038 536 lumen
2067 511 2178 537 suum

257 570 326 608 per
353 570 393 595 se
421 559 444 594 a
469 562 606 594 natura
632 555 822 604 habeant,
850 560 916 592 aut
946 565 996 592 ex
1019 553 1093 591 alia
1107 551 1305 602 superiore
1319 549 1478 589 scientia
1493 557 1731 603 mutuentur3
1746 552 1841 590 haec
1855 557 1986 589 autem
2001 551 2179 603 scientia,

256 611 347 649 alias
376 622 511 649 omnes
539 620 638 657 quae
666 607 858 657 sciuntur,
888 617 1066 656 quaeque
1092 605 1180 643 sciri
1206 610 1386 654 possunt,
1416 603 1597 641 omnibus
1620 603 1660 641 in
1679 604 1850 643 numeris
1865 607 2177 656 superet3Prop-

257 671 363 702 terea
402 660 639 712 superiorem
679 660 879 698 scientiam
921 661 1146 708 comparate
1186 657 1311 695 visum
1346 662 1404 694 est
1439 657 1656 707 appellare,
1683 664 1724 695 vt
1751 657 2046 696 ostenderemus
2072 659 2173 696 hanc

258 715 455 754 scientiam
496 715 702 752 caelestem
734 725 835 763 esse,
875 711 1115 762 superiorem
1149 709 1258 749 omni
1292 717 1416 748 terrae
1448 708 1560 746 huius
1587 716 1653 747 aut
1686 710 1821 748 mundi
1848 709 1964 748 totius
1995 710 2175 761 scientia,

258 775 322 806 aut
362 767 408 816 (si
443 767 494 805 ita
531 767 672 815 placet)
700 777 922 815 supremam
950 765 1145 814 omnium,
1172 775 1271 813 quae
1299 773 1470 811 vnquam
1497 761 1585 799 sciri
1612 762 1662 799 ab
1689 762 1846 800 homine
1874 764 1910 801 δε
1937 763 2178 812 apprehendi

259 827 433 870 possunt.
476 816 605 867 Quid?
643 819 750 868 quod
786 820 859 856 hac
896 817 979 867 ipsa
1005 817 1263 867 appellatione
1291 813 1560 853 admirabilem
1587 814 1689 852 hanc
1716 815 1915 854 scientiam
1942 829 2022 854 non
2050 817 2178 854 solum

259 873 496 923 superiorem
532 871 614 910 aliis
642 870 831 922 scientiis,
859 872 993 909 verum
1021 870 1136 909 etiam
1165 868 1278 908 nobis
1306 867 1418 917 ipsis,
1447 868 1482 905 δι
1509 873 1646 905 natura
1673 874 1827 919 nostra,
1855 870 1891 906 δε
1918 867 2002 918 ipsa
2029 868 2179 906 vniuer-

260 926 369 964 sitate
398 937 546 975 rerum,
574 921 865 974 praedicamus?
892 926 950 962 Ita
977 924 1019 961 fit
1045 930 1087 961 vt
1113 934 1231 972 quam
1258 920 1482 971 longissime
1508 919 1668 958 abducti
1694 922 1743 959 ab
1770 922 1908 959 harum
1932 932 2061 959 rerum
2086 934 2179 959 con-

254 978 454 1017 suetudine
483 979 519 1016 δε
547 977 791 1028 cognitione,
819 983 1169 1026 praetercurramus
1198 974 1330 1013 onmia
1356 985 1455 1022 quae
1484 979 1573 1011 sunt
1599 973 1640 1010 in
1667 975 1783 1012 rebus
1808 973 2180 1025 creatis,&sursum

254 1032 304 1069 ad
332 1033 464 1069 lumen
491 1030 586 1068 illud
614 1029 926 1080 inextinguibile,
952 1030 1144 1078 nullisque
1173 1027 1451 1066 mutationibus
1479 1032 1544 1064 aut
1572 1026 1806 1064 vmbraculis
1829 1026 2086 1077 infestum,id
2101 1033 2180 1074 est,

254 1085 305 1122 ad
331 1085 460 1122 Deum
485 1083 613 1133 ipsum
639 1084 936 1121 transuolemus.
976 1083 1036 1119 Ex
1063 1083 1141 1120 hcc
1167 1081 1282 1131 igitur
1308 1079 1474 1129 lumine,
1504 1079 1611 1128 quod
1640 1079 1823 1129 singulari
1837 1079 1959 1130 gratia
1975 1080 2181 1118 nobiscum

253 1138 359 1175 Deus
387 1136 720 1174 communicatum
755 1135 897 1186 voluit,
929 1135 970 1172 id
997 1134 1111 1173 nobis
1140 1133 1351 1184 contingit,
1379 1139 1420 1170 vt
1449 1131 1649 1170 materiam
1680 1132 1982 1182 supernaturalis
2010 1133 2180 1171 Theolo-

253 1190 337 1240 giae
365 1189 766 1240 comprehendamus,
795 1187 975 1226 nimirum
1003 1201 1065 1225 res
1094 1189 1268 1236 diuinas,
1304 1187 1381 1223 hoc
1418 1191 1495 1234 est,
1522 1185 1651 1223 Deum
1679 1184 1830 1235 ipsum,
1860 1187 1895 1224 δι
1924 1196 2179 1235 quaecunque

254 1250 362 1292 sunt,
405 1245 481 1291 qua
517 1242 567 1280 ad
604 1243 734 1279 Deum
765 1241 943 1279 ordinata
970 1248 1078 1279 sunt:
1107 1239 1411 1290 prehendamus,
1440 1237 1620 1287 inquam,
1648 1250 1720 1287 pro
1748 1238 1960 1277 iustissimo
1989 1237 2179 1277 sanctissi-

254 1301 395 1344 moque
424 1294 600 1333 subiecto
629 1294 740 1332 huius
768 1293 998 1343 sapientiae,
1035 1295 1069 1332 &
1098 1293 1199 1331 intus
1227 1290 1416 1342 principia
1440 1290 1504 1328 illa
1531 1290 1710 1329 caelestia
1738 1304 1807 1340 per
1834 1304 1874 1330 se
1902 1298 2017 1341 nota,
2040 1291 2181 1340 quibus

254 1347 456 1386 illustrauit
482 1360 554 1386 nos
582 1346 646 1385 hic
673 1348 799 1397 Deus,
827 1359 898 1396 pro
926 1346 1189 1385 instrumentis
1217 1346 1453 1391 habeamuS,
1483 1343 1532 1381 ad
1555 1343 1947 1394 comprehensionem
1962 1343 2182 1382 diuinarum

256 1413 384 1439 rerum
423 1400 661 1439 necessariis.
702 1399 809 1437 Hinc
849 1401 976 1438 forma
1017 1399 1190 1449 sequitur
1229 1398 1342 1436 huius
1384 1395 1645 1447 Theologiae,
1684 1396 1917 1446 diuinaeque
1944 1396 2182 1447 Sapientiae,

254 1453 380 1503 posita
406 1453 444 1491 in
473 1460 562 1491 actu
595 1452 828 1502 cognitionis
858 1452 958 1490 illius
986 1459 1159 1502 nostrae,
1188 1462 1309 1501 quum
1336 1449 1537 1489 statuimus
1564 1450 1779 1498 procedere
1807 1450 2066 1500 Theologiam
2080 1451 2183 1487 hanc

256 1507 585 1556 supernaturalem
619 1505 659 1543 in
696 1503 920 1556 cognitione
948 1517 1076 1542 rerum
1104 1504 1341 1553 diuinarum,
1371 1514 1418 1540 ex
1445 1501 1642 1551 principiis
1672 1501 1857 1540 diuinitus
1884 1502 2037 1552 inditis,
2065 1513 2183 1551 supra

257 1560 447 1597 humanae
477 1558 656 1608 rationis,
685 1559 864 1608 adeoque
893 1558 1019 1596 omnis
1047 1565 1198 1596 creatae
1225 1554 1499 1606 intelligentiae
1526 1555 1701 1593 modurn.
1743 1555 1955 1594 Enimuero
1984 1555 2016 1593 si
2043 1557 2066 1593 a
2094 1556 2183 1593 Deo

254 1613 387 1650 lumen
414 1619 471 1650 est
499 1611 709 1662 superioris
738 1611 940 1661 scientiae,
970 1611 1001 1649 si
1029 1609 1219 1660 principia
1244 1609 1343 1647 illius
1370 1607 1542 1657 luminis,
1572 1607 1603 1645 si
1627 1619 1851 1658 progressus
1874 1607 2049 1658 luminis,
2066 1607 2182 1646 etiam

255 1676 504 1714 progressum
531 1665 593 1702 vel
620 1664 912 1714 processionem
939 1670 1115 1702 nostram
1142 1664 1182 1701 in
1209 1660 1518 1712 apprehensione
1546 1671 1674 1698 rerum
1703 1660 1923 1699 diuinarum
1951 1672 2066 1710 supra
2094 1673 2183 1710 cap-

255 1725 339 1755 tum
365 1717 521 1756 rationis
549 1725 726 1767 nostrae,
755 1723 960 1766 acceptum
988 1716 1116 1754 eidem
1144 1715 1235 1754 ferri
1262 1726 1418 1753 necesse
1448 1720 1517 1752 est.

318 1771 430 1809 lees.
461 1784 520 1808 22.
561 1771 698 1808 Huius
730 1772 769 1808 T
764 1771 958 1818 lzeologiae
984 1770 1295 1819 supernaturalis
1322 1768 1462 1816 duplex
1491 1771 1547 1803 est
1572 1767 1698 1804 ratio:
1725 1779 1814 1804 nam
1838 1771 1908 1804 aut
1919 1767 2095 1804 absoluta
2110 1771 2183 1810 est,

260 1824 308 1860 &²
335 1825 534 1861 secundum
562 1837 621 1873 se,
639 1829 720 1873 pro
748 1825 856 1861 modo
882 1824 1189 1860 communicantis
1199 1833 1213 1867 ,·
1241 1826 1311 1858 aut
1331 1820 1532 1858 secundum
1561 1820 1673 1868 quid,
1699 1824 1774 1868 pro
1801 1820 1952 1857 modulo
1967 1832 2117 1868 eorum,
2134 1819 2190 1855 ad

260 1888 351 1924 quos
376 1878 557 1926 peruenit
581 1878 874 1915 cmmnmzicatz'o.
919 1875 1041 1923 Quod
1068 1874 1232 1913 dicimus
1259 1875 1337 1911 hoc
1364 1872 1484 1910 modo
1514 1883 1554 1909 se
1583 1872 1720 1921 habet,
1748 1883 2004 1921 quaecunque
2026 1870 2186 1910 scientia

260 1935 325 1965 aut
362 1928 548 1978 sapientia
576 1929 615 1968 in
643 1928 911 1978 quaestionem
939 1927 1063 1977 venit,
1092 1941 1137 1966 ea
1159 1926 1425 1965 consideratur
1449 1931 1514 1963 aut
1533 1931 1649 1973 prout
1663 1931 1719 1962 est
1733 1931 1870 1963 natura
1886 1926 1922 1962 &
1936 1937 2078 1974 genere
2092 1935 2187 1974 suo,

263 1980 511 2030 simpliciter,
548 1989 613 2020 aut
642 1989 758 2031 prout
793 1994 874 2019 non
903 1988 960 2018 est
985 1987 1123 2018 natura
1156 1982 1191 2018 δε
1218 1991 1359 2030 genere
1388 1988 1481 2027 suo,
1512 1976 1755 2028 simpliciter,
1785 1984 1851 2015 aut
1877 1984 1993 2027 prout
2020 1989 2101 2015 non
2129 1982 2187 2014 est

261 2040 406 2072 natura
432 2036 467 2072 &
493 2047 652 2085 genere,
680 2035 749 2072 sed
777 2034 950 2083 quodam
979 2040 1166 2072 concreto
1194 2033 1338 2081 modo,
1366 2029 1594 2079 composite.
1621 2031 1663 2078 (f.
1696 2032 1822 2080 1398.)
1850 2031 1897 2068 Id
1925 2030 2034 2080 quod
2048 2036 2106 2067 est
2120 2041 2186 2067 na-

265 2093 374 2132 tura,
410 2087 444 2123 &
485 2089 592 2136 quod
624 2093 680 2126 est
706 2087 745 2124 in
773 2099 935 2137 genere,
963 2088 1200 2125 abstractum
1227 2085 1461 2135 appellatur:
1490 2083 1598 2132 quod
1626 2094 1756 2133 secus,
1785 2090 2027 2121 concretum.
2066 2081 2190 2120 Verbi

263 2138 405 2188 gratia:
431 2139 578 2178 Iustitia
606 2153 688 2179 esse
703 2146 840 2178 natura
868 2139 1024 2177 dicitur:
1053 2141 1220 2189 Iustum,
1236 2138 1275 2176 in
1290 2149 1369 2187 quo
1384 2135 1527 2175 iustitia
1541 2146 1630 2173 cum
1647 2135 1824 2175 subiecto
1844 2137 1997 2185 haeret,
2011 2148 2091 2173 non
2106 2147 2189 2173 esse

264 2197 426 2229 natura:
456 2192 546 2241 quia
573 2206 654 2231 non
683 2199 741 2231 est
766 2204 888 2231 vnum
916 2191 1010 2242 quid
1037 2192 1193 2242 proprie
1221 2193 1257 2230 δε
1283 2204 1352 2241 per
1379 2202 1433 2228 se.
1471 2188 1600 2227 Omne
1627 2194 1757 2226 autem
1785 2190 1894 2238 quod
1920 2195 1998 2239 est,
2027 2200 2074 2226 eo
2103 2188 2188 2237 ipso

265 2244 372 2292 quod
404 2251 481 2294 est,
511 2257 630 2283 vnum
659 2252 727 2284 est.
754 2246 802 2283 Id
828 2251 958 2284 autem
985 2246 1095 2295 quod
1122 2252 1179 2284 est
1203 2250 1362 2294 natura,
1378 2241 1467 2280 &in
1481 2253 1640 2291 genere,
1656 2241 1911 2290 praestantius
1926 2247 1983 2280 est
1997 2240 2190 2291 eo,quod

267 2303 497 2334 concretum
525 2305 602 2336 est:
632 2297 723 2348 quia
745 2305 880 2336 natura
902 2305 1010 2345 sunt,
1040 2300 1075 2336 δι
1103 2297 1142 2335 in
1169 2310 1310 2348 genere
1338 2302 1425 2334 sunt
1454 2305 1724 2343 quaecumque
1750 2306 1847 2344 pura
1873 2297 1908 2333 &
1930 2294 2108 2332 absoluta
2123 2304 2191 2330 sua

266 2356 403 2387 natura
430 2357 631 2401 constant,
660 2364 734 2388 nec
761 2351 971 2400 quicquam
994 2351 1142 2389 habent
1156 2349 1411 2389 commixtum
1427 2347 1461 2384 δῑ
1477 2353 1724 2397 concretum,
1740 2347 1868 2397 dispar
1883 2346 1942 2386 sui
1955 2353 2070 2395 atque
2084 2345 2191 2383 dissi·

265 2401 368 2439 mile.
398 2402 545 2441 Iustitia
572 2404 676 2441 enim
697 2416 846 2452 semper
868 2410 924 2442 est
939 2416 1013 2441 vna
1027 2405 1062 2442 &
1078 2404 1214 2442 eadem
1225 2433 1235 2451 ,
1251 2402 1290 2441 in
1305 2401 1418 2440 nullis
1433 2399 1608 2449 personis
1620 2429 1630 2449 ,
1645 2399 2012 2450 temporibus,locis
2031 2398 2193 2437 mutabi-

267 2453 331 2492 lis:
356 2456 481 2493 Iustus
502 2456 727 2494 mutabilem
737 2456 855 2494 habet
870 2464 1069 2507 naturam,
1085 2456 1416 2504 mutationemque
1431 2451 1607 2503 suscipit,
1624 2451 1731 2490 cuius
1745 2460 1803 2491 est
1816 2452 1957 2491 iustitia
1971 2464 2120 2501 expers·
2146 2452 2192 2488 In

264 2507 368 2544 hunc
397 2509 558 2546 modum
587 2509 635 2548 de
663 2509 879 2558 Theologia
902 2509 1073 2548 dicturos
1089 2521 1186 2559 opus
1202 2516 1258 2548 est
1272 2504 1585 2555 circumspicere,
1600 2517 1650 2543 ne
1664 2507 1790 2544 forma
1804 2505 2043 2555 Theologiae
2058 2515 2189 2542 secun-

265 2559 358 2597 dum
386 2567 562 2600 naturam
590 2562 625 2599 &
653 2573 773 2612 genus
801 2561 939 2611 ipsius,
963 2569 1080 2611 prout
1102 2569 1160 2600 est
1184 2559 1478 2612 integerrima&
1493 2557 1804 2608 corruptissima,
1820 2558 2059 2597 admixtione
2080 2555 2192 2595 vllius

266 2611 322 2649 rei
349 2620 556 2652 concretae
584 2615 825 2653 deformetur
856 2615 1191 2666 adultereti'uque,
1220 2621 1284 2653 aut
1307 2615 1373 2651 fiat
1387 2615 1447 2661 (ut
1462 2610 1514 2649 ita
1528 2610 1716 2658 dicamus)
1735 2611 1965 2657 ὑπόχαλκος.
1993 2610 2095 2647 Nam
2110 2608 2142 2647 si
2155 2607 2196 2645 id

267 2664 373 2713 quod
400 2666 563 2704 subiecti
577 2674 634 2705 est
646 2697 656 2717 ,
672 2674 736 2706 aut
752 2667 964 2705 secundum
981 2667 1197 2706 subiectum
1212 2667 1311 2705 illius
1323 2697 1333 2717 ,
1348 2677 1436 2703 cum
1451 2662 1690 2702 sanctissima
1705 2663 1769 2701 illa
1784 2665 1819 2701 &
1834 2664 2058 2702 intemerata
2072 2667 2194 2699 matre

265 2717 442 2756 &indice
458 2719 588 2759 salutis
617 2727 774 2759 nostrae
803 2719 851 2768 (si
878 2719 931 2757 ita
959 2722 1155 2769 appellare
1168 2720 1274 2768 licet)
1290 2716 1726 2767 confuderis,neutrum
1741 2717 1881 2754 horum
1895 2717 2072 2766 profecto
2092 2715 2195 2753 recte

1922 2773 2199 2817 assequuturus
