2334 3020
270 111 340 138 120
887 109 1100 136 THESES
1140 108 1566 148 THEOLOGICAE.

804 259 871 295 VI.
926 259 1011 295 DE
1053 258 1648 295 TRADITIONIBVS.

321 388 350 410 1.
405 373 580 410 Verbum
623 371 697 409 Dei
740 378 805 409 aut
841 373 1026 423 ἔγγραφον
1055 378 1130 421 est,
1160 379 1225 409 aut
1254 373 1431 422 ἄγραφον.
1474 372 1709 422 Scripturam
1738 385 1888 410 sacram
1923 373 2084 410 verbum
2110 385 2194 410 esse

266 429 469 476 ἔγγραφον,
498 425 748 473 auctoritate,
777 425 1039 474 perfectione,
1068 426 1190 463 modo
1219 426 1254 462 δε
1282 426 1358 462 tine
1374 437 1444 463 suo
1461 425 1889 463 diuinum&canonem
1908 425 2193 473 authenticum,

265 483 451 515 hactenus
480 478 550 515 suit
578 478 903 515 demonstratum.
931 479 1013 514 Iam
1044 478 1092 515 de
1124 478 1299 529 ἀγράφῳ,
1329 476 1410 515 siue
1438 490 1517 515 non
1547 477 1713 527 scripto,
1741 477 1857 516 nobis
1885 477 2097 515 videndum
2118 484 2193 527 est,

265 530 372 578 quod
401 530 559 567 nomine
588 529 839 567 traditionum
870 531 1065 567 donarunt
1093 531 1214 567 multi.

320 596 352 620 2.
408 583 644 620 Traditionis
671 595 749 620 vox
776 582 910 631 latius,
941 590 1005 620 aut
1032 582 1230 632 angustius
1260 581 1433 620 sumitur.
1463 583 1596 620 Priore
1624 583 1745 620 modo
1770 582 1959 632 significat
1974 582 2192 620 doctrinam

267 634 480 684 quamlibet
520 635 724 685 scriptam,
766 643 831 673 aut
858 647 939 672 non
967 634 1148 684 scriptam
1178 635 1216 672 in
1246 636 1497 673 Testamento
1525 636 1574 672 N.
1602 637 1637 673 δε
1665 637 1714 672 V.
1742 641 1783 673 vt
1814 649 1847 673 2.
1880 637 2010 673 Thess.
2044 649 2076 672 2.
2118 637 2194 672 Po-

267 687 428 725 steriore
461 691 554 725 vero
584 687 772 737 significat
799 701 905 737 eam,
935 699 1034 736 quae
1062 700 1141 725 non
1169 690 1193 724 a
1220 688 1424 737 Prophetis
1452 695 1517 725 aut
1545 687 1746 737 Apostolis
1773 688 1915 738 scripta
1942 695 2020 737 est,
2048 688 2116 725 sed
2144 689 2194 725 ab

266 740 311 777 iis
339 739 427 777 viua
454 753 553 778 voce
582 739 721 778 dicitur
749 741 933 789 exposita.
963 742 1080 778 Hanc
1107 741 1302 778 affirmant
1330 740 1545 792 Pontificij3
1574 753 1646 778 nos
1674 739 1966 790 distinguimus,
1996 752 2094 790 quae
2114 752 2194 777 non

266 792 354 830 satis
381 796 469 842 apte
497 799 561 830 aut
587 796 678 830 vere
707 795 756 831 ab
784 793 857 830 illis
888 793 1164 830 obtenduntur.

318 858 352 892 3.
410 845 491 883 Etsi
531 853 659 883 autern
700 845 947 883 Traditiones
989 845 1042 883 illi
1082 846 1121 882 in
1165 845 1345 893 Diuinas,
1383 845 1653 896 ApostolicaS,
1683 846 1717 882 ἃ
1749 845 2040 883 Ecclesiasticas
2067 847 2195 883 solent

265 897 520 948 distinguere,
549 900 598 935 ab
628 899 857 936 authoribus
885 899 1075 947 ipsarum:
1105 905 1233 935 tamen
1265 899 1354 947 quia
1381 898 1474 937 illud
1506 898 1599 936 nihil
1628 899 1677 936 ad
1706 911 1786 936 rem
1815 906 2057 947 praesentem
2081 898 2194 948 facit,

266 952 428 988 alterum
460 951 751 989 distinctionum
779 963 918 1001 genus,
938 953 1056 1000 quod
1086 953 1108 988 a
1136 951 1296 988 materia
1323 952 1494 1001 ducitur,
1522 953 1560 990 in
1590 952 1666 989 hoc
1695 953 1785 988 loco
1811 951 1900 989 satis
1914 952 2084 989 futurum
2101 963 2193 988 con-

266 1004 429 1041 fidimus.
474 1005 575 1054 Sunt
608 1004 709 1042 enim
739 1004 964 1042 traditiones
992 1004 1089 1041 aliae
1117 1003 1230 1051 facti,
1259 1010 1352 1053 puta
1380 1005 1604 1053 historicae3
1632 1003 1729 1041 aliae
1756 1003 1865 1052 iuris,
1893 1011 1985 1053 puta
2013 1015 2113 1053 quae
2143 1004 2192 1041 ad

265 1056 403 1106 fidem,
434 1070 583 1104 mores,
613 1064 678 1095 aut
706 1057 947 1106 disciplinam
981 1057 1186 1106 pertinent.

317 1121 351 1155 4.
408 1109 655 1147 Traditiones
698 1110 900 1147 historicas
939 1111 1178 1159 appellamus
1219 1122 1305 1156 eas,
1346 1108 1486 1158 quibus
1522 1108 1705 1146 historiae
1733 1116 1937 1146 narrantur
1965 1111 1988 1146 a
2017 1109 2194 1158 Christo,

265 1162 487 1210 Prophetis,
517 1162 736 1211 Apostolis,
765 1170 830 1200 aut
858 1162 1115 1212 Euangelistis
1143 1162 1260 1211 ipsius
1289 1170 1437 1211 gestae,
1467 1173 1633 1211 quorum
1663 1163 1767 1199 nulla
1795 1169 1924 1199 tamen
1954 1161 1991 1198 in
2007 1161 2194 1211 scriptura

266 1215 466 1252 Canonica
495 1217 658 1253 habetur
685 1216 844 1252 mentio.
875 1217 975 1253 Nam
1002 1215 1094 1253 alias
1122 1217 1322 1264 praeterea
1351 1214 1467 1252 fuisse
1497 1222 1621 1263 gestas
1643 1217 1759 1263 quam
1775 1226 1874 1264 quae
1889 1214 2087 1264 scripturis
2101 1227 2192 1252 con-

263 1266 434 1304 tinentur
479 1269 568 1306 cum
609 1268 690 1317 ipsa
727 1269 844 1306 docet
874 1268 988 1314 ratio,
1019 1275 1100 1305 tum
1130 1269 1324 1305 Iohannes
1353 1274 1513 1306 testatur
1541 1267 1744 1317 euangelio
1774 1279 1844 1305 suo
1874 1280 1958 1317 cap.
1990 1280 2037 1304 20
2066 1269 2101 1305 ἃ*
2132 1280 2192 1304 21.

263 1321 406 1357 Earum
435 1323 528 1358 vero
557 1320 797 1358 narrationes
826 1325 930 1367 (nam
960 1322 1152 1358 habentur
1179 1321 1371 1369 quaedam
1400 1320 1505 1370 apud
1535 1321 1778 1358 orthodoxos
1807 1322 1955 1368 Patres)
1977 1320 2111 1358 sicum
2127 1319 2193 1357 illo

265 1385 418 1411 canone
459 1373 716 1420 conueniunt,
757 1373 1000 1422 suscipimus:
1044 1373 1074 1410 si
1103 1373 1355 1421 dissentiunt,
1383 1373 1673 1423 improbamus,
1702 1373 1732 1410 si
1760 1385 1840 1410 non
1872 1372 2124 1416 dissentiunt,
2155 1372 2192 1409 in

265 1425 394 1463 medio
424 1425 696 1475 relinquimus,
726 1426 873 1464 nemini
900 1426 1015 1463 fidem
1045 1425 1362 1474 praescribentes.

318 1488 352 1527 5.
408 1479 677 1516 Traditionum
719 1481 811 1516 vero
847 1479 997 1517 illarum
1027 1490 1126 1527 quae
1155 1486 1243 1516 sunt
1272 1477 1310 1515 in
1337 1479 1419 1516 iure
1445 1478 1596 1527 positae
1624 1477 1722 1516 ratio
1749 1485 1807 1516 est
1834 1477 2046 1527 multiplex.
2089 1478 2190 1515 Nam

262 1531 358 1568 aliae
387 1531 434 1568 ad
462 1531 651 1570 rationem
680 1531 770 1568 fidei
798 1530 954 1581 proprie
981 1532 1016 1568 &
1043 1544 1112 1580 per
1142 1544 1182 1568 se
1210 1530 1418 1580 pertinent:
1447 1531 1545 1568 aliae
1574 1531 1623 1568 ad
1651 1530 1841 1568 rationem
1870 1543 2044 1579 morum,
2073 1532 2108 1568 ἃ
2138 1530 2191 1567 in-

264 1583 479 1621 stituendae
520 1584 638 1634 vitae,
681 1583 777 1621 aliae
814 1584 980 1632 denique
1008 1585 1058 1620 ad
1087 1583 1276 1621 rationem
1305 1583 1534 1633 disciplinae
1562 1584 1947 1633 ceremoniarumque
1975 1583 2088 1621 iuius.
2131 1584 2191 1620 De

263 1635 323 1673 his
351 1636 489 1674 ordine
518 1636 728 1674 videamus.

315 1690 350 1726 6.
406 1691 441 1726 T
444 1689 654 1727 raditiones
682 1690 731 1726 ad
760 1689 948 1727 rationem
977 1688 1067 1726 fidei
1095 1688 1333 1738 pertinentes
1363 1688 1510 1737 aliquas
1540 1701 1644 1738 esse,
1673 1690 1708 1726 &
1736 1701 1818 1726 esse
1843 1688 2076 1726 necessarias
2092 1689 2190 1726 affir-

263 1748 369 1778 mant
411 1742 621 1793 Pontificij,
662 1754 734 1778 nos
766 1752 964 1791 negamus.
1007 1743 1108 1779 Nam
1145 1741 1341 1790 Scriptura
1375 1742 1411 1779 S.
1442 1741 1740 1779 instrumentum
1769 1747 1826 1779 est
1856 1741 2030 1779 diuinum
2059 1741 2190 1778 diuina

262 1794 502 1842 perfectione
544 1796 579 1832 δῖ
620 1796 740 1832 modo
782 1794 984 1832 continens
1025 1795 1193 1843 perfecte
1236 1795 1406 1843 regulam
1449 1794 1559 1842 fidei,
1601 1805 1700 1843 quae
1728 1794 1840 1831 vnica
1868 1801 1945 1842 est,
1974 1793 2189 1842 eademque

261 1859 434 1896 semper,
462 1849 497 1884 δι
525 1849 608 1885 sola
636 1846 906 1893 immutabilis,
935 1846 997 1884 cui
1024 1846 1118 1884 nihil
1148 1847 1311 1896 addere,
1341 1847 1516 1895 demere,
1545 1858 1691 1884 nouare
1722 1848 1796 1896 fas,
1826 1855 1941 1896 atque
1970 1847 2189 1895 (vtTertul-

261 1899 385 1937 lianus
426 1900 611 1948 loquitur)
654 1899 960 1938 irreformabilis:
1000 1911 1186 1948 quorsum
1215 1898 1329 1949 igitur
1359 1897 1629 1937 Traditiones?
1669 1900 1771 1936 Tum
1799 1902 1822 1936 a
1850 1902 1932 1938 sola
1959 1899 2190 1937 authoritate

261 1952 335 1989 Dei
377 1959 432 1990 est
473 1953 562 1991 fidei
596 1953 828 1999 auctoritas,
856 1956 978 2000 e'aque
1007 1953 1106 1989 adeo
1137 1951 1174 1989 in
1205 1953 1242 1989 S.
1273 1951 1478 2001 Scripturi's
1505 1951 1731 2001 obsignata,
1760 1960 1800 1990 vt
1827 1953 1998 1990 deletum
2029 1952 2072 1989 iri
2101 1964 2188 2001 pro-

260 2005 464 2042 nuncietur
498 2017 585 2043 eum
616 2005 681 2054 qui
709 2005 922 2053 addiderit,
953 2004 1131 2042 minuerit
1157 2012 1222 2042 aut
1251 2005 1457 2043 mutauerit
1484 2005 1522 2042 in
1552 2017 1597 2042 ea
1625 2004 1846 2053 quicquam.
1873 2007 2010 2054 Itaque
2038 2011 2186 2042 tantum

261 2058 387 2106 abest,
433 2065 471 2095 vt
505 2056 732 2096 traditiones
772 2058 821 2095 de
855 2059 931 2095 fide
962 2057 1078 2095 nobis
1116 2057 1191 2095 sint
1219 2057 1480 2103 necessariae,
1517 2066 1558 2096 vt
1588 2059 1724 2095 contra
1752 2057 1912 2096 omnino
1941 2057 1989 2095 sit
2017 2070 2190 2095 necessa-

259 2109 379 2159 rium,
410 2123 459 2148 ne
487 2111 711 2149 traditiones
741 2111 789 2148 de
815 2111 892 2148 fide
918 2111 1130 2148 habeamus
1157 2109 1195 2147 in
1224 2109 1400 2148 Ecclesia
1430 2110 1517 2148 Dei.

318 2174 350 2210 7.
408 2163 484 2200 Sed
512 2163 602 2212 quia
629 2163 880 2201 traditionum
909 2164 1046 2200 harum
1074 2163 1342 2200 auctoritatem
1371 2165 1406 2200 δε
1435 2163 1654 2212 exemplum
1685 2164 1830 2200 nullum
1859 2164 2010 2201 adferre
2024 2169 2187 2212 possunt

261 2216 326 2263 qui
355 2228 419 2253 eas
450 2217 697 2265 praedicant,
726 2218 851 2254 solent
879 2215 1068 2264 Pontificij
1100 2216 1150 2253 ad
1178 2215 1407 2253 traditiones
1437 2227 1537 2265 quae
1564 2222 1629 2252 aut
1655 2216 1705 2253 de
1733 2216 1929 2265 moribus,
1957 2223 2023 2253 aut
2050 2216 2098 2253 de
2114 2215 2188 2253 dis--

261 2268 402 2317 ciplina
432 2276 541 2319 sunt,
567 2277 632 2307 aut
661 2270 710 2306 de
738 2268 918 2317 historia,
947 2270 1168 2318 confugere.
1207 2269 1308 2306 Nam
1337 2269 1445 2316 quod
1474 2267 1596 2317 (verbi
1623 2268 1759 2317 gratia)
1789 2269 1838 2306 de
1868 2270 2004 2306 beatae
2031 2267 2188 2318 virginis

264 2321 447 2358 ⁷9sow'uov
488 2329 672 2371 perpetua
713 2321 1163 2371 virginitate'asserunt,
1207 2322 1242 2359 δι
1282 2333 1355 2359 nos
1397 2320 1555 2359 minime
1582 2332 1789 2370 negamus,
1817 2321 1858 2358 id
1886 2321 2101 2359 traditionis
2130 2331 2187 2358 est

260 2372 488 2411 historicae:
518 2382 669 2412 caetera
696 2376 817 2411 ferme
846 2374 978 2411 omnia
1006 2376 1026 2411 e
1056 2373 1282 2423 disciplinae
1310 2374 1517 2411 traditione
1545 2379 1643 2411 sunt.
1673 2375 1767 2411 Hoc
1794 2376 1888 2412 vero
1916 2374 2082 2411 alienum
2111 2380 2186 2421 est,

259 2425 367 2472 quod
397 2439 444 2464 ex
473 2440 548 2464 vna.
576 2426 704 2476 specie
732 2428 890 2464 alteram
916 2428 1083 2475 probare
1105 2429 1261 2476 volunt,
1285 2427 1319 2464 δι
1336 2427 1604 2477 ἀσυλλιῖγιςον.
1632 2427 1693 2463 De
1708 2426 1980 2464 traditionibus
1995 2425 2186 2464 historicis

260 2477 297 2514 in
328 2478 426 2516 thesi
454 2492 489 2526 4.
520 2479 859 2529 praescripsimus:
889 2480 937 2516 de
965 2479 1047 2516 aliis
1077 2479 1204 2528 itaque
1232 2478 1443 2516 videamus.

313 2531 349 2568 8.
405 2532 676 2570 Traditionum
705 2543 804 2581 quae
832 2533 881 2569 ad
911 2544 1039 2569 mores
1067 2532 1261 2580 pertinent
1287 2531 1555 2569 auctoritatem
1586 2537 1650 2568 aut
1670 2544 1716 2568 ex
1732 2533 1900 2580 Natura,
1922 2538 1986 2569 aut
2002 2544 2048 2568 ex
2062 2530 2186 2580 Scrip—

259 2589 345 2620 tura
386 2584 463 2633 peti
505 2598 663 2623 necesse
704 2592 783 2628 est,
812 2585 930 2633 idque
960 2585 1186 2633 simpliciter
1213 2584 1338 2633 primo
1367 2586 1401 2621 δι
1430 2596 1499 2632 per
1527 2595 1589 2631 se,
1618 2590 1682 2620 aut
1711 2585 1826 2622 etiam
1855 2584 2075 2634 analogice,
2104 2596 2185 2633 per-

261 2635 391 2684 spicue
434 2644 498 2675 aut
527 2639 703 2675 obscure.
748 2639 848 2674 Nam
878 2637 908 2673 si
936 2637 1028 2686 quid
1055 2639 1116 2674 vel
1145 2637 1322 2674 Ecclesia
1348 2644 1446 2681 tota,
1477 2643 1604 2684 extra,
1634 2644 1805 2686 praeter,
1829 2639 1897 2674 aut.
1925 2644 2060 2674 contra
2086 2637 2185 2673 hanc

264 2689 559 2738 authoritatem,
606 2693 664 2728 vel
700 2690 853 2727 alterius
879 2691 1014 2726 harum
1044 2696 1242 2731 statueret,
1272 2690 1357 2739 pios
1386 2691 1488 2726 certe
1515 2700 1564 2725 ne
1591 2689 1663 2737 ipsi
1691 2690 1847 2738 quidem
1877 2690 2074 2727 Ecclesiae
2101 2700 2185 2725 aus—

262 2741 404 2778 cultare
434 2750 639 2791 oporteret.

1989 2806 2023 2844 9.
2080 2793 2180 2830 Cum
