2334 3020
248 69 324 122 456
954 81 1219 109 E1RENICI
1264 82 1403 110 PARS
1446 82 1470 110 i.

243 202 334 239 erga
362 190 496 227 fratres
524 195 678 227 nostros
707 201 915 239 germanos
943 188 1017 227 Dei
1048 189 1087 226 in
1117 189 1293 227 Ecclesia
1320 189 1420 228 filios
1449 189 1579 229 officia
1607 189 1785 230 accendit
1815 190 1970 231 monitis
1997 190 2177 231 saluber-

242 241 365 292 rimis,
407 243 443 280 δε
482 241 768 280 hortationibus
809 241 1174 280 vehementissimis:
1219 243 1476 292 modumque·
1499 243 1720 282 officiorum
1761 244 1923 283 istorum
1951 246 2178 295 praescrth

242 294 549 345 diligentissime,
578 301 618 333 vt
645 306 734 332 cum
763 294 871 333 omni
903 295 1095 333 modestia
1122 309 1168 333 ac
1197 296 1513 347 mansuetudine,
1539 308 1628 335 cum
1657 297 1775 336 animi
1798 298 1954 337 lenitate
1967 300 2176 338 tolerantes

241 347 303 396 alij
345 347 441 386 alios
485 360 554 397 per
594 347 842 397 charitatem,
879 349 1105 386 studeamus
1135 360 1289 387 seruare
1317 349 1503 387 vnitatem
1534 349 1696 399 Spiritus
1723 364 1792 400 per
1818 350 2016 390 vinculum
2046 352 2177 402 pacis,

242 402 277 438 δι
314 401 567 438 fundamenta
604 400 875 450 principiaque
904 402 1045 439 horum
1074 401 1294 439 officiorum
1326 404 1443 451 quam
1472 402 1760 441 accuratissime
1787 403 1994 456 adscribit,
2023 405 2176 455 dicens3

243 455 375 491 Vnum
411 461 468 491 est
506 465 670 503 corpus,
707 456 743 492 δε
777 465 874 492 vnus
911 454 1095 504 Spiritus,
1131 455 1230 493 sicut
1267 457 1301 493 δι
1336 455 1466 493 vocati
1493 455 1584 494 estis
1610 456 1650 494 in
1676 469 1793 495 vnam
1822 470 1931 507 spem
1958 457 2177 496 vocationis

243 513 410 544 vestrae:
439 517 535 545 vnus
565 505 759 545 Dominus
787 519 863 545 vna
889 507 1007 556 fides,
1037 519 1157 545 vnum
1186 507 1399 557 baptisma,
1428 519 1525 546 vnus
1550 510 1657 547 Deus
1686 511 1722 547 δε
1750 516 1860 560 pater
1887 510 2083 561 omnium,
2111 510 2178 559 qui

242 567 298 597 est
326 571 441 609 super
469 572 624 609 omnes,
653 561 689 598 &
716 572 787 609 per
814 572 970 610 omnes,
1000 561 1036 598 &
1064 560 1103 598 in
1131 560 1313 599 omnibus
1341 560 1469 600 nobis.
1498 562 1640 611 Ephes.
1669 575 1706 609 4.
1732 575 1768 612 3.
1798 576 1834 611 4.
1865 574 1900 612 5.
1929 565 1965 601 6.

293 613 423 662 Atque
464 612 523 650 his
562 612 721 662 quidem
762 613 943 651 omnibus
985 613 1125 651 officiis
1167 626 1304 652 omnes
1346 614 1567 664 promiscue
1598 621 1777 654 tenemur
1804 615 1866 665 alij
1892 628 1984 666 erga
2012 616 2109 654 alios
2138 615 2174 654 in

240 665 439 704 Domino:
477 666 544 703 sed
572 673 703 704 tamen
732 667 823 703 cum
851 666 901 704 ad
929 679 997 704 eos
1028 666 1194 716 respicio
1223 678 1323 716 quos
1349 668 1458 706 Deus
1485 667 1671 718 singulari
1697 669 1907 708 vocatione
1933 669 2110 707 instruxit
2137 669 2177 707 in

240 718 416 757 Ecclesia
451 730 540 767 sua,
579 726 619 757 vt
652 719 795 757 faciant
822 721 857 758 δι
884 719 1053 758 doceant
1081 732 1338 770 quaecunque
1365 720 1440 759 sibi
1467 723 1490 758 a
1518 721 1694 759 Domino
1723 729 1934 772 praecepta
1959 729 2068 770 sunt,
2097 734 2177 771 quo

241 771 462 821 grauiorem
497 784 580 810 esse
608 771 723 811 video
763 772 1043 822 obligationem
1080 773 1256 824 illorum,
1293 785 1341 811 eo
1379 773 1599 824 grauiorem
1636 787 1795 824 quoque
1823 775 1938 814 video
1968 776 2004 812 δε
2032 776 2175 813 horreo

239 825 454 874 condem(f.
485 825 797 874 729)nationem,
836 825 867 863 si
903 827 953 864 ab
989 825 1047 864 his
1086 826 1243 876 officiis,
1275 838 1375 876 quae
1403 828 1511 866 Deus
1541 828 1682 877 docet,
1711 828 1899 867 docendis
1927 829 1963 865 ἃ
1991 827 2178 867 faciendis

240 877 506 916 abscesserint.
537 877 644 926 Quid
673 877 798 917 enim?
827 878 893 928 qui
920 879 1063 929 Angeli
1091 891 1224 918 sumus
1252 879 1437 929 Domini,
1465 880 1630 918 ministri
1645 880 1810 932 Christi,
1838 880 2177 931 &dispensatores

240 931 512 981 mysteriorum
540 931 632 981 Dei,
661 931 728 981 qui
755 944 835 970 non
866 943 997 970 sumus
1025 932 1148 970 nostri
1176 932 1287 983 iuris,
1317 934 1386 971 sed
1417 933 1579 971 Domini
1607 934 1730 973 nostri
1756 937 1846 973 Iesu
1874 934 2018 972 Christi
2032 946 2175 980 sumus,

238 984 306 1033 qui
333 997 402 1034 per
431 984 557 1033 ipsum
587 984 795 1034 mancipati
822 986 910 1024 Deo
939 986 974 1022 δε
1002 985 1122 1036 Patri,
1152 987 1187 1024 ἃ
1214 985 1374 1024 immissi
1401 987 1451 1024 ad
1476 987 1684 1025 colendam
1700 994 1874 1025 sanctam
1888 987 2043 1026 vineam
2057 987 2178 1037 illius,

239 1040 473 1086 putannisne
501 1037 616 1075 licere
645 1037 759 1076 nobis
787 1039 895 1087 quod
923 1039 1041 1088 vulgo
1069 1051 1148 1077 non
1177 1036 1291 1077 licet?
1333 1045 1399 1077 aut
1425 1040 1534 1089 quod
1561 1039 1600 1077 in
1627 1039 1710 1078 aliis
1738 1042 1960 1091 culpamus,
1995 1040 2034 1077 in
2062 1041 2177 1078 nobis

239 1103 378 1128 vacare
415 1087 556 1140 culpa?
590 1103 671 1128 non
698 1091 916 1141 cogitamus
954 1103 1125 1141 vnquam
1154 1093 1374 1141 exemplum
1401 1092 1500 1130 illius
1528 1092 1772 1132 instrumenti
1799 1093 1911 1132 electi
1939 1095 1962 1131 a
1989 1093 2176 1142 Domino,

237 1143 420 1195 dicentis,
449 1143 637 1193 Quisquis
667 1151 805 1194 certat,
835 1144 874 1182 in
903 1144 1085 1183 omnibus
1115 1152 1171 1184 est
1199 1145 1426 1196 continens,
1455 1145 1509 1184 illi
1537 1146 1695 1194 quidem
1724 1146 1790 1196 qui
1810 1146 1850 1184 in
1865 1146 1991 1185 stadio
2006 1153 2177 1196 currunt,

238 1203 278 1234 vt
318 1197 528 1246 perituram
570 1209 758 1235 coronam
800 1197 1011 1247 accipiant;
1055 1211 1128 1236 nos
1156 1204 1306 1248 autem,
1334 1205 1376 1236 vt
1404 1198 1682 1249 incorruptam.
1712 1212 1786 1250 ego
1817 1199 1932 1250 igitur
1960 1199 2012 1237 ita
2040 1212 2176 1249 curro,

239 1257 280 1288 vt
317 1262 398 1288 non
433 1250 471 1287 in
500 1250 710 1301 incertum,
746 1251 798 1288 ita
832 1250 1004 1301 pugilem
1032 1264 1126 1301 ago,
1154 1258 1195 1289 vt
1222 1257 1350 1289 aerem
1378 1264 1460 1290 non
1489 1253 1673 1303 caedam,
1702 1253 1772 1291 sed
1799 1252 2002 1291 contundo
2031 1264 2176 1302 corpus

239 1314 370 1341 meum
411 1305 446 1341 &
488 1303 526 1340 in
568 1303 792 1342 seruitutem
835 1303 994 1354 redigo,
1036 1317 1086 1342 ne
1126 1315 1205 1353 quo
1248 1305 1370 1343 modo
1410 1306 1500 1342 cum
1543 1305 1626 1344 aliis
1667 1305 1944 1357 praedicarim,
1973 1305 2054 1355 ipse
2086 1307 2176 1343 fiam

238 1353 502 1394 reiectaneus?
536 1369 567 1394 1.
597 1356 689 1396 Cor.
719 1370 755 1406 9.
788 1368 848 1407 25.
880 1359 941 1396 26.
973 1368 1034 1405 27.

290 1410 539 1459 Quapropter
566 1422 654 1447 mea
684 1421 788 1448 nunc
817 1410 866 1448 ad
895 1423 986 1462 vos,
1016 1410 1039 1447 ὃ
1068 1411 1204 1449 fratres
1234 1410 1447 1449 charissimi
1474 1412 1509 1449 &
1538 1417 1775 1461 symmystae
1804 1411 2061 1461 obseruandi,
2093 1424 2176 1449 sese

236 1462 430 1500 conuertit
472 1461 617 1512 oratio,
661 1463 727 1512 qui
770 1463 954 1513 praefecti
996 1463 1086 1502 estis
1123 1463 1216 1502 ouili
1256 1463 1439 1514 Domini,
1469 1472 1510 1503 vt
1537 1464 1658 1515 agatis
1687 1465 1722 1502 ἃ
1750 1465 1916 1514 pascatis
1944 1477 2082 1515 greges
2111 1464 2177 1514 qui

234 1516 346 1553 vobis
391 1515 587 1554 commissi
627 1523 716 1553 sunt
757 1529 804 1554 ex
845 1516 1073 1555 auctoritate
1114 1516 1234 1566 illius,
1270 1519 1305 1556 δε
1333 1516 1399 1566 qui
1427 1517 1619 1556 rationem
1641 1517 1696 1556 illi
1724 1517 1924 1569 Episcopo
1957 1518 2174 1555 animarum

236 1575 455 1606 nostrarum
492 1571 527 1607 ἅν
556 1580 710 1607 summo
738 1569 885 1618 pastori
913 1569 1045 1608 ouium
1074 1570 1163 1608 estis
1191 1569 1399 1615 reddituri,
1425 1583 1504 1608 non
1535 1572 1661 1609 solum
1690 1571 1739 1609 de
1765 1571 1861 1621 vita,
1893 1582 2026 1609 verum
2056 1571 2173 1610 etiam

234 1621 284 1659 de
317 1621 651 1660 administratione
687 1629 823 1661 vestra.
860 1623 959 1660 Nam
989 1623 1098 1672 quod
1126 1635 1263 1661 omnes
1291 1622 1330 1661 in
1359 1625 1507 1673 populo
1537 1623 1611 1662 Dei
1640 1623 1720 1662 siue
1748 1623 1786 1661 in
1815 1624 1992 1662 Ecclesia
2018 1624 2176 1672 debent,

235 1674 274 1712 id
312 1676 347 1712 &
384 1687 454 1713 vos
483 1674 654 1724 debetis,
683 1688 730 1713 ac
754 1675 918 1725 proinde
946 1687 1036 1713 cum
1065 1675 1147 1713 aliis
1175 1675 1359 1714 omnibus
1387 1689 1525 1726 pacem
1554 1676 1756 1715 Ecclesiae
1784 1677 1937 1715 debetis
1966 1678 2176 1726 postulare,

236 1728 271 1764 δι
304 1727 485 1766 omnibus
513 1727 679 1775 viribus,
716 1735 756 1766 vt
783 1741 877 1767 oues
906 1728 1073 1778 Christi,
1102 1740 1364 1779 propugnare.
1394 1730 1470 1768 Sed
1499 1730 1588 1778 quia
1616 1730 1780 1779 amplius
1809 1741 1926 1779 quam
1955 1729 2052 1768 aliae
2081 1741 2176 1768 oues

236 1780 380 1818 Christi
420 1780 640 1831 accepistis,
684 1781 765 1819 siue
808 1782 938 1831 dono,
979 1788 1095 1831 prout
1137 1781 1242 1820 varie
1274 1794 1342 1820 sua
1386 1783 1489 1820 dona
1518 1783 1726 1821 admetitur
1755 1782 1908 1832 spiritus
1937 1782 2062 1832 illius,
2095 1782 2176 1820 siue

237 1832 461 1885 vocatione,
504 1846 581 1883 qua
623 1833 781 1884 singulis
822 1834 1010 1884 imperata
1052 1835 1087 1871 δε
1131 1835 1407 1873 commendata
1444 1842 1500 1874 est
1537 1847 1605 1873 sua
1633 1835 1936 1874 administratio:
1967 1837 2175 1885 propterea

232 1886 346 1925 nobis
384 1889 500 1936 supra
529 1889 647 1936 quam
674 1887 757 1926 aliis
785 1887 1000 1926 necessaria
1028 1894 1084 1925 est
1113 1888 1309 1926 accuratio
1339 1888 1377 1926 in
1407 1888 1586 1938 gerendis
1618 1890 1752 1939 rebus,
1781 1900 1877 1938 quas
1905 1888 1995 1926 fidei
2022 1895 2176 1926 nostrae

235 1939 430 1977 commisit
458 1940 664 1978 Dominus.
694 1953 915 1979 sermonem
944 1952 1056 1978 suum
1085 1940 1279 1979 commisit
1307 1941 1446 1979 nobis:
1476 1941 1514 1979 in
1544 1942 1720 1980 Ecclesia
1734 1954 1803 1980 sua
1816 1942 2016 1980 mandauit
2032 1940 2174 1990 eloqui,

234 1996 270 2031 δι
299 2005 458 2042 pascere
487 2005 581 2031 oues
609 2005 722 2032 suas:
751 1993 899 2043 praeire
928 1993 1036 2032 iussit
1061 1995 1241 2043 exemplo
1256 1994 1369 2032 fidei:
1401 1994 1558 2044 probari
1575 1995 1695 2032 voluit
1709 1995 1854 2032 exitum
1869 1993 2176 2033 conuersationis

231 2054 407 2096 nostrae,
449 2051 734 2096 proptereaque
770 2059 842 2085 nos
880 2046 920 2084 id
955 2060 1108 2096 semper
1144 2054 1233 2085 ante
1269 2048 1406 2085 oculos
1439 2048 1602 2098 habere,
1644 2054 1685 2086 vt
1725 2047 1807 2097 typi
1835 2048 1952 2086 simus
1979 2049 2174 2086 bonorum

233 2111 420 2149 operum,
462 2111 564 2148 quae
591 2112 684 2149 grex
714 2099 856 2138 Christi
885 2111 1049 2149 sequens
1078 2100 1299 2138 consideret
1326 2107 1442 2149 atque
1471 2100 1653 2139 imitetur.
1682 2101 1746 2139 Sal
1770 2108 1915 2152 terrae,
1944 2102 2010 2138 lux
2040 2099 2176 2138 mundi

234 2153 389 2190 fuerunt
430 2153 630 2202 Apostoli:
687 2154 760 2190 hac
800 2153 985 2203 dignitate
1026 2152 1144 2202 officij
1188 2165 1325 2191 omnes
1368 2153 1661 2191 communicant
1698 2155 1765 2203 qui
1801 2166 2022 2192 sermonem
2066 2152 2174 2190 illum

232 2205 411 2254 Domini,
440 2217 557 2254 quem
585 2205 826 2244 tradiderunt
854 2205 1054 2256 Apostoli,
1099 2212 1216 2255 prout
1244 2208 1267 2244 a
1298 2205 1454 2244 Christo
1482 2214 1734 2257 acceperant,
1762 2208 1984 2256 praeferunt
2013 2207 2052 2244 in
2082 2205 2176 2243 ouili

234 2257 328 2296 eius.
356 2259 572 2296 Ambulent
600 2261 691 2297 sane
720 2257 781 2307 alij
812 2259 849 2296 in
872 2258 1079 2297 vocatione
1108 2271 1176 2297 sua
1205 2258 1279 2297 sibi
1307 2258 1420 2309 ipsis,
1452 2259 1490 2297 id
1518 2266 1594 2309 est,
1624 2271 1694 2298 suo
1723 2262 1759 2298 &
1786 2271 2003 2311 paucorum
2033 2258 2174 2307 quibus

233 2318 320 2349 sunt
347 2311 564 2361 coniuncti,
594 2312 834 2350 commodo:
864 2318 902 2349 at
932 2325 1005 2350 nos
1036 2311 1176 2361 quibus
1206 2311 1442 2361 dispensatio
1459 2313 1656 2351 bonorum
1671 2313 1834 2351 istorum
1850 2313 1921 2350 fuit
1934 2311 2173 2359 concredita,

233 2363 312 2402 siue
351 2371 516 2412 stamus,
553 2364 634 2402 siue
661 2365 853 2413 cadimus,
883 2377 963 2403 non
992 2366 1118 2403 solum
1146 2366 1321 2403 Domino
1350 2371 1486 2403 nostro
1515 2368 1550 2403 δι
1578 2365 1693 2404 nobis
1721 2368 1777 2413 (vt
1805 2365 1883 2414 alij)
1911 2372 2077 2415 stamus,
2109 2371 2174 2402 aut

233 2416 428 2465 cadimus,
452 2418 521 2455 sed
550 2418 632 2455 aliis
661 2421 780 2467 quam
809 2417 1002 2467 plurimis,
1031 2417 1099 2467 qui
1127 2417 1241 2456 nobis
1269 2418 1490 2456 labentibus
1519 2419 1767 2456 collabuntur
1796 2418 2062 2457 &consistunt
2076 2424 2176 2455 stan-

230 2469 345 2509 tibus,
368 2469 527 2519 Optima
549 2482 726 2520 quaeque
760 2470 810 2509 de
838 2471 1020 2509 omnibus
1049 2470 1250 2521 concipio,
1281 2472 1316 2508 &
1345 2478 1440 2520 opto
1470 2484 1516 2509 ex
1540 2472 1699 2509 animo:
1730 2473 1818 2509 cum
1848 2478 1977 2510 tamen
2007 2484 2054 2509 ex
2081 2469 2174 2519 pris-

235 2522 290 2560 cis
333 2523 629 2572 recentibusque
671 2523 855 2573 exemplis
891 2524 1145 2562 incommoda
1179 2524 1346 2573 plurima
1380 2524 1563 2562 Ecclesiis
1605 2525 1721 2562 allata
1748 2525 1901 2563 videam
1930 2524 2175 2573 imprudente

231 2576 441 2613 multorum
478 2576 828 2623 administratione,
855 2577 921 2625 qui
949 2589 1022 2614 nec
1051 2576 1279 2626 dignitatem
1308 2576 1498 2615 sermonis
1528 2577 1666 2622 diuini,
1696 2577 1770 2615 nec
1799 2577 2001 2615 veritatem
2031 2575 2174 2614 vocati-

230 2628 316 2666 onis
357 2640 466 2677 suae,
509 2642 581 2667 nec
624 2642 760 2678 pacem
802 2630 1001 2667 Ecclesiae
1044 2631 1134 2667 satis
1172 2630 1382 2679 prudenter
1420 2631 1711 2679 expenderunt,
1748 2630 1889 2668 dabitis
1919 2630 2071 2668 veniam
2100 2640 2172 2678 pro

231 2688 357 2718 vestra
391 2681 430 2718 in
464 2683 591 2720 Deum
628 2682 922 2731 Ecclesiamque
960 2682 1119 2732 pietate,
1158 2682 1187 2720 si
1231 2689 1438 2732 postquam
1467 2683 1515 2720 de
1544 2683 1728 2721 omnibus
1755 2683 1955 2721 Ecclesiae
1987 2681 2173 2720 membris

229 2732 268 2772 in
306 2746 515 2772 commune
553 2735 652 2785 dixi,
693 2734 840 2783 aliquid
870 2734 984 2773 etiam
1014 2735 1215 2784 speciatim
1243 2735 1292 2773 de
1323 2736 1367 2773 iis
1396 2735 1552 2784 dixero,
1581 2736 1648 2785 qui
1677 2735 1881 2773 communi
1913 2734 2071 2784 corpori
2100 2735 2173 2771 Ec-

2037 2785 2175 2825 clesiae
