2334 3020
784 118 997 147 THESES
1033 116 1466 144 THEOLOGICAE.
2006 120 2073 155 131

153 229 480 280 compositionem
516 226 668 264 alterius
701 224 834 263 venire
863 231 1003 274 potest.
1033 225 1102 261 Est
1130 222 1233 261 enim
1263 229 1371 261 actus
1400 234 1535 273 purus,
1565 226 1599 262 ἅ*
1628 225 1747 261 forma
1780 235 1846 272 per
1875 235 1915 260 se
1945 223 2084 261 subsis-

154 292 261 330 tens,
303 284 338 320 &
372 281 536 330 seipsam
564 277 827 316 indiuiduans:
866 278 979 315 [ean.
1011 289 1046 323 4.
1078 290 1136 323 24.
1176 288 1276 324 quae
1307 283 1347 314 vt
1374 277 1539 314 maxime
1568 289 1634 314 ens
1664 285 1739 325 est,
1770 275 1821 313 ita
1849 276 1884 312 δε
1914 277 2083 314 maxime

157 337 302 374 Vnum,
344 335 480 382 Neque
521 331 623 370 enirn
658 331 761 369 cadit
798 331 836 368 in
874 332 1001 368 Deum
1037 328 1294 378 compositio,
1329 336 1393 366 aut
1422 329 1666 367 substantiae
1695 331 1728 367 &
1758 328 1992 377 accidentis,
2021 337 2085 366 aut

153 388 334 426 materiae
361 389 396 425 &
424 387 593 434 formae,
619 392 684 422 aut
714 390 843 434 actus,
873 385 907 421 δι
935 382 1152 432 potentiae:
1181 381 1260 419 imo
1290 394 1340 419 ne
1367 381 1524 430 quidem
1552 382 1741 420 essentiae
1770 384 1804 420 δε
1833 381 2080 429 existentiae,

153 448 219 479 aut
247 447 406 478 naturae
434 440 470 477 δι
498 436 700 487 suppositi.
729 437 857 475 Omne
887 435 990 474 enim
1018 434 1304 485 compositum,
1332 435 1603 484 qualecunque
1629 435 1786 472 tandem
1811 433 1879 483 sit,
1897 434 2087 483 posterius

156 502 214 532 est
253 493 329 532 suis
367 490 715 541 componentibus,
742 491 778 528 &
804 490 854 527 ab
888 488 971 527 aliis
1000 488 1245 537 dependens:
1275 488 1310 525 δε
1340 499 1497 525 causam
1528 489 1670 526 habeat
1697 499 1855 525 necesse
1885 494 1963 535 est,
1993 489 2085 525 cum

155 546 306 584 diuersa
331 557 413 583 non
440 550 580 582 coeant
606 543 645 581 in
674 555 813 589 vnum,
844 541 915 580 nisi
944 554 1011 591 per
1039 552 1195 578 causam
1225 539 1488 578 adiuuantem.
1530 541 1643 590 Quae
1672 541 1761 578 cum
1786 539 1824 577 in
1848 540 1936 577 Deo
1954 541 2083 577 locum

153 611 234 637 non
261 599 451 647 habeant,
479 603 635 646 oportet
662 598 765 634 certe
794 595 925 633 omnia
950 594 989 632 in
1017 594 1101 644 ipso
1131 606 1249 631 vnum
1278 605 1382 643 esse,
1411 606 1482 642 per
1506 595 1667 632 modum
1683 591 1918 630 ineffabilem
1934 593 2086 631 diuinae

155 649 420 701 simplicitatis.
448 651 498 688 Et
526 651 614 688 cum
643 650 751 687 Deus
780 660 895 687 causa
922 647 1095 686 omnium
1120 646 1289 685 efficiens
1318 645 1385 696 sit,
1415 646 1583 696 primum
1609 658 1745 696 agens,
1769 646 1803 683 &
1819 656 1937 694 purus
1956 652 2086 695 actus,

154 717 234 742 non
272 710 399 754 potest
425 714 582 752 quoque
610 702 649 740 in
676 701 831 740 alterius
862 699 1189 751 compositionem
1218 698 1371 750 venire,
1399 706 1439 737 vt
1465 707 1530 737 aut
1559 698 1718 737 materia
1745 698 1813 743 sit,
1844 704 1908 735 aut
1937 699 2062 736 forma
2080 728 2090 748 ,

156 758 192 795 &
218 757 316 795 haec
345 757 394 794 de
422 758 534 794 Vno:
565 754 738 805 sequitur
766 757 930 795 Bonum.

207 813 244 849 8.
297 812 449 850 Bonum
485 808 558 847 soli
585 809 672 847 Deo
708 807 907 846 essentiale
933 812 1010 844 est:
1040 803 1223 843 creaturis
1258 810 1388 842 autem
1417 803 1743 854 accidentarium,
1772 805 1807 841 ἃ
1836 816 1904 853 per
1933 803 2087 853 partici-

157 862 368 913 pationem.
395 862 542 900 Matth.
575 875 633 911 19.
667 872 725 910 17.
766 861 893 898 Nemo
922 860 1049 897 bonus
1076 857 1148 896 nisi
1179 868 1275 895 vnus
1305 858 1423 894 Deus.
1468 856 1668 906 Quicquid
1696 859 1788 895 vero
1816 855 2001 895 bonitatis
2030 864 2090 895 est

158 916 196 953 in
225 916 341 954 rebus
368 914 526 965 creatis,
553 915 592 952 id
621 920 678 952 est
705 915 755 952 ab
784 913 888 963 ipso,
916 912 963 949 de
992 910 1100 949 cuius
1129 908 1371 960 plenitudine
1399 910 1595 948 haurimus
1624 908 1766 947 omnia.
1811 911 1944 947 Bonus
1959 917 2090 947 autem

159 970 266 1006 Deus
292 976 350 1007 est
376 969 411 1005 &
440 967 672 1015 efficienter,
700 968 736 1005 &
765 964 1036 1010 essentialiter,
1066 964 1101 1000 δε
1131 962 1303 1000 finaliter.
1347 961 1570 1000 Efficienter
1598 962 1779 1011 quidem,
1811 963 1899 1000 cum
1928 963 1976 999 ab
2003 962 2088 1012 ipso

159 1021 292 1059 omnia
321 1022 511 1059 defluant:
554 1019 834 1069 Essentialiter,
863 1019 952 1056 cum
979 1019 1002 1054 a
1031 1016 1157 1065 seipso
1186 1015 1356 1064 perfecte
1388 1016 1511 1052 bonus
1540 1015 1606 1053 sit:
1636 1013 1797 1052 finaliter
1820 1022 1970 1060 autem,
2000 1017 2088 1052 cum

160 1075 208 1112 ad
255 1086 344 1112 eum
385 1074 516 1112 omnia
555 1075 786 1121 referantur,
827 1073 850 1109 a
878 1082 957 1119 quo
987 1071 1023 1107 &
1051 1075 1212 1119 propter
1238 1078 1354 1116 quem
1383 1074 1471 1104 sunt
1498 1067 1642 1105 omnia.
1684 1068 1812 1115 Atque
1839 1068 1912 1105 hac
1941 1067 2089 1106 ratione

162 1129 269 1166 Deus
308 1126 394 1165 finis
435 1125 590 1164 vltimus
633 1132 710 1175 est,
746 1125 796 1162 ad
834 1135 951 1173 quem
980 1121 1114 1160 omnia
1142 1120 1403 1158 contendunt:
1433 1120 1468 1157 &
1497 1131 1692 1158 summum
1723 1120 1872 1157 bonum
1902 1127 1982 1157 tum
2010 1120 2090 1169 ipse

161 1179 256 1230 sibi,
285 1187 366 1218 tum
396 1187 503 1217 extra
531 1191 572 1217 se
601 1177 799 1215 vniuersis.
842 1176 918 1214 Sed
947 1176 997 1213 de
1023 1173 1082 1212 his
1110 1172 1215 1211 alibi.
1254 1172 1477 1210 Bonitatem
1505 1173 1580 1210 Dei
1607 1170 1849 1210 essentialem
1873 1172 2092 1222 videamus,

161 1232 262 1271 illius
305 1232 501 1281 Vtriusque
543 1231 860 1268 fundamentum:
903 1239 1002 1277 quae
1043 1225 1202 1277 propria
1239 1232 1296 1263 est
1323 1225 1436 1262 huius
1463 1225 1554 1264 loci.
1594 1226 1664 1263 Est
1693 1231 1823 1261 autem
1852 1238 1915 1272 ea,
1943 1236 2094 1263 summa

160 1285 314 1324 diuinae
343 1284 529 1323 essentiae
547 1283 759 1335 perfectio,
788 1293 887 1331 quae
914 1287 972 1318 est
999 1279 1038 1317 in
1068 1291 1152 1317 sese
1179 1277 1483 1328 perfectissima,
1513 1278 1703 1328 αὐτάρκης
1724 1278 1758 1315 δι
1776 1277 1966 1325 ἀνενδὲης.
1995 1278 2094 1316 Cum

161 1345 290 1377 autem
329 1339 437 1376 Deus
474 1336 521 1375 sit
556 1349 638 1374 esse
666 1335 813 1385 ipsum,
847 1346 928 1372 non
956 1338 1086 1382 potest
1112 1330 1322 1381 quicquam
1350 1343 1398 1369 eo
1428 1343 1511 1369 esse
1541 1329 1771 1379 perfectius,
1799 1335 1840 1367 vt
1866 1341 1940 1367 nec
1966 1331 2095 1369 calore

162 1391 247 1442 ipso
275 1390 484 1440 quicquam
514 1388 675 1427 calidius
703 1389 738 1425 δε
763 1389 852 1425 cum
880 1397 1009 1424 rerum
1037 1384 1213 1423 omnium
1242 1395 1378 1422 caussa
1405 1383 1578 1422 efficiens
1606 1382 1673 1432 sit,
1701 1394 1860 1420 necesse
1888 1388 1944 1420 est
1960 1394 2093 1421 earum

161 1442 418 1494 perfectiones
445 1440 703 1492 praeexistere
730 1440 768 1478 in
798 1439 906 1490 ipso,
936 1437 1152 1477 secundum
1181 1437 1344 1475 modum
1374 1434 1737 1486 supereminentiae.

215 1510 251 1545 9.
306 1497 435 1544 Atque
476 1494 588 1532 huius
627 1492 787 1543 quidem
828 1490 1077 1542 perfectionis
1119 1489 1284 1528 Diuinae
1321 1501 1502 1528 mensura
1535 1489 1722 1538 [nfinitus
1750 1493 1826 1526 est:
1856 1487 1946 1525 curn
1975 1487 2091 1525 nullis

159 1549 300 1587 finibus
341 1546 596 1586 determinata
624 1547 693 1595 sit,
721 1559 767 1584 ac
795 1543 1107 1594 circumscripta:
1138 1544 1207 1581 sed
1234 1549 1418 1592 exuperet
1446 1541 1579 1580 omnia
1606 1541 1645 1578 in
1674 1540 1879 1578 infinitum.
1920 1539 2094 1578 Infinitas

159 1609 288 1640 autem
329 1601 404 1639 alia
444 1607 500 1639 est
541 1599 660 1650 ipsius
695 1598 884 1638 essentiae
913 1597 952 1635 in
980 1610 1084 1645 sese,
1114 1595 1188 1634 alia
1216 1601 1395 1646 respectu
1424 1593 1669 1634 extentionis.
1712 1593 1913 1631 Essentiae
1942 1592 1981 1630 in
2011 1605 2095 1631 sese

161 1661 238 1705 est,
267 1661 348 1692 tum
376 1652 722 1703 supereminentiae
751 1651 921 1701 ratione,
949 1657 1031 1689 tum
1045 1648 1209 1688 virtutis.
1239 1647 1614 1698 Supereminentiae:
1637 1657 1713 1696 qua
1731 1647 1849 1684 οὐσία
1872 1646 2099 1696 ὗπερούσιος

163 1707 322 1758 dicitur,
360 1718 461 1756 quae
495 1705 703 1756 Categoria
731 1717 870 1743 omnes
899 1705 934 1743 δε
962 1714 1092 1742 rerum
1120 1702 1281 1740 aliarum
1311 1701 1540 1751 dignitatern
1568 1698 1715 1738 infinite
1743 1698 2009 1737 transcendat:
2039 1710 2101 1735 ex-

163 1773 251 1810 pers
280 1760 407 1798 omnis
436 1758 637 1809 materiae,
667 1759 702 1796 &
730 1757 927 1808 potentiae
954 1755 1154 1806 passiuae,
1182 1766 1283 1803 quae
1312 1754 1460 1792 entium
1488 1751 1771 1803 ignobilissima
1798 1758 1897 1788 sunt.
1933 1749 2102 1788 Ratione

165 1820 294 1852 autem
336 1812 507 1862 virtutis,
549 1811 626 1861 qua
660 1813 768 1849 Deus
801 1809 1000 1860 intelligit,
1037 1812 1073 1848 δι
1100 1814 1230 1858 potest
1264 1807 1434 1857 infinita,
1462 1807 1497 1844 δε
1527 1806 1652 1856 reipsa
1679 1803 1808 1843 efficit.
1850 1804 1980 1852 Atque
2005 1803 2102 1841 haec

165 1865 326 1916 quidem
366 1865 533 1903 infinitas
567 1863 686 1914 ipsius
725 1862 924 1902 Essentiae
952 1869 1022 1901 est.
1063 1860 1312 1900 Extensionis
1346 1868 1497 1907 autem,
1525 1859 1599 1897 alia
1625 1865 1682 1897 est
1706 1856 1920 1896 secundum
1946 1857 2101 1905 locum,

167 1931 268 1969 quae
296 1917 533 1957 immensitas
559 1917 720 1956 dicitur:
750 1916 825 1954 alia
853 1915 1070 1954 secundum
1099 1916 1293 1964 Tempus:
1323 1925 1422 1963 quae
1449 1912 1682 1951 AEternitas:
1702 1920 1864 1960 quarum
1879 1910 1977 1946 haec
1992 1908 2103 1946 dura-

166 1971 305 2022 tionis,
333 1971 400 2010 illa
427 1970 680 2009 dimensionis
709 1977 767 2008 est
794 1968 1005 2008 reductiue.

225 2038 286 2063 10.
339 2026 583 2062 Immensz'tas
617 2023 656 2061 in
691 2025 779 2062 Deo
814 2029 872 2061 est
899 2029 1008 2060 actus
1036 2019 1229 2069 infinitus,
1258 2031 1338 2069 quo
1366 2020 1402 2056 &
1430 2019 1546 2066 nus(f.
1580 2018 1832 2066 1616.)quam
1860 2020 1917 2052 est
1944 2013 2104 2052 circum-

171 2077 374 2128 scriptiue:
405 2077 590 2127 repletiue
618 2083 748 2114 autern
776 2075 812 2113 in
843 2075 1048 2122 omnibus,
1077 2075 1112 2112 ὅτ
1138 2072 1283 2122 vbique
1308 2079 1412 2110 totus
1439 2084 1509 2122 per
1532 2070 1758 2119 essentiam,
1782 2067 1871 2106 &in
1885 2068 2000 2105 rebus
2014 2065 2105 2116 ipsis

172 2144 241 2181 per
268 2131 526 2181 praesentiam
555 2131 590 2167 &
617 2130 810 2167 virtutem.
839 2130 907 2166 Ps.
941 2141 1026 2178 139.
1054 2129 1158 2164 lesa.
1191 2127 1252 2163 66.
1282 2137 1307 2164 1.
1335 2126 1416 2162 [εν.
1449 2137 1509 2173 23.
1542 2137 1601 2172 23.
1646 2123 1715 2161 Est
1743 2121 1847 2159 enim
1874 2121 1981 2158 Deus
2005 2120 2041 2157 &
2063 2118 2104 2157 in

173 2184 375 2233 omnibus,
404 2184 440 2221 &
468 2190 575 2221 extra
604 2182 755 2221 omnia:
786 2181 992 2220 continens
1021 2179 1215 2228 vniuersa,
1244 2180 1280 2216 &
1308 2185 1515 2216 contentus
1543 2187 1751 2225 nusquam:
1772 2173 2104 2223 quemadmodum

174 2238 223 2276 de
254 2235 418 2287 sphaera
445 2237 587 2274 extima
613 2235 774 2286 dicitur,
803 2234 910 2273 cuius
937 2233 1102 2283 spatium
1131 2231 1276 2281 vbique
1300 2238 1375 2280 est,
1391 2228 1701 2269 circumferentia
1715 2226 1862 2266 nullibi.
1891 2227 2102 2264 AEternitas

176 2297 305 2328 autem
345 2296 454 2327 actus
495 2296 553 2327 est
586 2288 777 2339 infinitus,
806 2294 922 2337 atque
949 2285 1211 2337 impartibilis,
1240 2296 1320 2333 quo
1348 2285 1457 2322 Deus
1484 2290 1542 2321 est
1570 2282 1679 2332 quod
1707 2289 1781 2330 est,
1811 2277 2102 2317 immutabiliter

177 2343 216 2381 in
246 2343 458 2381 aeternum.
500 2341 593 2380 Tria
625 2349 754 2380 autem
791 2339 1008 2379 aeternitati
1035 2337 1254 2377 essentialia
1280 2343 1379 2375 sunt.
1426 2350 1457 2374 1.
1483 2343 1524 2374 vt
1552 2341 1682 2373 careat
1708 2331 1922 2384 principio,
1951 2333 1987 2370 &
2013 2331 2102 2369 fine.

182 2410 216 2434 2.
245 2397 280 2433 &
307 2402 390 2433 tota
423 2395 608 2434 continua
638 2394 703 2445 sit,
740 2396 775 2433 &
804 2399 1106 2444 praesentanea,
1140 2393 1152 2407 '
1193 2405 1223 2428 Ι.
1258 2392 1355 2428 Tim.
1385 2391 1422 2428 6.
1454 2390 1511 2427 16.
1555 2400 1612 2437 17.
1641 2387 1722 2426 sine
1750 2384 1993 2424 successione
2019 2395 2104 2434 par-

178 2449 273 2487 tium
301 2447 496 2498 praeteriti
523 2455 589 2486 aut
616 2447 751 2494 futuri,
780 2448 816 2485 &
842 2446 999 2497 prioris,
1027 2448 1147 2497 Apoc.
1181 2457 1213 2482 1.
1242 2456 1276 2490 4.
1307 2450 1372 2482 aut
1400 2441 1637 2492 posterioris.
1666 2453 1701 2489 3.
1730 2448 1770 2478 vt
1795 2439 1872 2476 hoc
1895 2437 2002 2486 quod
2025 2442 2104 2486 est,

179 2501 226 2539 sit
238 2501 567 2540 *immutabiliten
610 2503 741 2550 Atque
774 2502 852 2538 hcc
881 2499 1055 2537 vltimum
1084 2497 1183 2535 illius
1212 2495 1409 2546 Vtriusque
1437 2496 1731 2534 fundamentum
1761 2498 1837 2530 est:
1865 2491 1974 2539 quod
2002 2488 2106 2527 enim

181 2562 352 2592 mutatur
378 2553 628 2604 praeteritum
656 2554 795 2603 habet,
822 2554 858 2591 &
887 2553 1078 2601 futurum,
1106 2551 1141 2588 &
1169 2549 1357 2599 quiddam
1385 2548 1510 2599 prius,
1539 2547 1724 2598 quiddam
1750 2543 1951 2595 posterius.
1979 2543 2108 2591 Atque

180 2614 220 2645 vt
260 2614 388 2645 motus
423 2607 474 2645 ad
510 2606 790 2657 mutationem,
828 2605 990 2644 mutatio
1028 2610 1158 2642 autem
1192 2603 1243 2641 ad
1272 2601 1587 2653 generationem,
1616 2602 1651 2639 δε
1678 2598 1875 2637 interitum
1903 2595 2028 2634 ducit:
2056 2594 2110 2632 ita

184 2661 220 2698 δε
247 2667 384 2698 contra
411 2659 662 2698 immobilitas
688 2659 738 2697 ad
765 2659 1041 2697 aeternitatem.

238 2726 296 2750 11.
355 2714 436 2750 Iac.
470 2725 501 2750 1.
536 2725 595 2761 17.
636 2714 706 2751 Est
729 2719 859 2750 autem
886 2713 994 2749 Deus
1022 2709 1190 2748 maxime
1213 2708 1459 2746 immutabilis
1487 2709 1522 2746 &
1551 2707 1589 2745 in
1616 2705 1761 2755 seipso,
1790 2705 1826 2742 &
1852 2701 1891 2739 in
1927 2699 2110 2751 operibus

182 2765 270 2805 suis.
314 2768 361 2805 In
395 2765 524 2816 seipso
558 2764 734 2816 quidem:
769 2766 861 2803 eum
888 2762 1102 2803 immobilis
1130 2762 1195 2813 sit,
1224 2762 1260 2799 δε
1287 2761 1437 2800 ratione
1464 2761 1499 2798 &
1528 2759 1715 2799 essentiae
1742 2753 2047 2846 simpl}cissimae
2075 2755 2111 2791 &

1789 2821 1856 2860 per
1875 2815 2110 2846 ect1SS1mae:
