2334 3020
756 109 970 137 ‘suasus
1014 106 1442 135 THEOLOGICAE.
1998 94 2068 130 281

137 228 313 271 terquam
354 220 393 259 in
433 217 616 268 coniugio
658 216 780 255 Patris
819 217 854 254 δι
896 215 1015 265 filiae,
1057 214 1121 264 filij
1161 215 1196 252 &
1230 213 1372 252 matris.
1417 214 1536 250 Hanc
1577 210 1862 261 blasphemiam
1902 217 1943 249 vt
1975 217 2079 261 tegat

137 273 392 314 Bellarminus
420 272 516 311 dicit
542 273 666 321 leges,
696 281 792 319 quas
820 269 875 308 de'
895 267 1140 319 cognationis
1156 270 1192 306 δε
1207 265 1402 306 affinitatis
1417 265 1604 316 gradibus
1619 263 1827 314 prohibitis
1843 263 1928 302 tulit
1943 265 2051 302 Deus
2069 293 2079 315 ,

137 340 219 366 non
255 328 470 375 naturales,
511 324 580 363 sed
619 323 805 374 positiuas
840 322 980 362 fuisse:
1023 322 1110 360 Lib.
1148 322 1193 358 de
1226 321 1445 359 matt-imon.
1484 325 1568 370 cap.
1601 331 1660 365 24.
1701 318 1914 355 Lombard.
1943 319 2007 355 lib.
2039 330 2077 364 4.

137 382 224 419 dist.
249 393 313 430 34.
344 381 481 418 Concil.
511 378 620 416 Trid.
648 389 739 415 sess.
764 378 801 414 8.
830 389 860 415 c.
884 389 921 424 3.
949 374 1079 425 quod,
1108 376 1226 424 quam
1253 385 1398 412 vanum
1426 372 1474 412 sit
1502 371 1689 422 effugium
1721 376 1929 409 contextus
1957 370 2076 420 ipsius

136 432 448 472 circumstantiae
488 431 635 469 docent
675 441 794 479 quam
835 427 1138 467 euidentissime.
1182 428 1341 465 Lem'tic.
1384 428 1442 464 18.
1482 438 1517 464 2.
1548 438 1584 474 3.
1652 424 1753 462 Cum
1799 423 1929 473 itaque
1972 425 2078 473 leges

136 487 212 525 sint
247 487 414 525 morales
449 487 484 524 δε
521 484 742 533 naturales,
785 483 890 521 solus
919 483 1026 520 Deus
1054 480 1093 519 in
1121 480 1166 519 iis
1194 480 1420 530 dispensare
1448 484 1602 529 potest,
1647 477 1738 527 quia
1776 478 1882 515 solus
1917 483 2078 515 naturae

137 545 288 578 auctor.

192 606 251 631 22.
307 591 411 630 Finis
440 588 681 639 Matrimonij
711 596 769 628 est
795 587 1012 638 multiplex.
1039 600 1132 638 nos,
1159 585 1362 626 breuitatis
1386 597 1525 636 causa,
1554 583 1755 634 duplicem
1770 582 2081 633 consideremus,

136 646 398 684 Communem
426 643 575 683 scilicet
603 650 641 682 et
669 643 705 680 &
733 642 996 693 singularem:
1024 640 1128 680 Finis
1157 641 1364 678 cmnmum's
1393 642 1467 689 (est
1496 637 1705 677 creationis
1729 643 1886 675 nostrae
1911 636 2013 686 finis)
2039 642 2081 674 vt

134 699 174 736 in
202 711 295 736 vera
323 699 400 736 fide
428 704 466 736 et
488 696 591 735 vitae
620 696 823 734 sanctitate
852 695 965 733 simul
992 706 1130 733 verum
1157 695 1310 744 Deum,
1338 695 1362 731 a
1391 705 1470 742 quo
1500 690 1629 730 omnis
1653 689 1878 729 benedictio
1906 689 2078 740 petenda

135 754 169 790 &
207 751 450 801 expectanda
485 757 562 801 est,
605 750 752 788 sincere
781 749 937 799 colant3
981 750 1016 786 δε
1044 747 1218 786 foemina
1247 747 1294 784 sit
1321 746 1406 784 viro
1434 745 1475 784 in
1504 744 1711 783 vocatione
1740 742 1903 794 spiritali
1930 743 1966 780 &
1994 755 2079 781 cor-

134 804 259 854 porali
285 804 575 853 adiumentum,
603 802 742 842 merito
770 801 902 852 itaque
932 803 1138 852 culpantur
1167 799 1351 850 coniugia
1380 799 1480 837 inter
1501 798 1690 848 religione
1714 796 1909 847 dispares,
1938 795 2005 846 qui
2030 808 2080 834 ne

134 871 270 908 preces
300 857 460 907 quidem
488 868 718 895 communes
745 856 890 894 habere
918 860 1093 905 possunt.
1135 852 1239 891 Finis
1264 853 1481 902 singularis
1502 858 1561 890 est
1582 852 1740 900 duplex.
1782 851 1811 888 Ι.
1835 856 1877 888 vt
1894 850 1942 888 sit
1956 862 2082 888 reme—

134 910 242 949 dium
279 911 465 950 adversus
507 917 712 960 peccatum
756 908 919 947 ustionis
961 910 996 947 &
1038 905 1308 946 scortationis:
1351 907 1459 944 Deus
1489 904 1619 955 enim,
1662 905 1751 942 fons
1787 902 2004 942 honestatis
2040 904 2075 940 δι

134 963 330 1014 puritatis,
373 965 531 1003 thorum
568 963 818 1013 impollutum
858 961 1012 1011 laudat,
1055 962 1091 999 &
1119 959 1293 998 debitam
1322 965 1577 1007 mutuamque
1612 956 1931 996 beneuolentiam
1961 968 2076 994 com-

134 1017 304 1056 mendat.
347 1019 397 1056 ΙΙ.
425 1024 466 1056 vt
496 1030 543 1055 ex
569 1023 702 1054 sancta
725 1017 800 1054 hac
824 1017 860 1053 δι
886 1016 1052 1053 honesta
1076 1012 1199 1051 mutui
1221 1011 1317 1050 boni
1338 1010 1698 1050 communicatione
1724 1009 1896 1048 iucunda
1918 1014 2078 1059 captent

134 1071 317 1120 praemia.
349 1071 373 1110 i.
402 1082 653 1108 numerosam
677 1070 851 1119 prolem,
880 1080 997 1118 quam
1025 1068 1084 1117 (vt
1104 1065 1277 1116 loquitur
1301 1066 1519 1115 Apostolus
1548 1065 1654 1115 Eph.
1681 1065 1717 1101 6.
1736 1076 1771 1110 4.
1806 1065 1929 1101 Oolos.
1946 1065 1982 1101 3.
2001 1076 2043 1100 21
2065 1063 2078 1109 )

133 1124 171 1161 in
208 1123 388 1162 doctrina
424 1125 460 1161 δε
497 1122 700 1173 disciplina
734 1121 896 1160 Domini
932 1120 1159 1170 instituant,
1201 1119 1252 1157 ad
1288 1118 1431 1157 summi
1470 1117 1545 1156 Dei
1582 1116 1774 1168 gloriam,
1813 1118 1848 1155 &
1878 1115 2081 1154 Ecclesiae

140 1177 338 1215 militantis
366 1177 692 1216 aedificationem.

189 1243 249 1279 23.
306 1232 510 1269 Hactenus
551 1231 602 1268 de
642 1228 816 1279 legitima
856 1226 1136 1266 constitutione
1178 1224 1415 1274 matrimonij
1459 1224 1622 1275 egimus.
1678 1224 1816 1261 Restat
1843 1229 1885 1260 vt
1914 1222 1964 1260 de
2001 1221 2082 1260 eius

134 1283 393 1322 dissolutione
422 1283 554 1334 paucis
582 1295 755 1333 agamus.
798 1281 970 1320 Soluitur
997 1280 1102 1318 enim
1131 1278 1426 1317 matrimonium
1455 1279 1546 1315 cum
1574 1275 1768 1314 initiatum
1792 1282 1877 1314 tum
1899 1286 2080 1313 consum-

134 1343 306 1375 matum:
348 1336 548 1375 Initiatum
576 1336 756 1385 quidem,
798 1335 828 1373 si
865 1341 955 1384 post
991 1333 1208 1383 legitimum
1244 1331 1446 1381 Vtriusque
1486 1341 1723 1369 consensum
1751 1328 1889 1367 vitium
1919 1327 2082 1377 aliquod

134 1390 312 1440 accidat,
354 1390 435 1428 siue
464 1396 616 1440 praeter
642 1389 905 1439 voluntatem,
935 1394 976 1426 vt
1003 1394 1092 1425 sunt
1121 1385 1297 1436 corporis
1326 1387 1362 1423 &
1391 1383 1511 1422 animi
1539 1382 1775 1421 incurabiles
1805 1381 1961 1433 morbi,
2000 1381 2082 1419 siue

134 1455 225 1481 cum
252 1444 478 1494 voluntate,
508 1450 549 1481 vt
576 1448 665 1480 sunt
693 1442 852 1480 infamia
879 1441 933 1479 ob
962 1439 1177 1491 flagitium,
1207 1450 1438 1489 congressus
1468 1449 1559 1476 cum
1590 1449 1736 1486 sponsa
1765 1434 2081 1486 consanguinea,

135 1496 313 1555 absentia
340 1496 551 1545 malitiosa,
580 1494 790 1545 Apostasia
817 1497 852 1533 δι
881 1493 1037 1545 similia,
1066 1505 1167 1543 quae
1197 1499 1237 1531 vt
1264 1491 1468 1530 manifesta
1488 1490 1774 1540 impedimenta
1794 1489 1949 1528 videtur
1971 1489 2078 1526 Deus

134 1549 342 1588 1mmittere
372 1563 422 1588 ne
453 1548 680 1599 coniugium
708 1548 901 1586 initiatum
930 1553 1239 1585 consummetur.

188 1616 249 1650 24.
304 1603 630 1642 Consummatum
658 1604 751 1640 vero
780 1600 1073 1640 matrimonium
1095 1606 1153 1638 est
1172 1597 1451 1638 indissolubilis
1473 1597 1670 1648 quaedam
1695 1597 1861 1646 copula:
1888 1595 2082 1644 ideoque3

133 1668 214 1693 non
248 1656 393 1706 pendet
428 1656 529 1695 illius
566 1655 709 1694 solutio
747 1657 770 1692 a
803 1654 950 1693 iudicio
979 1655 1173 1703 humano,
1202 1652 1272 1691 sed
1300 1655 1323 1691 a
1351 1653 1435 1690 sola
1465 1650 1540 1689 Dei
1567 1650 1820 1700 auctoritate,
1851 1649 1942 1698 quia
1972 1649 2078 1687 solus

133 1719 224 1747 cum
245 1710 292 1748 sit
322 1711 551 1761 λυσίγαμος,
580 1720 715 1747 causas
734 1721 783 1746 ex
804 1707 998 1758 aequitate
1013 1706 1175 1746 definire
1190 1712 1341 1757 potest3
1358 1716 1459 1755 quae
1483 1705 1562 1742 hoc
1586 1703 1856 1742 indissolubile
1880 1702 2079 1740 vinculum

132 1763 298 1801 soluent.
339 1763 487 1801 Causas
514 1769 645 1802 autem
670 1761 862 1812 legitimas
885 1761 1040 1810 diuortij
1063 1761 1161 1799 duas
1183 1760 1224 1798 in
1249 1759 1376 1798 Sacris
1399 1758 1589 1808 expressit
1608 1759 1737 1808 Deus3
1767 1769 1885 1794 vnam
1908 1754 2078 1793 faciendi

133 1815 311 1866 diuortij,
338 1828 481 1865 nempe
509 1815 780 1866 Adulterium,
809 1816 973 1853 alteram
1000 1813 1195 1865 patiendi,
1225 1825 1368 1863 nempe
1396 1810 1632 1850 malitiosam
1662 1809 1945 1859 desertionem,
1972 1808 2079 1846 illam

137 1869 305 1918 explicat
332 1868 527 1919 Christus,
555 1870 703 1907 Mczttlz.
721 1879 755 1918 5.
773 1874 823 1910 ἐφ’
843 1882 902 1918 19.
945 1870 1062 1906 Hanc
1089 1867 1216 1905 innuit
1241 1867 1478 1916 Apostolus,
1514 1878 1545 1902 1.
1566 1867 1653 1903 Cor.
1673 1875 1706 1913 7.
1730 1865 1772 1913 (f.
1793 1863 1924 1913 1745).

189 1933 250 1972 25.
305 1922 476 1961 Soluitur
503 1929 635 1961 autem
664 1922 835 1961 diuortio
864 1920 1178 1970 matrimonium,
1207 1932 1288 1958 non
1318 1925 1469 1957 tanturn
1496 1917 1743 1967 separatione
1771 1916 1894 1967 thori,
1911 1917 1967 1965 (vt
1982 1927 2085 1953 som-

132 1974 241 2013 niant
277 1975 469 2024 Pontificij
510 1975 651 2015 Camil.
695 1977 806 2014 Trid.
834 1988 926 2014 sess.
956 1977 992 2014 8.
1028 1973 1122 2013 Gan.
1154 1984 1189 2023 5.
1218 1975 1255 2012 6.
1285 1974 1334 2011 ξεν
1364 1975 1416 2021 8.)
1446 1972 1516 2010 sed
1544 1972 1660 2009 etiam
1689 1969 1854 2009 vinculi:
1884 1982 1976 2007 narn
2005 1969 2084 2006 hoc

134 2030 319 2076 formale,
345 2029 442 2067 illud
469 2028 668 2068 materiale
696 2036 754 2067 est
781 2028 1034 2077 matrimonij.
1063 2027 1173 2066 Prius
1201 2033 1333 2065 tamen
1361 2025 1549 2064 tentanda
1577 2031 1634 2063 est
1663 2022 1953 2062 reconciliatio:
1983 2033 2084 2071 quae

133 2082 171 2120 in
200 2081 390 2121 adulterio
418 2082 578 2132 quidem
604 2089 663 2121 est
689 2082 830 2133 libera3
859 2089 987 2132 potest
1017 2081 1121 2120 enim
1148 2080 1337 2119 innocens
1361 2085 1572 2117 nocentem
1597 2077 1864 2128 poenitentem
1883 2075 2082 2125 recipere,

134 2136 195 2174 vel
234 2148 315 2174 non
357 2136 542 2186 recipere.
583 2138 629 2175 In
665 2136 886 2174 desertione
915 2138 1011 2174 vero
1039 2133 1295 2173 neccessaria.
1324 2132 1356 2171 si
1384 2132 1488 2171 enim
1516 2145 1605 2181 pars
1635 2131 1819 2170 deserens
1849 2130 1975 2178 Vltro,
2005 2127 2087 2166 siue

134 2188 284 2227 monita
311 2189 363 2227 ad
392 2195 562 2228 mentem
590 2189 742 2239 redeat,
771 2189 926 2227 defecta
953 2201 1042 2238 pars
1060 2188 1307 2226 deserentem
1323 2186 1497 2235 recipere
1519 2192 1690 2234 tenetur,
1716 2183 1774 2222 sin
1795 2189 1926 2222 autem
1942 2182 1980 2219 in
1997 2194 2088 2220 con-

135 2241 302 2280 tumacia
329 2250 568 2294 perseueret,
601 2243 754 2281 deserta
781 2242 856 2281 sibi
882 2245 906 2280 a
934 2243 1023 2280 Deo
1053 2241 1303 2291 patientiam,
1334 2239 1529 2278 deserenti
1554 2237 1784 2288 sapientiam
1807 2235 2031 2286 exoptabit,
2057 2234 2087 2272 si

135 2297 236 2333 forte
264 2297 370 2334 Deus
398 2296 557 2334 daturus
585 2303 664 2342 est,
693 2303 734 2334 vt
760 2296 844 2346 ipsa
873 2307 983 2334 suam
1011 2294 1275 2333 infirmitatem
1297 2299 1497 2343 expugnet
1511 2291 1837 2341 iniquitatemque
1852 2289 1953 2327 illius
1969 2288 2087 2337 (Ciui-

135 2347 220 2386 liter
247 2352 340 2388 vero
369 2351 392 2386 a
422 2349 669 2399 Magistratu,
698 2357 909 2399 postquam
938 2348 1070 2386 onmia
1098 2349 1165 2386 diu
1193 2353 1341 2385 tentata
1368 2345 1702 2395 fuerint,tempus
1718 2351 1867 2382 certum
1883 2341 2087 2391 definitur,

135 2412 216 2450 quo
244 2403 377 2452 elapso
405 2402 604 2441 innocenti
633 2404 674 2441 fit
702 2403 868 2442 liberum
894 2402 1124 2441 necessitate
1150 2401 1190 2439 id
1220 2400 1458 2450 postulante,
1489 2399 1584 2437 alias
1608 2405 1741 2448 petere
1765 2396 1936 2447 nuptias)
1960 2402 2001 2434 vt
2014 2396 2088 2432 hac

136 2454 286 2493 ratione
327 2456 461 2494 onmia
503 2457 681 2494 ordinate
715 2460 750 2495 {k
784 2457 950 2494 honeste
985 2455 1023 2493 in
1052 2455 1175 2493 domo
1204 2453 1280 2492 Dei
1308 2459 1568 2503 peragantur,
1599 2451 1663 2490 cui
1693 2451 1740 2489 sit
1768 2452 1851 2489 laus
1880 2451 2025 2495 honor,
2054 2450 2089 2486 ἃ*

135 2508 260 2557 gloria
287 2509 326 2547 in
354 2510 499 2548 secula.
531 2511 678 2548 Amen.

1085 2838 1133 2884 30
1867 2834 1947 2869 LV.
2006 2831 2041 2867 D
2059 2830 2092 2866 Ε
