2334 3020
249 102 321 149 138
860 109 1077 137 'russas
1119 109 1546 138 THEoLoochE.

243 215 421 254 homines
464 214 711 263 reprobaret:
740 213 860 252 iustus
888 214 991 253 enim
1023 221 1081 252 est
1105 215 1235 264 Deus,
1264 215 1299 252 &
1326 227 1407 252 non
1434 227 1568 253 amans
1597 213 1850 264 iniquitatem.
1892 214 2023 262 Quare
2049 214 2171 255 homo

245 269 444 306 voluntata
473 278 541 304 sua
567 266 687 304 libera
713 267 854 305 author
883 274 940 305 est
969 266 1139 316 peccati,
1169 279 1248 304 non
1276 268 1383 305 Deus
1410 269 1636 317 reprobans.

298 330 360 370 55.
415 320 669 367 Consequens
708 320 871 357 alterum
912 317 1198 369 reprobationis
1240 318 1405 357 dicimus
1433 332 1518 358 esse
1545 333 1710 371 poenas,
1741 318 1831 369 quia
1858 319 1966 357 Deus
1995 321 2062 371 qui
2089 335 2170 360 non

243 378 370 421 potest
409 384 493 410 esse
531 384 613 409 non
641 370 781 422 iustus,
810 371 928 422 iuste,
957 378 1116 421 propter
1143 378 1369 431 peccatum,
1398 373 1506 421 quod
1533 374 1583 411 ab
1610 380 1770 411 aeterno
1798 371 2020 423 praeuidet,
2048 375 2170 412 homi-

241 437 332 462 nem
373 430 640 474 peccatorem,
677 425 728 462 ab
756 430 914 462 aeterno
943 424 1218 474 praedamnat.
1248 424 1283 461 &
1311 424 1439 474 reipsa
1465 432 1625 475 propter
1650 431 1876 475 peccatum,
1903 424 1943 462 in
1972 432 2170 477 tempore,

242 476 482 515 damnationi
509 483 688 515 aeternae
714 476 881 526 addicit,
910 477 1017 526 quod
1046 477 1244 515 decretum
1274 477 1649 528 praedamnationis,
1678 478 1820 529 magna
1848 489 1937 515 cum
1964 479 2170 530 Religione

239 543 262 567 a
292 531 450 568 decreto
478 528 763 579 reprobationis
793 529 1111 580 distinguendum
1139 536 1208 567 est.

294 584 354 621 56.
409 582 599 621 Doctrina
640 582 690 620 de
730 581 923 621 electione
952 583 987 619 ὅτ.
1016 581 1310 632 reprobatione
1339 582 1517 631 quamuis
1545 570 1733 621 aduersus
1761 596 1847 621 eam
1876 583 1974 621 ratio
2001 585 2170 623 humana

238 635 422 674 audacter
448 635 642 686 insurgat
674 647 754 673 non
781 637 907 673 solum
935 635 1062 673 doctis
1090 635 1366 684 proponenda
1396 635 1466 673 sed
1495 637 1690 685 &populo
1707 643 1822 674 etiam
1837 648 1876 673 1n
1892 636 2171 689 concionibus,

238 699 328 725 cum
356 688 615 747 explicatione
645 700 691 725 ex
718 687 810 738 ipsis
839 689 978 726 Sacrae
1007 687 1229 737 Scripturae
1251 687 1423 726 fontibus
1439 688 1656 737 desumpta.
1686 688 1787 736 Quia
1801 688 1975 727 Chnstus
1990 689 2029 727 1d
2044 691 2171 729 facere

236 752 316 779 non
345 748 402 780 est
430 740 573 780 veritus
601 740 640 778 in
669 740 926 779 concionibus
958 741 1035 779 suis
1051 743 1102 778 ad
1117 741 1319 790 populum.
1348 741 1432 780 [elz
1450 743 1486 778 6.
1501 754 1564 790 43.
1581 751 1644 790 45.
1673 741 1775 799 Quia
1789 742 1971 791 Apostoli
1988 742 2170 792 epistolas

237 792 275 830 in
305 794 446 844 quibus
474 792 835 843 praedestinationis
864 793 1008 832 mentio
1038 793 1102 844 sit,
1131 794 1181 832 ad
1210 795 1316 831 solos
1345 793 1484 832 doctos
1513 806 1593 831 non
1623 794 1870 843 scripserunt.
1897 796 2012 833 Rem.
2041 809 2078 845 9.

291 858 352 897 57.
407 847 555 884 Verum
583 846 753 896 proponi
782 847 901 885 debet
928 845 1079 897 sobrie,
1105 846 1333 895 prudenter,
1359 847 1458 884 &ad
1475 846 1799 884 aedificationem.
1828 847 2061 886 Prudentiae
2077 849 2170 885 vero

237 903 272 939 δι
315 899 534 938 sobrietatis
576 901 711 949 regula
751 906 828 950 est,
869 899 901 938 si
941 900 1028 937 Deo
1071 912 1115 937 os
1144 911 1255 937 suum
1284 899 1322 936 in
1352 900 1471 936 Sacra
1499 911 1568 937 sua
1598 897 1795 948 Scriptura
1822 900 2028 950 aperienti,
2060 911 2171 938 aures

236 959 387 992 nostras
414 953 693 1002 praebeamus,
722 963 811 990 eum
839 958 1024 1001 tanquam
1054 953 1177 991 verbo
1206 960 1458 1001 praeeuntem
1489 963 1718 1001 sequamur,
1749 957 1873 1001 eoque
1895 960 2048 991 tacente
2062 952 2171 1001 loqui

237 1005 480 1055 desinamus,
509 1018 651 1042 arcana
680 1005 755 1043 Dei
782 1004 1046 1043 inscrutabilia
1075 1018 1124 1042 ne
1153 1004 1314 1043 scrutari
1331 1005 1514 1055 velimus,
1539 1006 1606 1042 sed
1622 1004 1751 1054 potius
1768 1018 1832 1054 ca,
1855 1005 1999 1055 conscij
2016 1013 2172 1044 nostrae

238 1057 537 1108 imbecillitatis,
565 1064 623 1096 ter
650 1059 686 1096 &
714 1065 851 1108 quater
880 1058 1083 1108 miremur,
1112 1058 1333 1096 adoremus.

298 1114 359 1161 58.
413 1112 507 1149 Hoc
534 1110 565 1148 si
592 1111 676 1161 fiat,
706 1112 856 1149 tantum
884 1111 994 1149 abest
1022 1118 1062 1149 vt
1089 1110 1267 1149 doctrina
1294 1111 1343 1148 (le
1370 1109 1727 1148 Praedestinatione
1746 1109 1793 1148 sit
1807 1109 1920 1148 saluti
1935 1110 2172 1160 perniciosa,

240 1164 360 1204 veluti
390 1163 568 1202 homines
595 1169 662 1201 aut
689 1164 731 1202 in
760 1163 1071 1213 desperationem
1101 1163 1331 1212 conijciens,
1361 1171 1427 1201 aut
1455 1163 1495 1200 in
1525 1163 1659 1202 salutis
1688 1162 1897 1213 incuriam,
1926 1163 2020 1212 quin
2043 1163 2172 1213 potius

245 1216 443 1267 salutaris,
470 1218 690 1267 fructuosa,
719 1217 754 1256 &
782 1216 1064 1254 consolationis
1093 1218 1208 1265 plena
1236 1217 1364 1254 futura
1395 1223 1464 1254 est.

297 1281 358 1319 59.
412 1271 502 1307 Hac
532 1269 635 1308 enim
663 1269 713 1307 ad
741 1282 898 1320 preces,
926 1270 977 1307 ad
1005 1270 1111 1307 bona
1137 1282 1256 1318 opera
1284 1268 1415 1307 omnia
1443 1268 1716 1315 accendimur,
1747 1267 1838 1318 quia
1866 1268 2007 1307 scimus
2029 1282 2074 1307 ea
2089 1280 2173 1307 esse

243 1322 391 1373 media,
421 1335 491 1372 per
519 1334 618 1371 quae
645 1323 726 1360 vult
755 1323 861 1360 Deus
890 1334 962 1360 nos
989 1323 1038 1360 ad
1068 1323 1184 1360 finem
1213 1322 1429 1371 deducere,
1458 1323 1492 1358 ἃ
1523 1329 1562 1359 vt
1588 1321 1638 1359 ad
1669 1323 1786 1359 finem
1814 1320 1869 1359 sic
1893 1321 1942 1359 ad
1958 1321 2172 1360 medianos

243 1375 564 1424 praedestinasse.
605 1376 715 1425 Hac,
760 1388 807 1413 ex
848 1375 985 1412 mediis
1027 1374 1173 1412 diaboli
1208 1374 1485 1413 tentationibus
1515 1374 1683 1412 victores
1712 1374 1935 1423 euadimus,
1965 1375 2013 1412 de
2041 1381 2173 1412 nostra

244 1427 435 1466 electione
475 1429 589 1477 plene
631 1427 817 1477 persuasi.
858 1427 1038 1476 Denique
1077 1427 1261 1465 discimus
1306 1440 1436 1465 veram
1471 1426 1726 1465 humilitatem
1755 1427 1947 1478 profiteri,
1976 1428 2012 1464 &
2039 1427 2172 1465 omnia

243 1492 341 1529 quae
368 1481 419 1519 ad
449 1482 609 1518 salutem
638 1488 810 1519 nostram
841 1480 1032 1530 pertinent
1059 1480 1131 1517 soli
1158 1482 1244 1518 Deo
1273 1480 1460 1529 tribuere,
1489 1481 1523 1517 &
1552 1487 1712 1529 accepta
1741 1482 1851 1518 ferre.

552 1834 623 1872 XI.
680 1834 768 1871 DE
808 1835 1066 1871 DIVINA
1106 1833 1856 1871 PRAEDESTINATIONE.

298 1975 330 2000 1.
385 1961 700 2012 Praedestinare,
746 1966 964 2013 προορίζειν
1005 1970 1062 2001 est
1101 1962 1246 2012 aliquid
1286 1963 1337 2000 ad
1380 1970 1528 2001 certum
1557 1963 1673 2000 finem
1703 1965 1893 2010 vsumque
1920 1961 2106 2010 deputare
2136 1961 2171 1998 &

244 2014 437 2052 ordinare.
479 2015 592 2052 Rom.
634 2017 670 2052 8.
714 2028 773 2064 29.
814 2017 986 2053 Aeterna
1025 2015 1141 2066 igitur
1168 2015 1473 2054 Praedestinatio
1503 2015 1593 2064 Dei,
1620 2014 1833 2064 generatim
1862 2014 2083 2063 loquendo,
2114 2021 2171 2051 est

245 2067 445 2105 decretum
473 2067 548 2106 Dei
575 2074 796 2118 aeternum,
833 2079 912 2117 quo
940 2069 1072 2107 omnia
1099 2070 1149 2107 ab
1178 2076 1335 2107 aeterno
1363 2069 1467 2117 apud
1496 2081 1537 2105 se
1566 2067 1856 2117 praeordinauit
1882 2068 1932 2105 ad
1961 2079 2028 2105 eos
2057 2067 2170 2113 fines,

243 2132 312 2169 per
341 2131 440 2168 quos
468 2119 760 2169 glorificaretur.
800 2122 886 2159 Act.
908 2120 952 2167 ’4.
984 2124 1044 2160 28.
1091 2135 1123 2160 1.
1158 2123 1216 2160 Ti.
1248 2132 1283 2171 5.
1313 2135 1374 2159 21.
1418 2121 1475 2158 Ea
1503 2121 1647 2170 duplex
1676 2128 1744 2158 est.
1779 2134 1810 2158 1.
1839 2121 1998 2158 Rerum.
2029 2120 2169 2158 2.Per-

244 2184 439 2210 sonarum.
481 2173 582 2210 cum
622 2186 656 2211 a.
697 2175 771 2211 hae
797 2186 987 2223 personae
1016 2176 1073 2223 (vt
1099 2186 1227 2212 rerum
1255 2173 1646 2224 praedestinationem
1678 2173 1833 2210 missam
1863 2173 2064 2219 faciamus)
2094 2172 2169 2209 sint

245 2225 387 2274 Angeli
415 2227 450 2263 &
477 2224 675 2275 homines,
703 2239 776 2264 nos
804 2227 851 2264 de
880 2226 1236 2265 Praedestinatione
1265 2226 1468 2265 hominum
1496 2225 1739 2275 potissimum
1767 2225 1998 2263 instituimus
2027 2225 2172 2262 dicere.

300 2291 334 2316 2.
388 2279 695 2316 praedestinatio
722 2278 836 2329 igitur
862 2280 1066 2318 hominum
1094 2287 1151 2318 est
1177 2287 1399 2329 aeternum,
1430 2279 1595 2328 simplex
1625 2281 1660 2316 &
1688 2280 1930 2328 absolutum,
1959 2279 2113 2315 firmum
2135 2277 2170 2313 &

243 2329 505 2380 immutabile,
535 2330 686 2380 sapiens
713 2333 748 2369 &
775 2332 941 2370 liberum
968 2332 1043 2371 Dei
1071 2333 1289 2382 decretum,
1318 2344 1397 2382 quo
1425 2332 1531 2381 apud
1558 2332 1808 2380 semetipsum
1837 2333 1885 2369 ab
1901 2337 2060 2369 aeterno
2078 2342 2170 2367 con-

244 2382 383 2432 stituit,
425 2383 518 2431 quid
546 2384 595 2421 de
623 2396 860 2433 vnoquoque
888 2397 1023 2423 eorum
1051 2385 1135 2424 fieri
1162 2387 1294 2444 vellet,
1325 2385 1433 2445 quod
1459 2385 1510 2422 ad
1537 2384 1934 2422 communicationem
1961 2382 2106 2432 gratiae
2132 2384 2168 2420 &

244 2435 390 2485 gloriae
424 2435 555 2485 ipsius.
584 2437 726 2474 Partes
754 2444 841 2475 sunt
867 2444 966 2483 tres,
995 2438 1199 2476 destinatio
1228 2437 1428 2497 principij,
1455 2437 1696 2487 mediorum,
1725 2437 1825 2475 finis.
1866 2437 2015 2487 Species
2043 2436 2168 2484 duae,

244 2488 383 2526 electio
429 2489 464 2525 &
505 2489 749 2540 reprobatio,
778 2489 809 2527 si
835 2491 885 2528 ad
915 2502 1110 2528 summum
1141 2492 1220 2529 eius
1248 2490 1480 2540 principium
1509 2467 1741 2540 respexeris:
1769 2489 1910 2539 quibus
1936 2489 2056 2526 multa
2082 2494 2170 2525 sunt

246 2541 481 2580 communia.
510 2543 611 2579 Nam
640 2542 838 2591 Vtriusque
865 2544 1002 2581 eadem
1031 2550 1086 2582 est
1110 2557 1228 2581 causa
1251 2543 1324 2593 eff
1323 2556 1441 2592 czens
1465 2543 1588 2581 Deus:
1614 2544 1803 2581 &eadem
1818 2554 1933 2580 causa
1947 2541 2169 2591 zmpulsma,

244 2593 429 2641 placitum
470 2594 559 2632 Dei:
603 2601 764 2644 Vtraque
805 2597 906 2634 facta
947 2603 1003 2634 est
1043 2597 1092 2634 ad
1134 2596 1299 2646 gloriam
1340 2596 1415 2633 Dei
1456 2598 1491 2633 &
1531 2597 1655 2644 salu(f.
1703 2597 1911 2643 1622.)tem
1943 2595 2168 2632 electorum.

243 2646 453 2705 Vtriusque
481 2648 681 2684 sublatum
710 2655 767 2685 est
793 2661 914 2697 genus
943 2650 1179 2698 humanum,
1210 2656 1399 2708 quatenus
1426 2661 1495 2697 per
1522 2650 1673 2697 lapsum
1701 2650 1872 2686 futurum
1901 2653 1983 2685 erat
2011 2656 2168 2694 corrup-

245 2704 348 2747 tum,
372 2700 407 2735 ὃ(
431 2699 469 2736 in
494 2706 660 2737 mortem
683 2708 879 2738 aeternam
904 2701 1061 2751 propria
1081 2703 1195 2751 culpa
1219 2700 1522 2751 praecipitatum.
1552 2703 1727 2750 Vtraque
1741 2703 1842 2738 facta
1856 2707 1912 2738 est
1926 2700 1975 2737 ab
1990 2705 2168 2745 aeterno,

245 2758 406 2800 Vtraque
434 2753 563 2801 firma,
593 2752 844 2791 immutabilis
873 2755 907 2791 &
935 2754 1182 2792 inuariabilis
1214 2756 1406 2792 Adnmcla
1434 2753 1525 2791 item
1554 2753 1778 2792 communia
1800 2750 2169 2799 electis&reprobis

1924 2802 2167 2842 communia:
