2334 3020
277 123 352 165 352
823 117 890 150 DE
931 117 1210 150 POLITIAE
1251 118 1418 152 Mosis
1458 116 1649 152 OBSER.

275 238 425 282 menta,
454 233 489 270 &
518 230 666 269 similia.
704 232 806 268 Nam
834 232 923 269 cum
952 242 1226 282 personarum,
1256 243 1405 282 rerum⁷
1433 232 1469 269 &
1498 231 1877 271 circumstantiarum
1906 232 2084 272 omnium
2112 247 2202 274 con-

274 285 369 323 ditio
410 284 531 322 variet
571 290 653 321 tum
695 283 734 322 in
776 296 817 322 se
853 283 962 334 ipsis,
996 291 1078 322 tum
1107 284 1223 322 etiam
1252 283 1351 322 inter
1380 297 1440 323 se:
1470 285 1643 335 aequitas
1671 285 1767 324 illud
1794 287 2022 338 postulauit,
2050 294 2092 326 vt
2120 289 2206 338 lege

272 338 442 375 humana
469 337 518 375 de
547 336 705 387 singulis
733 338 848 375 rebus
871 337 952 375 istis
980 337 1261 375 conuenienter
1283 345 1442 376 naturae
1467 338 1502 375 &
1518 338 1676 388 publico
1694 338 1821 377 ordini
1835 347 2057 379 caueretur:
2074 352 2206 390 quem-

273 391 487 429 admodum
514 390 554 428 in
584 389 834 440 sequentibus
857 392 1036 441 exempla
1057 403 1105 429 ex
1118 391 1205 441 lege
1220 390 1294 428 Dei
1309 390 1540 441 deprompta
1555 391 1762 431 manifesto
1780 393 2092 433 demonstratura
2106 401 2207 434 sunt.

1115 685 1148 724 C
1162 687 1199 723 A
1214 687 1255 725 P.
1294 687 1313 723 I
1324 687 1355 725 Ι.

706 802 772 838 De
799 803 880 851 lege
907 805 1058 856 Masis:
1090 806 1139 843 ἐφ’
1167 805 1384 844 substantia
1411 806 1517 843 illius
1544 806 1584 842 in
1606 818 1761 854 genere.

321 920 542 964 POSTQVAM
584 920 634 958 de
673 920 846 971 Legibus
888 933 988 971 quae
1029 922 1254 961 communia
1294 929 1382 961 sunt
1418 922 1588 972 breuiter
1625 921 1896 973 exposuimus,
1926 922 2079 961 videtur
2105 922 2204 962 iusta

270 971 441 1011 docendi
467 972 565 1011 ratio
592 975 617 1012 3
642 974 757 1013 nobis
784 978 1003 1026 postulare7
1032 983 1072 1013 vt
1100 976 1149 1015 de
1171 977 1257 1026 lege
1280 975 1424 1028 Mosis,
1440 976 1550 1015 0111115
1566 988 1682 1014 031153
1696 977 1774 1015 hoc
1788 975 1974 1026 scriptum
1988 975 2203 1015 institutum

267 1032 324 1063 est
360 1025 551 1077 maxime⁷
588 1026 800 1066 videamus.
842 1029 989 1080 Legem
1027 1029 1150 1068 Mosis
1179 1030 1422 1080 appellamus
1450 1032 1568 1080 vulgo
1595 1029 1736 1068 Libros
1763 1029 1851 1067 illos
1879 1029 2071 1081 quinque,
2097 1031 2203 1070 iussu

265 1077 341 1116 Dei
383 1081 407 1116 a
440 1080 555 1118 Mose
592 1087 792 1132 exaratos,
834 1082 869 1119 &
897 1082 937 1120 in
965 1083 1133 1121 sacrario
1163 1082 1364 1133 depositos
1392 1085 1442 1122 ab
1471 1083 1650 1122 Ecclesia
1677 1083 1909 1133 56111311ᾶο5,
1937 1084 2203 1133 colendosque

268 1131 564 1181 religiosissime.
595 1135 673 1173 Sed
701 1134 792 1184 quia
817 1134 876 1173 his
905 1135 1012 1174 libris
1040 1136 1289 1174 continentur
1315 1135 1389 1174 alia
1411 1138 1665 1188 ὃιηγηματικίι
1690 1135 1826 1174 51116111
1842 1136 2062 1176 narratione
2074 1137 2203 1187 posita

266 1185 459 1224 factorum
487 1187 768 1239 humanorum,
796 1190 832 1226 δε
858 1188 1163 1238 promissionum
1193 1189 1432 1239 diuinarum,
1459 1190 1533 1227 alia
1561 1193 1697 1239 νομικοὶ
1728 1189 1808 1227 51116
1831 1189 1881 1227 ad
1896 1190 2201 1229 substantiam&

269 1238 434 1276 modum
475 1240 570 1290 legis
603 1240 851 1290 pertinentia:
886 1241 1085 1292 speciatim
1120 1242 1217 1293 legis
1244 1242 1442 1281 Mosaicae
1469 1242 1730 1292 appellatione
1757 1241 1797 1279 in
1824 1243 1898 1281 hac
1925 1250 2059 1282 nostra
2085 1256 2202 1282 causa

269 1292 451 1330 volumus
487 1292 649 1344 intelligi
687 1307 752 1345 63,
790 1306 890 1344 quae
916 1292 1109 1346 pertinent
1136 1297 1186 1334 ad
1214 1295 1373 1334 rationis
1399 1295 1686 1334 ordinationem
1713 1297 1902 1334 moralem
1929 1296 2055 1348 1113111,
2084 1309 2202 1347 quam

267 1346 358 1382 ante
385 1344 777 1397 circumscripsimus:
806 1361 887 1387 non
916 1349 966 1388 ad
993 1361 1122 1388 rerum
1150 1351 1240 1387 ante
1267 1356 1463 1400 gestarum
1490 1348 1842 1399 promissionumve
1869 1349 2133 1389 narrationem
2161 1350 2200 1388 in

266 1396 374 1435 libris
402 1398 475 1436 illis
502 1401 839 1451 comprehensam.

320 1452 438 1489 Thes.
468 1454 504 1491 8.
546 1454 598 1491 In
625 1455 698 1492 lzac
725 1456 849 1504 zgrz'tzzr
875 1456 980 1504 Lege
1006 1457 1148 1506 Masis,
1176 1455 1217 1495 id
1245 1462 1322 1505 651,
1352 1455 1390 1493 111
1420 1461 1527 1505 parte
1554 1454 1619 1493 illa
1645 1454 1837 1506 legitima,
1866 1467 1968 1506 quae
1989 1469 2059 1506 per
2080 1456 2201 1495 libros

266 1502 438 1553 quinque
478 1505 598 1557 illius,
637 1508 922 1558 velut·sanguis
949 1522 1020 1559 per
1045 1515 1173 1547 totum
1202 1520 1341 1558 corpus
1370 1508 1509 1546 diffusa
1537 1515 1616 1559 651,
1645 1507 1846 1547 statuimus
1873 1509 2033 1548 veritate
2060 1509 2136 1548 Dei
2163 1511 2199 1548 &

265 1558 494 1596 auctoritate
535 1559 640 1609 freti,
683 1563 889 1612 exemplum
923 1561 1142 1612 perfectmn
1189 1575 1266 1600 esse
1299 1575 1432 1600 earum
1473 1563 1597 1610 legum
1635 1561 1833 1613 omnium,
1862 1562 1910 1600 de
1939 1562 2079 1612 quibus
2110 1564 2199 1601 ante

264 1609 506 1650 dicebamus.
548 1613 784 1663 Exemplum
825 1627 909 1653 esse
944 1615 1231 1653 demonstratur
1266 1615 1344 1653 hoc
1372 1614 1511 1653 modo:
1543 1615 1655 1663 Quae
1683 1615 1734 1653 ad
1763 1616 1931 1653 formam
1960 1617 2200 1665 modumque

266 1663 499 1713 exemplaris
540 1666 651 1704 vnius
692 1673 759 1705 aut
788 1667 957 1716 plurium
993 1669 1094 1706 facta
1123 1674 1229 1718 511111,
1259 1680 1306 1706 63
1334 1669 1512 1717 exempla
1539 1667 1724 1705 dicuntur
1751 1680 1855 1706 esse:
1897 1670 1979 1707 Lex
2008 1671 2048 1718 (f.
2082 1671 2198 1718 1498)

266 1715 390 1754 Mosis
431 1718 481 1755 ad
521 1721 717 1769 exemplar
755 1720 851 1770 legis
891 1728 1088 1772 aeternae„
1128 1722 1164 1759 &
1200 1722 1403 1772 naturalis,
1438 1722 1474 1758 &
1501 1720 1674 1771 diuinae,
1704 1722 1739 1759 δε
1766 1722 1960 1760 humanae
1988 1722 2092 1761 facta
2121 1729 2195 1761 est:

266 1769 404 1807 harum
432 1769 548 1820 igitur
575 1774 799 1823 exemplum
829 1780 898 1813 est.

319 1823 554 1873 Exemplum
594 1838 678 1864 esse
714 1827 815 1864 113110
856 1833 1036 1866 aeternae
1077 1827 1171 1878 legis
1213 1827 1406 1866 constabit
1450 1829 1585 1878 plane,
1627 1826 1658 1864 si
1698 1827 1903 1877 naturalis,
1944 1827 2121 1878 diuinae,
2163 1829 2199 1867 ἃ

265 1876 458 1915 humanae
485 1878 580 1928 legis
607 1880 892 1919 ostenderimus
920 1882 1141 1931 exemplum
1169 1893 1271 1919 esse:
1302 1880 1393 1931 quia
1421 1882 1483 1919 lex
1514 1887 1670 1918 aeterna
1707 1881 1844 1919 harum
1869 1881 2044 1920 omnium
2073 1894 2198 1920 exem-

263 1929 348 1977 plar
376 1936 433 1967 est
459 1929 720 1980 immutabileq
751 1934 786 1970 &
814 1934 887 1972 hae
914 1933 1083 1972 vicissim
1111 1935 1290 1983 exempla
1319 1941 1498 1973 aeternae
1525 1932 1632 1983 legis.

316 1983 385 2020 Est
419 1990 547 2022 autem
583 1986 646 2024 lex
680 1985 803 2025 Mosis
833 1988 1054 2036 exemplum
1087 1987 1182 2038 legis
1210 1987 1417 2038 naturalis,
1445 1986 1628 2025 notiones
1655 1992 1816 2024 naturae
1846 1998 2078 2026 communes
2111 1987 2199 2038 lege

263 2035 428 2074 naturali
457 2036 599 2076 inditas
628 2039 847 2088 exprimens
876 2039 1256 2079 0011116111611115511116.
1299 2042 1402 2078 Ν3111
1429 2039 1618 2091 principia
1647 2040 1682 2077 &
1711 2038 1984 2078 conclusiones
2013 2040 2198 2078 naturalis

265 2087 382 2138 legis,
420 2088 461 2128 id
493 2097 570 2142 651,
607 2104 836 2132 communes
864 2092 951 2132 illae
980 2093 1160 2132 notiones
1188 2100 1348 2132 naturae
1376 2093 1415 2131 in
1443 2095 1528 2143 lege
1557 2093 1680 2131 Mosis
1708 2094 1879 2142 perfecte
1909 2093 2198 2143 exprimuntur,

266 2152 366 2190 quae
393 2141 432 2180 in
460 2150 598 2182 natura
624 2145 794 2184 hominis
821 2159 902 2185 non
931 2148 1057 2185 solum
1086 2153 1290 2196 corrupta,
1320 2147 1388 2185 sed
1411 2146 1560 2197 integra
1574 2146 1637 2184 illa
1651 2145 1959 2196 primigeniaque
1974 2145 2198 2185 extiterunt.

266 2196 311 2232 In
346 2202 482 2234 natura
511 2197 615 2235 enim
641 2206 826 2249 corrupta
852 2207 985 2238 nostra
1011 2200 1191 2238 notiones
1221 2200 1383 2238 eaedem
1412 2207 1522 2251 sunt,
1550 2211 1649 2249 quae
1679 2201 1768 2237 ante
1797 2200 1949 2238 fuerant
1975 2199 2014 2237 in
2030 2199 2197 2249 integra:

268 2248 359 2298 sed,
401 2251 735 2297 quemadmodum
772 2259 908 2290 natura
941 2252 1024 2302 ipsa
1053 2255 1156 2291 facto
1185 2260 1389 2303 parentum
1417 2260 1642 2291 nostrorum
1671 2258 1855 2302 corrupta
1883 2259 1960 2303 est,
1988 2252 2027 2290 in
2056 2252 2198 2302 quibus

266 2299 499 2351 principium
532 2311 691 2343 naturae
727 2304 815 2343 fuit:
845 2306 987 2344 eodem
1016 2306 1137 2344 modo
1165 2305 1346 2344 notiones
1374 2313 1533 2344 naturae
1561 2305 1694 2355 huius,
1723 2304 2014 2356 principiaque,
2041 2306 2078 2343 &
2105 2318 2197 2344 con-

266 2353 459 2394 clusiones
499 2358 629 2396 labem
672 2358 933 2409 corruptionis
974 2361 1009 2398 81
1050 2358 1338 2409 deprauationis
1380 2365 1646 2409 susceperunt.
1688 2359 1801 2396 Haec
1842 2365 1972 2396 autem
2009 2358 2198 2408 principia

267 2406 419 2458 01111113,
461 2421 561 2459 quae
599 2423 705 2450 nunc
743 2412 783 2450 in
823 2411 938 2450 nobis
978 2411 1266 2462 deprauationis
1302 2413 1448 2451 habent
1483 2424 1599 2462 quam
1635 2410 1865 2462 plurimum,
1899 2423 2073 2462 quaeque
2103 2412 2197 2450 olim

264 2461 419 2499 fuerunt
446 2461 595 2514 integra
622 2465 661 2502 in
690 2464 822 2515 primis
854 2465 1080 2515 parentibus
1107 2465 1249 2503 nostris
1277 2466 1493 2504 secundum
1522 2464 1806 2515 perfectionem
1833 2472 1993 2503 naturae
2020 2471 2197 2514 11051136,

266 2513 448 2552 facultate
483 2516 578 2567 legis
604 2517 703 2556 illius
731 2530 849 2567 quam
877 2520 1092 2557 naturalem
1120 2519 1360 2568 appellamus
1389 2521 1445 2568 (vt
1473 2519 1688 2569 Apostolus
1715 2518 1768 2555 ad
1798 2519 1968 2556 Roman.
2001 2531 2033 2555 2.
2063 2517 2195 2567 docet)

265 2566 380 2617 11360,
422 2567 605 2622 inquam⁷
645 2571 684 2609 in
719 2572 806 2621 lege
842 2571 965 2609 Mosis
1001 2571 1243 2622 perfectione
1279 2583 1431 2610 summa
1465 2574 1489 2610 a
1516 2570 1767 2621 corruptione
1795 2570 2064 2619 vindicantur,
2093 2572 2128 2608 &
2157 2570 2197 2608 in

266 2618 458 2669 integrum
494 2622 745 2662 restituuntur
780 2623 964 2662 aduersus
993 2637 1152 2663 omnem
1180 2623 1419 2674 impietatem
1447 2626 1483 2663 &
1512 2623 1735 2663 iniustitiam
1761 2624 1967 2662 hominum
1995 2622 2196 2661 veritatem

266 2671 304 2708 in
334 2675 539 2713 mendacio
568 2677 840 2715 detinentium:
871 2677 1041 2728 denique
1069 2678 1281 2727 perfectam
1311 2679 1439 2717 lucem
1466 2679 1500 2715 81
1529 2675 1754 2728 dignitatem
1785 2688 1895 2716 suam
1917 2676 2011 2714 inse
2026 2677 2198 2725 perfecta

266 2725 361 2774 legis
396 2726 495 2765 illius
532 2730 793 2768 declaratione
827 2730 969 2780 adepta
997 2732 1258 2769 sunt.‘'Hanc
1294 2731 1576 2780 perfectionem
1604 2729 1798 2768 Moralem
1826 2728 2013 2779 exemplis
2040 2728 2197 2767 euiden-

266 2777 420 2817 tissimis
448 2793 656 2830 possumus
684 2785 937 2834 confirmare,
966 2785 1002 2822 &
1031 2783 1206 2822 Christus
1235 2785 1380 2822 Matth.
1409 2795 1442 2834 5.
1473 2783 1662 2833 interpres
1686 2784 1721 2821 &
1743 2783 1851 2822 testis
1866 2788 1922 2821 est
1936 2781 2045 2821 omni
2061 2794 2198 2840 excep-

2087 2841 2195 2873 tione
