2334 3020
235 108 306 146 190
845 105 1059 132 THESES
1100 106 1529 134 THEOLOGICAE.

287 223 347 262 52.
403 212 521 259 Quod
549 218 678 249 autem
705 212 755 249 ad
785 210 1052 260 prouisionem
1079 211 1232 263 attinet,
1262 213 1351 262 quia
1378 214 1507 251 futura
1534 213 1786 264 respiciebat,
1816 225 1916 262 quae
1941 215 2056 253 nobis
2079 224 2167 254 sunt

232 264 467 315 praesentia⁷
509 276 590 301 non
632 270 711 301 tam
752 263 917 310 abolita,
956 266 1074 313 quam
1104 264 1264 314 impleta
1291 266 1459 304 dicenda
1485 272 1559 304 est:
1588 266 1692 304 vnde
1722 267 1782 316 fit,
1815 273 1857 303 vt
1886 268 1976 304 cum
2005 269 2166 306 salutem

233 323 468 367 proponeret
506 328 578 365 pro
613 316 734 354 modo
764 316 949 365 temporis
979 316 1177 355 Christum
1205 318 1493 368 praecedentis7
1525 318 1859 357 circumstantiam
1887 320 1991 357 illam
2018 322 2169 359 venturi

233 369 375 408 Christi
403 368 441 406 in
471 368 645 417 foedere,
674 371 709 407 δι
738 370 990 407 Testamento
1018 370 1264 422 ponendam3
1292 371 1368 409 iam
1395 374 1489 410 vero
1516 370 1599 421 ipsa
1630 371 1815 422 impleta7
1842 384 1915 409 nec
1944 372 1982 410 in
2011 373 2168 412 foedere

234 435 307 460 nec
335 420 373 458 in
401 423 654 459 Testamento
683 421 907 470 ponendam
935 434 1030 460 esse.

288 485 307 524 5
315 487 350 522 3.
404 475 464 511 Ex
504 473 564 512 his
609 473 791 512 omnibus
830 474 1034 513 manifesta
1074 476 1115 512 fit
1151 475 1224 513 Dei
1254 475 1458 527 sapientia,
1486 476 1775 527 misericordia,
1805 480 1839 516 &
1868 477 2031 529 iustitia7
2059 479 2167 526 quod

233 534 310 564 tam
339 525 452 565 variis
479 526 627 575 modis,
656 540 727 576 pro
766 527 914 565 ratione
943 534 1164 577 temporum
1193 529 1227 565 δε
1257 540 1531 579 personarum,
1559 530 1724 568 eandem
1753 530 1854 568 viam
1885 530 2016 569 salutis
2042 532 2165 569 homi-

232 580 345 618 nibus
382 580 622 618 monstrarit:
657 579 765 629 quod
800 579 961 618 miseros
996 579 1034 617 in
1063 580 1227 629 gratiam
1256 581 1464 633 receperit7
1492 583 1623 632 lapsos
1650 583 1850 634 releuarit,
1879 583 2166 633 titubantesque

230 632 335 670 miris
363 631 489 670 modis
518 632 775 670 confirmarit:
806 632 975 682 denique
1003 634 1111 682 quod
1139 634 1236 672 haec
1264 634 1397 672 omnia
1423 635 1474 674 ita
1501 635 1751 685 praestiterit,
1773 643 1813 674 vt
1828 649 1878 674 ne
1894 650 1992 686 apex
2007 636 2165 686 quidem

229 685 323 735 legis
349 684 559 735 transierit⁷
589 684 682 734 quin
709 686 844 724 omnia
874 684 912 724 in
944 685 1100 724 Christo
1130 689 1308 725 confecta
1335 687 1420 725 sint.

435 930 580 967 XXVI.
636 930 723 966 DE
765 929 1039 966 VETERI
1079 930 1163 966 ET
1205 928 1399 966 NOVO
1440 929 1559 966 DEI
1602 929 1946 967 FOEDERE.

1056 1046 1273 1083 THESIS
1315 1047 1345 1083 I.

284 1178 316 1203 1.
370 1165 448 1201 Dm
477 1166 618 1213 foedus
647 1165 686 1201 in
715 1165 833 1202 Sacra
860 1164 1058 1213 Scriptura
1084 1163 1240 1213 proprie
1267 1163 1457 1214 significat
1484 1165 1647 1202 Pactum
1676 1164 1877 1212 quoddam
1909 1166 1931 1202 a
1960 1166 2046 1202 Deo
2075 1177 2165 1203 cum

229 1216 452 1255 hominibus
480 1217 635 1255 initum:
668 1216 794 1255 minus
822 1216 978 1267 proprie
1007 1223 1117 1254 notat
1144 1224 1294 1266 partem
1323 1217 1534 1266 quamdam
1550 1216 1671 1254 diuini
1684 1216 1782 1255 illius
1798 1216 1913 1266 pacti.
1942 1217 2166 1266 Aliquando

228 1269 396 1308 foederis
424 1269 582 1307 nomine
610 1270 769 1308 veniunt
799 1276 877 1307 tam
906 1283 1042 1308 omnes
1071 1271 1177 1319 leges
1205 1272 1238 1308 &
1267 1269 1545 1319 promissiones
1576 1283 1707 1307 sacrae
1739 1269 1944 1308 vniuersim
1973 1277 2168 1320 sumptae,

229 1325 347 1372 quam
375 1323 541 1372 quoduis
569 1322 739 1371 speciale
767 1323 996 1360 mandatum
1024 1329 1090 1360 aut
1115 1323 1321 1372 promissio
1350 1335 1515 1361 accensa
1542 1322 1701 1360 foederi.
1733 1323 1811 1360 Sed
1839 1325 1874 1361 δι
1905 1324 2168 1373 metonymice

230 1375 303 1425 ipsi
329 1374 440 1425 libri⁷
466 1375 505 1412 in
533 1375 672 1424 quibus
701 1376 860 1414 foedera
887 1376 962 1413 Dei
991 1383 1079 1414 sunt
1105 1376 1335 1426 perscripta,
1364 1376 1525 1414 foedera
1552 1376 1810 1425 appellantur.

285 1442 318 1467 2.
373 1429 456 1466 Nos
494 1427 644 1466 omissis
683 1440 787 1466 nunc
825 1428 906 1466 aliis
943 1428 1167 1467 foederibus
1195 1428 1356 1478 aliisque
1391 1428 1737 1478 significationibus
1766 1427 1873 1467 vocis
1903 1427 2091 1479 foederis,
2120 1429 2169 1467 de

228 1480 347 1521 veteri
375 1482 409 1518 δί
437 1492 544 1518 nouo
572 1481 730 1519 foedere
760 1492 936 1531 agemus,
965 1483 1042 1531 qua
1069 1481 1168 1519 inter
1196 1494 1236 1520 se
1265 1480 1482 1531 comparari
1510 1481 1648 1519 solent.

282 1547 319 1583 3.
385 1535 495 1571 Vetus
537 1533 674 1571 foedus
714 1534 819 1583 prius
861 1544 951 1571 cum
992 1534 1220 1572 Abrahamo
1262 1540 1446 1584 coeptum
1483 1540 1576 1572 tunc
1604 1533 1791 1583 temporis
1820 1532 2066 1583 potissimum
2096 1533 2166 1571 fuit

229 1588 444 1637 firmatum,
482 1587 571 1624 cum
606 1588 713 1625 Deus
738 1587 927 1636 populum
953 1585 1210 1625 Israeliticum
1238 1587 1424 1625 educeret
1452 1589 1472 1624 e
1500 1593 1602 1624 terra
1629 1586 1812 1636 AEgypti,
1840 1587 1979 1625 [erem.
2007 1600 2070 1636 31.
2101 1599 2163 1635 32.

282 1655 318 1687 4.
373 1638 467 1677 Eius
495 1645 624 1677 autem
653 1650 773 1689 genus
802 1646 859 1678 est
886 1639 986 1677 ordo
1016 1639 1220 1689 relatiuus‚
1247 1651 1314 1678 seu
1341 1646 1540 1689 respectus
1570 1638 1731 1688 quidam
1760 1639 1890 1677 Sacer.

284 1704 319 1742 5.
374 1693 556 1730 Relatum
586 1699 643 1730 est
669 1692 840 1742 Iehoua,
864 1693 983 1730 Dent.
1014 1705 1075 1741 29.
1109 1706 1166 1730 12.
1195 1699 1353 1741 pactum
1381 1693 1551 1731 Iehouae
1578 1691 1653 1730 Dei
1681 1690 1737 1729 tui
1764 1691 1808 1742 (f.
1842 1693 1970 1740 1667.)

282 1747 318 1784 6.
373 1745 618 1783 Correlatum
646 1745 859 1795 Israelitae,
887 1746 922 1782 δι
937 1744 1004 1794 qui
1019 1757 1102 1783 sese
1115 1744 1295 1783 Israelitis
1310 1745 1349 1783 in
1365 1746 1523 1783 foedere
1537 1745 1795 1783 associabant.
1811 1745 1928 1782 Dent.
1948 1757 2007 1793 29.
2030 1758 2088 1791 14.
2107 1755 2168 1794 15.

285 1811 319 1848 7.
373 1798 705 1849 Fundamentum,
735 1809 802 1836 seu
830 1808 947 1835 causa
973 1797 1145 1836 efficiens
1173 1797 1351 1847 proxima
1379 1797 1493 1835 huius
1521 1797 1691 1836 foederis
1720 1803 1779 1835 est
1807 1796 1978 1835 solennis
2007 1798 2163 1836 Relato-

229 1863 315 1890 rum
346 1851 544 1900 obligatio.

283 1908 320 1944 8.
376 1904 593 1942 Solennitas
630 1905 653 1941 a
688 1909 797 1953 parte
831 1903 906 1941 Dei
935 1903 1005 1941 fuit
1032 1904 1128 1942 illud
1156 1902 1418 1953 potissimum,
1449 1904 1557 1952 quod
1588 1904 1745 1953 Moses,
1773 1901 2039 1941 internuncius
2067 1901 2166 1940 illius

230 1957 398 1996 foederis
425 1956 619 2007 accipiens
647 1955 853 1995 dimidium
882 1957 1076 2006 sanguinis
1105 1957 1424 1994 holocaustorum
1452 1957 1487 1993 δι
1507 1955 1786 1994 sacrificiorum
1808 1955 2164 1995 Eucharisticorum
2208 1989 2218 2001 .
2243 1992 2249 1994 .

230 2011 400 2048 Iehouae
441 2008 579 2059 sparsit
620 2020 735 2059 super
775 2011 917 2058 altare⁷
959 2010 994 2047 &
1036 2009 1240 2048 dimidium
1282 2020 1395 2059 super
1431 2008 1557 2059 ipsum
1586 2009 1789 2059 populum.
1816 2009 1941 2046 Exod.
1976 2021 2037 2055 24.
2067 2018 2101 2057 5.
2132 2010 2166 2045 8.

233 2065 350 2101 Dent.
383 2076 444 2113 29.
478 2076 510 2100 1.

284 2130 319 2166 9.
375 2114 594 2154 Solennitas
621 2117 644 2152 a
671 2122 780 2164 parte
809 2114 1088 2162 Israelitarum,
1116 2114 1190 2154 alia
1217 2114 1256 2153 in
1284 2113 1516 2165 initiatione,
1546 2114 1642 2152 aliae
1671 2113 1710 2151 in
1739 2113 2031 2152 continuatione
2053 2111 2167 2152 huius

234 2168 403 2208 foederis
430 2168 729 2207 adhibebantur.

288 2236 348 2261 10.
403 2220 632 2259 Initiationis
661 2227 948 2260 sacramentum
976 2222 1046 2259 fuit
1074 2219 1344 2260 Circumcisio.

291 2288 350 2314 11.
405 2273 718 2313 Continuationis
760 2275 1009 2313 Sacramenta
1050 2274 1205 2312 fuerunt
1241 2285 1328 2312 esus
1363 2272 1468 2323 Agni
1496 2273 1709 2323 Paschalis,
1738 2274 1773 2310 &
1801 2271 2045 2311 victimarum
2073 2282 2165 2322 qua-

233 2328 399 2366 rundam
427 2327 624 2365 mactatio.

293 2395 349 2418 12.
405 2379 638 2418 Promiserat
681 2386 809 2418 autem
852 2380 1000 2418 Iehoua
1039 2378 1220 2418 Israelitis
1261 2386 1402 2417 terram
1438 2379 1641 2429 Chenaan⁷
1677 2384 1819 2417 terram
1847 2376 2166 2428 peregrinationis

235 2446 388 2482 eorum7
416 2434 452 2471 &
481 2434 551 2471 sub
579 2432 694 2471 bonis
722 2433 884 2472 terrenis
913 2432 1123 2483 spiritualia
1150 2435 1185 2471 &
1213 2439 1370 2471 aeterna
1396 2432 1515 2470 bona.

291 2500 349 2536 13.
404 2486 574 2535 Populus
602 2489 695 2524 vero
723 2485 953 2524 Israeliticus
984 2492 1064 2525 erat
1090 2485 1299 2524 obstrictus
1322 2485 1373 2523 ad
1396 2484 1631 2523 seruandum
1660 2483 1792 2523 omnia
1818 2484 1882 2522 illa
1903 2493 2002 2533 quae
2024 2482 2168 2533 scripta

238 2547 327 2578 sunt
351 2539 390 2577 in
418 2538 520 2577 libro
549 2537 677 2589 Legis.

292 2606 350 2639 14.
405 2591 520 2630 Fines
547 2591 659 2630 huius
687 2591 790 2641 pacti
818 2592 944 2642 fuere,
973 2600 1014 2630 vt
1041 2598 1141 2630 esset
1169 2598 1274 2630 certa
1301 2603 1395 2641 gens
1425 2592 1459 2628 &
1487 2596 1612 2628 certus
1640 2590 1806 2639 populus
1833 2591 1857 2627 a
1878 2599 1956 2638 quo
1971 2589 2078 2626 Deus
2095 2586 2166 2626 rite

236 2647 452 2694 coleretur,
493 2643 556 2682 cui
592 2646 700 2683 Deus
735 2643 933 2695 insigniter
970 2643 1235 2694 benediceret,
1266 2657 1312 2682 ex
1339 2654 1419 2692 quo
1447 2642 1610 2682 Messias
1637 2642 1850 2692 promissus
1880 2646 2166 2691 expectaretur,

238 2705 357 2747 vtque
389 2710 436 2735 ex
461 2704 571 2746 parte
598 2698 637 2736 in
666 2710 706 2736 se
733 2699 893 2736 haberet
921 2698 1099 2736 Vmbram
1126 2697 1220 2736 noui
1246 2708 1313 2736 seu
1342 2695 1487 2736 aeterni
1513 2695 1702 2746 foederis,
1730 2697 1766 2734 δε
1793 2700 1892 2734 esset
1917 2692 2165 2744 paedagogus

241 2752 294 2790 ad
321 2750 529 2789 Christum.

1916 2810 1974 2849 15.
2028 2799 2158 2848 Atque
