2334 3020
236 77 310 127 458
937 85 1207 114 EIRENICI
1249 87 1389 113 PARs
1434 86 1460 114 1.

235 192 502 232 offensonibus
544 191 638 241 quid
667 189 820 229 dicam?
847 198 913 229 aut
954 192 1059 230 vnde
1098 189 1311 242 incipiam?
1353 193 1462 231 Alios
1499 192 1663 231 offendit
1690 192 1826 231 leuitas
1852 205 2076 231 sermonum
2105 192 2171 243 qui

235 246 330 284 nihil
371 246 422 283 ad
463 258 555 294 nos,
596 243 692 282 alios
733 243 947 294 silentium,
976 244 1073 283 alios
1101 244 1387 294 importunitas.
1416 244 1644 284 Praesertim
1673 246 1703 283 si
1731 244 1797 295 qui
1825 245 2016 295 doctrina,
2045 259 2172 295 repre—

235 298 444 347 hensione,
485 305 552 336 aut
593 297 865 335 consolatione
893 309 993 347 opus
1019 297 1244 348 habuerint,
1280 297 1509 337 incredibile
1538 305 1594 337 est
1622 300 1741 347 quam
1771 298 1884 337 facile
1912 298 2173 348 imprudentia

234 359 367 390 nostra
407 351 656 389 offendantur
698 350 850 388 animae
891 363 991 400 quae
1029 350 1226 400 priuatum
1253 350 1328 389 Dei
1357 363 1560 390 seruorum
1585 351 1758 389 officium
1787 352 2006 391 desiderant
2027 351 2067 389 in
2095 351 2172 390 suis

235 403 419 455 angustiis
447 406 482 442 &
509 403 864 453 perturbationibus
892 403 1141 454 grauissimis.
1171 405 1262 442 Non
1291 406 1390 442 solet
1417 405 1521 442 enim
1548 405 1613 443 illa
1640 404 1826 454 cogitatio
1850 404 2000 443 animos
2016 411 2173 443 nostros

235 458 427 495 incessere
444 488 454 508 ,
481 469 600 506 quam
628 457 679 494 ab
707 457 888 506 exemplo
918 457 1075 495 Christo
1102 456 1265 495 Domini
1293 459 1328 494 &
1356 457 1622 507 praeceptoris
1641 458 1764 496 nostri
1791 457 1949 507 singulis
1965 457 2173 495 momentis

235 523 306 549 nos
348 511 556 560 oportebat
595 511 787 559 recolere3
828 522 910 547 non
946 509 1131 561 litigabit,
1168 522 1296 560 neque
1326 511 1559 559 clamitabit,
1586 522 1715 560 neque
1743 510 1875 549 audiet
1902 511 2107 560 quisquam
2133 510 2174 548 in

235 563 370 613 plateis
411 576 550 601 vocem
592 562 698 600 eius:
741 563 971 601 arundinem
1013 570 1236 612 quassatam
1276 575 1357 601 non
1395 564 1633 614 confringet,
1661 563 1845 602 &linum
1873 563 2066 614 fumigans
2093 576 2173 601 non

235 616 454 668 extinguet,
489 618 602 655 Matt.
644 628 703 654 12.
737 629 795 665 19.
828 629 890 654 20.
925 627 1025 665 quae
1055 616 1189 655 omnia
1217 615 1394 655 Christus
1425 617 1516 655 fecit
1545 630 1688 667 opere,
1729 616 1821 655 etin
1850 616 2064 655 ministerio
2092 615 2175 654 fieri

234 669 411 719 imperat.
452 670 537 707 Nec
577 670 711 719 valde,
753 681 827 706 nec
855 682 970 719 saepe
1000 669 1153 708 animos
1181 677 1338 708 nostros
1365 671 1539 709 afficiunt
1566 669 1666 708 illius
1694 670 1831 720 verba,
1860 670 1927 719 qui
1954 670 2038 708 zelo
2068 682 2175 707 sanc-

235 722 382 761 tissimo
425 722 538 773 dixit,
581 721 680 770 Quis
721 721 921 772 affligitur,
951 722 1044 771 quin
1074 735 1149 773 ego
1177 721 1350 773 affligar?
1379 723 1478 772 Quis
1505 723 1736 773 offenditur,
1774 722 1867 772 quin
1897 735 1971 773 ego
1998 721 2108 761 Vtar?
2140 736 2173 761 2.

235 777 328 814 Cor.
361 789 419 814 11.
452 789 510 825 29.

289 826 421 877 Quid?
450 828 557 878 quod
583 827 622 865 in
651 828 747 866 haec
777 829 898 877 mala,
928 828 1107 878 grauiora
1135 831 1239 868 certe
1264 831 1383 879 quam
1411 836 1610 879 putemus,
1646 829 1684 867 in
1714 828 1975 867 conscientias
2003 827 2173 866 infirmo-

235 893 321 920 rum
364 884 400 920 &
436 880 703 931 indignissima
742 881 951 919 vocatione
991 889 1142 931 nostra,
1184 895 1266 921 non
1303 884 1428 921 solum
1470 883 1617 921 ruimus
1658 883 1762 932 apud
1803 895 1871 920 eos
1899 881 2031 931 quiin
2059 894 2175 932 grege

235 942 370 973 nostro
413 942 501 973 sunt
512 951 521 979 3
565 933 837 985 verumetiam,
880 941 1079 984 tamquam
1109 935 1139 973 si
1169 936 1277 973 domi
1307 936 1402 974 nihil
1430 944 1529 974 esset
1557 936 1595 973 in
1624 948 1704 985 quo
1733 947 1992 985 occupemur,
2022 935 2174 984 agimus

236 989 654 1038 ἀλλοτριοεπισκόπους
697 999 848 1025 summa
889 987 1066 1038 licentia,
1105 990 1139 1026 &
1180 989 1219 1026 in
1260 990 1376 1027 rebus
1404 989 1538 1027 alienis
1566 1001 1698 1027 sumus
1728 985 2009 1027 oculatissimi?
2038 988 2073 1026 O
2102 1000 2175 1025 nos

235 1040 414 1089 miseros,
455 1040 521 1088 qui
561 1040 822 1088 amplissimos
861 1041 957 1078 fines
999 1041 1215 1080 vocationis
1257 1049 1434 1092 nostrae,
1464 1042 1603 1092 quibus
1631 1041 1830 1092 capiendis
1857 1053 2056 1090 nunquam
2085 1039 2175 1078 satis

234 1093 376 1131 idonea
418 1099 485 1130 aut
526 1092 721 1131 sufficiens
764 1106 847 1131 esse
889 1101 1020 1142 potest
1058 1094 1200 1144 ingenij
1232 1095 1353 1133 nostri
1381 1096 1569 1145 tenuitas,
1599 1095 1751 1133 dilatari
1779 1102 1958 1144 putamus
1989 1100 2172 1144 oportere

234 1146 403 1184 vanitate
430 1152 588 1184 nostra:
617 1159 744 1196 neque
771 1146 810 1184 in
838 1158 1048 1197 sermone,
1088 1160 1205 1197 quem
1239 1149 1347 1186 Deus
1374 1147 1537 1197 imperat
1564 1148 1645 1199 egi,
1674 1159 1801 1197 neque
1828 1147 1867 1185 in
1890 1160 2030 1198 grege,
2058 1158 2174 1196 quem

235 1200 343 1237 Deus
386 1198 550 1249 imperat
581 1199 705 1250 pasci,
733 1199 1049 1249 conquiescimus
1077 1214 1124 1239 ex
1152 1201 1282 1240 officio
1311 1209 1459 1240 nostro.
1493 1215 1508 1239 1
1541 1203 1643 1240 Tim.
1674 1215 1710 1249 4.
1744 1214 1802 1250 13.
1831 1202 1920 1238 Act.
1953 1213 2014 1239 20.
2047 1202 2109 1238 28.
2142 1213 2174 1238 1.

236 1253 317 1290 Pet.
348 1262 382 1301 5.
413 1265 447 1290 2.

289 1305 367 1343 Sed
407 1303 554 1343 leuiora
591 1312 681 1343 sunt
708 1305 806 1343 haec
832 1306 984 1355 priuata
1011 1307 1172 1345 vulnera
1199 1306 1244 1345 iis
1273 1319 1373 1357 quae
1400 1306 1561 1358 publico
1592 1321 1708 1357 saepe
1730 1307 2004 1357 imponuntur,
2035 1305 2174 1356 partim

237 1358 415 1409 fidentia,
444 1359 663 1407 partimque
691 1358 951 1408 imprudentia
978 1367 1123 1398 nostra.
1153 1362 1255 1398 Nam
1284 1361 1365 1399 siue
1393 1362 1443 1399 ad
1471 1373 1671 1399 sermones
1694 1360 1731 1398 in
1748 1359 2005 1398 concionibus
2021 1359 2175 1410 publice

234 1410 409 1462 habitos,
438 1411 521 1449 siue
549 1412 600 1448 ad
628 1411 816 1460 reliquam
845 1412 1222 1451 administrationem
1251 1416 1389 1452 oculos
1418 1414 1679 1461 conuerteris,
1708 1413 1886 1451 incidunt
1913 1425 2028 1462 saepe
2055 1415 2174 1462 quam

234 1464 415 1515 plurima,
456 1463 620 1513 quibus,
668 1464 741 1502 nisi
778 1466 902 1514 probe
944 1466 995 1503 ad
1022 1479 1094 1504 nos
1122 1467 1390 1517 attendamus,
1418 1479 1606 1505 nocemus
1633 1467 1813 1517 publico,
1842 1468 1878 1504 &
1907 1465 2174 1504 auctoritatem

234 1516 451 1555 vocationis
493 1516 593 1554 illius
634 1523 808 1568 nostrae,
851 1531 968 1567 quam
1010 1520 1116 1557 Deus
1158 1521 1358 1558 contemni
1385 1522 1489 1558 facto
1519 1527 1654 1558 nostro
1683 1519 1827 1569 noluit,
1856 1519 1929 1569 ipsi
1953 1518 2174 1557 minuimus.

237 1584 271 1608 2.
313 1570 414 1608 Tim.
460 1583 494 1606 2.
529 1582 586 1618 13.
632 1570 762 1618 Quam
803 1572 925 1608 multa
961 1571 1157 1610 interdum
1187 1586 1259 1622 pro
1288 1573 1482 1612 concione
1510 1574 1742 1623 funduntur,
1770 1585 1870 1622 quae
1898 1572 1994 1610 nihil
2022 1573 2072 1610 ad
2101 1584 2174 1610 nos

234 1623 427 1674 pertinent
463 1629 529 1660 aut
566 1624 812 1662 vocationem
850 1622 1055 1662 nostram?
1084 1637 1184 1673 quae
1211 1626 1305 1664 nihil
1333 1627 1384 1664 ad
1412 1624 1653 1664 Ecclesiam?
1681 1633 1747 1664 aut
1776 1637 1875 1675 quae
1903 1625 2053 1663 alienae
2082 1637 2172 1674 cog-

233 1676 372 1714 nitioni
413 1682 501 1714 sunt
539 1674 712 1714 credita?
749 1678 886 1715 Testes
916 1685 1005 1716 sunt
1032 1678 1234 1717 Ecclesiae
1261 1681 1405 1718 multae
1433 1680 1539 1729 apud
1567 1692 1703 1718 omnes
1732 1685 1884 1729 gentes,
1913 1685 2028 1716 testes
2057 1678 2173 1728 magi-

234 1736 392 1779 stratuS,
434 1736 550 1767 testes
578 1728 787 1779 historiae,
830 1731 911 1779 te(f.
945 1732 1114 1779 731)stes
1142 1731 1229 1770 libri
1257 1732 1374 1770 etiam
1404 1733 1454 1771 de
1481 1731 1563 1770 iure
1591 1733 1724 1770 diuino
1753 1733 1788 1769 &
1816 1733 1988 1769 humano
2018 1730 2173 1781 scripti,

234 1782 423 1832 plurimos
452 1793 610 1832 eorum,
640 1782 706 1832 qui
734 1782 875 1820 finibus
902 1783 1201 1822 Ecclesiasticae
1228 1785 1446 1824 vocationis
1475 1797 1565 1824 suae
1594 1785 1795 1823 continere
1824 1797 1906 1823 sese
1936 1785 2174 1834 debuerant,

233 1838 310 1885 qua
337 1848 378 1874 se
404 1834 532 1885 ipsos,
562 1838 639 1883 qua
668 1834 921 1874 ministerium
958 1848 1070 1875 suum
1108 1838 1469 1888 sanctissimamque
1491 1838 1761 1877 auctoritatem
1789 1838 1912 1887 illius,
1941 1839 2018 1887 qua
2032 1838 2173 1875 multas

232 1888 403 1936 animas,
445 1890 523 1937 qua
564 1888 824 1939 respublicas,
867 1892 944 1938 qua
986 1890 1182 1929 Ecclesias
1223 1891 1395 1929 funditus
1435 1891 1667 1942 perdidisse,
1711 1892 1805 1929 dum
1834 1904 1882 1929 ex
1911 1890 2089 1941 angustia
2115 1889 2174 1928 sui

233 1941 363 1990 iudicij
394 1941 519 1990 (quod
546 1943 736 1990 putabant
764 1942 1061 1992 amplissimum)
1091 1943 1223 1981 omnia
1250 1944 1312 1995 agi
1340 1946 1376 1983 δι
1406 1944 1495 1983 ferri
1524 1951 1738 1983 statuerunt
1767 1952 1962 1994 oportere.

286 1994 449 2032 Librum
492 2006 665 2045 sacrum,
710 1997 845 2033 fratres
887 1995 1142 2047 dilectissimi,
1183 1997 1347 2035 Librum
1388 1998 1557 2036 foederis
1591 1997 1672 2036 siue
1701 1997 1943 2036 Testamenti
1969 1995 2108 2035 veteris
2137 1998 2172 2035 &

232 2047 337 2085 Noui
364 2047 600 2085 versandum
628 2048 818 2087 habemus
846 2056 1038 2087 nocturna
1065 2051 1101 2087 Sc
1129 2049 1267 2088 diurna
1295 2063 1429 2100 manu,
1459 2058 1500 2089 vt
1528 2050 1685 2089 dicebat
1713 2050 1928 2100 Satyricu33
1956 2063 2037 2088 non
2053 2049 2172 2088 libros

232 2100 345 2138 huius
377 2100 514 2138 mundi
543 2102 716 2139 forenses
744 2108 861 2151 atque
888 2102 1089 2151 politicos:
1120 2103 1379 2142 conscientias
1405 2104 1594 2142 habemus
1623 2105 1835 2153 curandas,
1863 2116 1910 2142 ac
1939 2115 2019 2141 non
2054 2104 2171 2140 sacul-

231 2160 353 2191 tates:
382 2153 599 2202 Ecclesias,
627 2167 674 2192 ac
703 2167 783 2192 non
811 2156 1062 2204 respublicas.
1091 2157 1326 2195 Putamusne
1352 2157 1467 2207 igitur
1491 2159 1620 2195 Deum
1636 2159 1736 2195 male
1751 2156 1994 2206 prospexisse
2009 2157 2171 2207 mundo,

231 2208 320 2244 cum
348 2219 408 2244 res
437 2206 569 2244 ciuiles
597 2208 647 2245 ab
676 2208 960 2247 Ecclesiasticis
988 2207 1251 2259 dispesceret?
1280 2213 1510 2260 putamusne
1539 2209 1653 2249 nobis
1681 2211 1964 2248 factamaDeo
1980 2208 2170 2259 iniuriam,

232 2259 296 2307 qui
326 2261 395 2297 has
425 2273 485 2297 res
513 2260 649 2309 nobis,
678 2260 760 2298 illas
789 2260 871 2298 aliis
899 2263 1092 2300 curandas
1121 2260 1351 2301 instituerit?
1380 2267 1611 2312 putamusne
1639 2265 1816 2302 sufficere
1840 2270 1990 2301 mentes
2005 2275 2170 2312 cognos-

232 2312 364 2350 cendis
405 2315 439 2351 &
480 2313 718 2364 iudicandis,
757 2326 926 2363 corpora
968 2315 1155 2354 faciendis
1197 2323 1277 2354 tam
1312 2316 1442 2354 multis
1470 2317 1608 2367 rebus,
1651 2329 1746 2366 quas
1774 2318 1880 2355 Deus
1908 2315 2104 2354 distribuit
2130 2315 2170 2353 in

233 2367 374 2403 multos
411 2373 569 2415 propter
611 2379 744 2404 earum
786 2367 1014 2406 infinitatem
1055 2369 1383 2421 grauitatemque,
1423 2371 1458 2408 &
1485 2369 1746 2408 infirmitatem
1774 2367 1979 2408 nostram?
2019 2369 2170 2418 Nempe

231 2418 309 2455 hoc
337 2417 431 2456 illud
459 2426 535 2465 est,
565 2418 722 2457 miseret
749 2421 877 2458 Deum
904 2421 1043 2471 nostri,
1073 2424 1109 2460 8:
1136 2435 1208 2460 nos
1236 2422 1342 2472 ipsos
1370 2422 1493 2460 nostri
1508 2435 1588 2460 non
1605 2422 1771 2462 miseret.
1800 2422 2013 2461 Videamus
2027 2421 2169 2472 potius,

233 2471 421 2520 obsecro,
450 2479 491 2509 vt
519 2471 747 2510 tenuitatem
777 2480 950 2512 nostram
979 2475 1079 2513 serio
1095 2487 1230 2513 coram
1246 2476 1418 2514 Domino
1435 2475 1621 2525 deinceps
1637 2476 1910 2526 recordemur,
1939 2475 2168 2525 grauitatem

233 2524 402 2562 muneris
444 2525 565 2563 nostri
603 2538 648 2562 ex
678 2526 838 2564 veritate
865 2527 1104 2578 cogitemUS,
1134 2530 1169 2566 &
1199 2530 1313 2567 nobis
1342 2535 1430 2566 ante
1461 2530 1597 2567 oculos
1625 2540 1819 2579 ponamus
1846 2540 2033 2578 magnum
2060 2527 2168 2565 illum

232 2577 306 2614 Dei
334 2589 488 2615 seruum
517 2579 553 2616 &
582 2577 724 2616 Christi
753 2581 1012 2632 Apostolum,
1043 2581 1263 2619 dicentem:
1305 2581 1506 2620 Fiduciam
1532 2583 1722 2620 habemus
1749 2595 1820 2632 per
1847 2581 2043 2620 Christum
2072 2583 2167 2631 (non

231 2637 360 2687 autem
390 2643 459 2680 per
491 2633 579 2679 nos)
610 2632 715 2680 apud
743 2633 871 2670 Deum
900 2637 995 2680 (non
1023 2642 1153 2672 autem
1183 2636 1288 2684 apud
1315 2638 1404 2683 nos)
1432 2647 1514 2672 non
1542 2636 1650 2684 quod
1679 2635 1810 2673 idonei
1838 2646 1969 2673 sumus
1998 2647 2068 2684 per
2095 2646 2168 2671 nos

232 2695 339 2730 ipsos
367 2684 417 2721 ad
446 2683 701 2733 cogitandum
733 2684 947 2734 quidquam
977 2688 1081 2725 velut
1108 2700 1156 2724 ex
1183 2687 1298 2726 nobis
1327 2688 1442 2738 ipsis:
1473 2688 1542 2726 sed
1571 2688 1678 2737 quod
1705 2687 1838 2726 idonei
1865 2699 2016 2738 sumus,
2053 2687 2094 2725 id
2121 2699 2168 2724 ex

232 2736 321 2772 Deo
361 2743 436 2786 est,
474 2736 540 2785 qui
578 2737 694 2775 etiam
724 2737 816 2775 facit
845 2745 886 2776 vt
914 2739 1046 2777 idonei
1074 2741 1192 2778 simus
1220 2740 1384 2779 ministri
1412 2740 1643 2780 sanctissimi
1669 2740 1768 2780 illius
1796 2740 1985 2790 foederis,
2014 2752 2062 2778 ex
2088 2751 2167 2788 quo

1924 2792 2168 2831 viuificarnur
