2334 3020
688 88 904 118 russas
945 86 1378 116 ΤΗΕοιοοισΑΕ.
1958 86 2031 125 239

94 200 161 251 qui
188 212 319 240 verum
349 198 476 238 Deum
505 199 731 237 coluerunt:
761 198 796 235 &
825 198 927 235 hanc
956 194 1172 235 Ecclesiam
1201 201 1429 244 perpetuam
1459 195 1563 242 fore,
1593 205 1665 232 nec
1692 202 1865 243 vnquam
1880 192 2032 243 penitus

92 256 260 293 deficere
288 266 403 304 posse
430 252 724 300 contendimus,
756 250 922 300 ‹luanuis
951 249 1084 288 onmia
1113 255 1235 286 tentet
1264 250 1403 297 Satan,
1431 248 1466 284 &
1495 246 1591 284 nihil
1619 259 1699 285 non
1715 246 1909 296 moliatur,
1924 246 2031 296 quod

90 308 140 346 ad
168 307 280 345 huius
308 305 505 345 Ecclesiae
532 304 729 343 interitum
757 305 793 342 &
823 303 980 342 exitium
1009 302 1200 352 pertinere
1232 308 1351 351 putet.
1385 302 1435 339 Et
1461 303 1566 338 certe
1595 300 1801 349 quomodo
1830 313 1897 339 rex
1927 307 2032 338 esset

90 367 291 409 aeternus,
328 359 401 398 nisi
434 359 595 396 haberet
631 369 793 407 regnum
831 364 1049 405 aeternum,
1088 355 1196 405 quod
1231 367 1383 404 semper
1417 353 1724 403 administraret,
1768 355 1801 392 δε
1830 353 2032 401 subditos,

94 425 193 463 quos
221 415 410 463 perpetuo
440 408 611 461 regeret?

154 480 210 505 11.
265 468 418 504 Interea
448 477 530 503 non
560 475 747 514 negamus
776 463 1046 512 particularem
1077 462 1200 510 hanc,
1230 462 1290 500 vel
1320 461 1426 498 illam
1455 460 1690 507 Ecclesiam,
1722 472 1835 509 posse
1849 460 2035 506 deficere,

94 521 172 558 imo
201 520 393 569 quaslibet
420 517 670 567 particulares
702 516 896 555 Ecclesias
924 516 973 554 ad
1002 528 1088 553 eam
1117 515 1352 564 paucitatem
1382 527 1498 563 posse
1522 513 1657 563 redigi,
1683 520 1722 551 vt
1749 526 1830 551 non
1846 513 1893 551 sit
1908 513 2035 561 aliqua

94 572 238 611 Christi
267 585 358 610 vera
384 570 544 609 visibilis
572 570 749 608 Ecclesia
780 569 929 607 mundo
957 568 995 606 in
1029 567 1138 606 terris
1166 567 1321 617 publice
1345 573 1457 612 nota3
1482 580 1566 606 eam
1583 567 1685 605 enim
1701 568 1897 605 interdum
1913 574 2035 604 exter-

93 638 187 663 num
217 636 329 663 suum
359 624 609 674 splendorem
638 623 831 672 amittere,
860 621 1065 660 hominum
1093 622 1231 660 oculos
1254 622 1392 667 latere,
1417 620 1601 670 &paucis
1617 620 1842 659 hominibus
1857 626 2036 658 constare

96 678 326 728 asserimus,
355 678 386 716 si
415 677 536 716 modo
566 676 754 726 reliquam
784 675 1072 714 multitudinem
1105 682 1347 725 spectemus:
1377 673 1479 712 vnde
1504 680 1608 724 patet
1624 673 1842 712 Ecclesiam
1858 686 1938 711 non
1955 685 2038 711 esse

96 731 135 769 in
165 744 241 769 vna
271 731 365 769 sede
391 732 580 781 perpetuo
608 731 644 768 &
672 729 871 768 visibiliter
899 729 1136 769 duraturam,

151 798 211 824 12.
271 786 478 823 Praeterea
506 783 726 822 Ecclesiam
757 781 1004 822 Catholicam
1031 781 1070 819 in
1098 793 1139 820 se
1168 780 1455 819 consideratam
1485 793 1612 819 errare
1641 793 1720 819 non
1750 793 1864 830 posse
1879 779 2038 818 certissi-

97 849 205 876 mum
233 844 309 888 est,
340 838 435 876 dum
464 836 752 887 consideratur,
781 843 822 874 vt
850 842 977 874 totum
1008 846 1153 884 corpus
1180 833 1331 872 vnitum
1358 833 1476 884 capiti
1503 845 1593 884 suo,
1624 834 1660 871 &
1681 833 1816 873 viuens
1830 834 1869 872 in
1885 832 2042 871 Christo

97 892 147 930 de
188 890 323 941 spiritu
365 889 466 929 eius:
509 892 560 929 ab
601 903 649 929 eo
692 890 796 928 enim
838 888 890 927 ita
918 887 1155 936 viuificatur,
1184 889 1219 925 δε
1247 886 1410 937 regitur,
1439 893 1480 925 vt
1508 899 1594 925 eam
1622 893 1746 930 totam
1773 887 1888 926 simul
1915 899 2044 925 errare

99 956 313 993 numquam
343 943 465 993 sinat,
494 944 599 982 vnde
629 942 767 982 merito
796 943 981 981 columna
1010 940 1180 979 veritatis
1208 939 1286 978 dici
1314 946 1454 990 potest.
1491 941 1629 990 Longe
1658 946 1787 979 autem
1816 941 1931 978 aliam
1960 952 2044 978 esse

98 997 291 1036 rationem
318 996 419 1036 illius
448 997 670 1045 Ecclesiae,
700 1008 800 1046 quae
830 996 868 1034 in
897 994 1009 1033 terris
1037 1001 1115 1044 est,
1143 992 1371 1044 didicimus,
1400 1005 1480 1031 non
1510 993 1613 1031 enim
1638 993 1676 1031 in
1692 993 1875 1032 omnibus
1891 1006 2044 1043 semper

98 1051 205 1089 audit
247 1052 283 1089 δι
323 1050 497 1100 sequitur
524 1063 666 1089 vocem
695 1049 866 1088 Pastoris
894 1047 973 1096 sui,
1004 1049 1039 1085 δε
1068 1060 1154 1085 eam
1184 1059 1231 1084 ex
1258 1053 1368 1096 parte
1397 1047 1548 1085 tantum
1576 1046 1709 1085 videre
1738 1048 1773 1084 &
1803 1058 2044 1097 cognoscere

99 1103 194 1142 dicit
221 1105 450 1154 Apostolus,
476 1104 574 1142 Inde
602 1103 775 1153 sequitur
805 1101 1090 1152 perfectionem
1120 1099 1303 1139 scientiae
1332 1112 1419 1137 eam
1449 1099 1488 1138 in
1502 1101 1580 1138 hoc
1595 1101 1744 1138 mundo
1760 1099 1946 1150 consequi
1963 1112 2043 1137 non

98 1170 231 1207 posse,
270 1157 341 1196 sed
369 1160 509 1196 contra
537 1156 733 1196 erroribus
763 1156 950 1194 infectam
979 1167 1086 1203 esse,
1113 1166 1194 1191 non
1223 1159 1354 1192 tamen
1381 1153 1565 1203 finaliter,
1594 1166 1668 1191 nec
1697 1153 1814 1192 etiam
1842 1154 2045 1203 vniuerse3

97 1210 315 1249 Ecclesiam
357 1213 451 1249 vero
491 1212 615 1261 hanc,
656 1211 719 1248 vel
742 1209 871 1259 illam,
896 1215 938 1255 vt
965 1209 1212 1254 Romanam,
1240 1218 1320 1244 non
1352 1207 1474 1245 modo
1504 1219 1656 1255 errare,
1685 1208 1755 1246 sed
1785 1206 1901 1245 etiam
1930 1206 2044 1244 obrui

98 1265 256 1303 tandem
286 1263 500 1315 erroribus,
529 1264 565 1302 δε
593 1264 708 1314 plane
737 1263 906 1301 deficere
934 1274 1050 1311 posse
1079 1258 1316 1310 experientia
1342 1259 1489 1298 docuit.

955 1383 1192 1424 Corollaria.

152 1495 293 1531 Errant
320 1493 433 1544 igitur
463 1492 529 1543 qui
560 1495 783 1531 Romanam
812 1490 1058 1530 Catholicam
1086 1489 1306 1527 Ecclesiam
1335 1488 1490 1529 dicunt:
1520 1490 1615 1540 quid
1631 1489 1736 1528 enim
1752 1491 1829 1528 hoc
1845 1497 1901 1528 est
1915 1489 2043 1538 aliud,

99 1549 215 1595 quam
245 1548 383 1585 orbem
414 1545 453 1584 in
482 1547 577 1584 vrbe
606 1544 830 1584 includere?
858 1544 983 1594 Impie
1012 1543 1127 1582 etiam
1155 1554 1384 1581 accusamur
1408 1543 1889 1588 &nogaciagaCatholica
1903 1543 2046 1581 Christi

100 1600 296 1645 Ecclesia..
325 1599 504 1649 illiusque
532 1600 719 1638 vnitatem
749 1597 951 1648 abrupisse
981 1599 1078 1635 falso
1108 1596 1399 1645 insimulamur,
1423 1601 1545 1647 &pro
1562 1596 1828 1635 schismaticis
1843 1598 2046 1644 habemur,

101 1653 167 1702 qui
195 1656 218 1691 a
248 1655 446 1702 Romana,
475 1653 513 1691 id
544 1660 621 1703 est,
647 1651 891 1703 particulari,
920 1652 956 1689 δι
985 1650 1201 1701 aequiuoce
1232 1649 1356 1699 dicta,
1386 1650 1647 1690 discessimus.

647 1970 791 2007 XLIV.
848 1970 933 2007 DE
978 1969 1336 2008 ECCLESIA
1377 1969 1509 2006 DEI.

177 2103 284 2146 Cam
330 2112 463 2146 extra
505 2105 781 2155 Ecclesiam,
822 2120 933 2159 quae
974 2112 1041 2146 est
1070 2106 1224 2147 domus
1257 2107 1302 2147 ἃ
1323 2104 1520 2158 familia
1551 2104 1659 2152 Dei,
1694 2117 1779 2144 που
1812 2103 1874 2144 sit
1905 2103 2054 2149 salus,

106 2172 158 2207 vt
192 2180 267 2206 uec
300 2173 432 2207 extra
472 2165 701 2208 Christum
736 2167 979 2208 Dominum
1013 2168 1058 2208 ὅ
1093 2166 1314 2220 Sponsam
1347 2165 1461 2213 eins,
1496 2165 1616 2206 ratio
1638 2164 1864 2218 postulat,
1897 2170 1946 2205 vl
1961 2177 2055 2204 eam

102 2227 239 2279 probi·
282 2234 430 2268 votam
474 2227 731 2277 habeamus,
776 2229 839 2268 ad
875 2242 1006 2281 qitam
1050 2234 1258 2283 tanquam
1293 2227 1492 2267 Matrem
1519 2229 1728 2279 germani
1758 2225 1879 2279 Filij
1908 2225 2057 2278 corifu-

103 2288 307 2336 gimnus,
357 2290 401 2329 &
435 2289 562 2329 cuius
595 2292 729 2343 opera
761 2293 878 2330 emm·
911 2289 1002 2329 cibo
1035 2289 1279 2342 spirituali
1310 2288 1492 2328 alamur
1519 2294 1604 2340 per
1637 2286 1866 2340 Spiritum
1901 2285 1947 2327 S.
1981 2285 2058 2339 qui

109 2354 175 2389 est
206 2349 346 2402 ipsius
377 2349 610 2391 Ecclesiae
641 2350 808 2391 anima.
842 2348 889 2406 (f.
930 2355 1074 2403 1709.)

936 2475 1156 2512 THEsls
1197 2475 1228 2512 Ι.

169 2591 387 2629 Ecclesiam
418 2604 525 2641 esse,
552 2591 715 2642 impium
746 2599 804 2631 est
830 2593 935 2643 apud
966 2592 1205 2630 Christianos
1234 2591 1272 2629 in
1301 2590 1464 2629 dulcium
1493 2602 1695 2629 reuocare.
1724 2591 1824 2629 Ciim
1841 2588 1944 2628 enim
1960 2601 2058 2628 vnus

106 2644 154 2681 sit
183 2644 314 2692 Deus,
343 2646 478 2693 Pater,
508 2646 723 2695 Mediator,
754 2645 938 2696 Spiritus,
968 2652 1105 2695 caput,
1135 2645 1256 2695 fides,
1285 2657 1390 2695 spes,
1420 2648 1626 2694 regmimq.
1653 2643 1926 2693 vnum3etiam
1942 2655 2054 2693 pecu-

105 2697 223 2747 lium,
253 2711 434 2748 gregem,
464 2711 671 2748 sponsam,
701 2711 868 2749 corpus.
896 2701 1105 2748 Matremq.
1135 2706 1310 2736 nostram
1337 2711 1475 2747 vnam,
1497 2698 1678 2736 nimirum
1695 2697 1935 2748 superiorem
1952 2697 2056 2734 illam

108 2750 385 2802 Hierusalem,
416 2764 500 2790 esse
527 2765 688 2791 necesse
712 2760 782 2791 est.
808 2753 915 2804 Epi.
943 2766 979 2800 4.
1009 2766 1045 2799 4.
1075 2753 1125 2790 ὃν
1153 2763 1189 2802 5.
1222 2753 1313 2789 Gal.
1343 2765 1378 2798 4.
1411 2754 1472 2789 26.

1799 2816 1841 2842 2.
1883 2802 2058 2842 Ecclesia
