2334 3020
227 105 297 141 166
823 107 1041 134 THESES
1082 106 1514 135 THEoLooicAE.

276 233 310 268 3.
366 221 426 256 Ac
453 217 622 275 denique
650 228 785 254 eorum
813 216 878 265 qui
905 215 1105 252 hominem
1132 222 1320 264 negarunt
1346 227 1544 264 peccasse,
1573 225 1622 252 eo
1650 215 1757 263 quod
1785 216 1997 263 Apostolus
2027 214 2141 265 dicit,

222 274 368 322 Legem
409 282 488 307 non
529 269 622 318 poni
659 268 765 306 iustis
806 269 873 306 sed
908 267 1196 326 peccatoribus.
1241 281 1271 304 1.
1300 267 1401 305 'lim
1444 281 1476 306 1.
1515 280 1550 316 9.
1580 270 1615 305 δε
1644 268 1738 305 (111111
1767 269 1934 304 fatentur
1960 279 2142 316 peccasse

222 325 321 362 adeo
350 328 576 371 extenuant,
604 327 645 358 vt
673 322 809 370 culpae
837 327 983 370 partem
1011 320 1177 358 creatori
1203 318 1385 358 tribuant.

651 602 757 640 XIX.
812 592 898 638 DE
940 600 1264 638 PECCATO
1307 599 1707 637 ORIGINALI.

959 721 1175 757 ΤΗΕ515
1217 729 1409 758 PRIMA.

1165 817 1175 835 Χ

277 853 306 877 1.
365 841 423 876 Ex
458 839 524 877 illo
561 838 704 876 Adami
741 839 870 888 lapsu,
898 838 947 875 de
976 847 1055 886 quo
1083 836 1261 886 proxime
1289 843 1419 874 actum
1447 844 1522 887 est,
1554 839 1742 887 processit
1769 840 1875 876 labes
1904 849 2149 888 posterorum

221 892 417 940 omnium,
445 891 512 941 qui
540 904 586 929 ex
614 903 662 929 eo
691 891 906 928 secundum
935 896 1114 928 naturam
1142 896 1425 940 prouenerunt,
1453 892 1489 927 &
1516 897 1724 940 peccatum
1752 891 1870 942 illud,
1899 892 2007 940 quod
2035 891 2151 940 origi-

220 946 306 983 nale
342 946 460 994 vulgo
496 943 577 982 siue
606 942 857 994 originarium
885 944 1144 993 appellamus:
1177 942 1512 992 quemadmodum
1540 945 1755 993 Apostolus
1783 945 1967 994 affirmat,
1997 944 2150 994 dicens,

221 1011 289 1048 per
323 1008 442 1036 vnum
472 996 672 1036 hominem
701 1002 906 1046 peccatum
935 996 973 1034 in
1000 996 1105 1034 hunc
1133 995 1322 1034 mundum
1351 995 1572 1046 intrauisse,
1603 997 1638 1034 &
1666 996 1718 1034 ita
1743 996 1783 1035 in
1812 1009 1946 1035 omnes
1974 997 2150 1035 homines

223 1057 391 1089 mortem
418 1049 692 1100 pertransiisse.

278 1117 309 1140 2.
366 1104 436 1141 Est
477 1109 607 1141 autem
645 1107 848 1152 peccatum
888 1100 1138 1151 originarium
1174 1101 1325 1139 habitus
1363 1100 1542 1151 vitiosus,
1571 1113 1640 1140 seu
1667 1101 1876 1152 vitiositas,
1904 1102 1980 1151 (11121
2008 1102 2151 1152 posteri

223 1169 380 1206 omnes,
408 1155 474 1205 qui
501 1156 657 1194 Adamo
686 1156 791 1193 velut
819 1154 1020 1192 communi
1047 1153 1239 1204 principio
1268 1153 1420 1203 generis
1448 1153 1570 1192 nostri
1586 1156 1801 1194 secundum
1816 1161 1975 1193 naturae
1989 1156 2152 1193 modum

223 1216 505 1259 propagantur,
535 1207 727 1258 corrupti,
759 1210 793 1246 &
822 1213 1048 1256 peccatores
1075 1208 1126 1246 ab
1154 1219 1200 1245 eo
1233 1205 1451 1256 constituti,
1480 1211 1612 1256 reique
1641 1209 1776 1257 culpae
1801 1210 1836 1246 81
1861 1220 2011 1258 poenae
2029 1207 2154 1246 effecti

224 1270 330 1300 sunt:
361 1268 476 1311 prout
506 1261 655 1299 notauit
683 1261 917 1310 Apostolus
947 1260 1099 1310 dicens,
1128 1261 1211 1298 Nos
1241 1265 1376 1297 natura
1405 1259 1484 1298 irae
1512 1260 1623 1299 filios.
1652 1262 1757 1312 Eplc
1792 1275 1824 1299 2.
1853 1275 1889 1310 3.

277 1327 312 1363 3.
367 1315 541 1352 Habztus
579 1320 636 1352 est
672 1315 886 1352 naturalem
920 1313 1157 1362 potentiam,
1193 1323 1293 1362 quae
1321 1312 1359 1350 in
1387 1313 1543 1351 Adamo
1572 1313 1621 1351 ad
1649 1313 1856 1360 vtrumuis,
1884 1315 2035 1352 bonum
2062 1319 2154 1363 puta

224 1369 259 1406 &
287 1369 452 1418 malum,
482 1367 604 1405 libera
631 1368 774 1414 fuerat,
803 1365 1064 1404 determinans
1091 1365 1318 1404 conditione
1345 1365 1453 1403 mali:
1486 1378 1584 1415 quae
1613 1367 1813 1417 conditio,
1842 1379 1922 1405 non
1945 1366 2070 1404 infusa
2097 1373 2156 1404 est
2198 1368 2201 1371 ’

224 1423 329 1479 (nam
356 1416 430 1458 Dei
458 1419 576 1458 solius
605 1427 662 1457 est
689 1418 913 1468 infundere,
942 1420 1087 1456 malum
1115 1425 1246 1456 autem
1277 1431 1357 1456 non
1384 1417 1551 1457 infundit
1579 1420 1702 1467 Deus)
1731 1396 1813 1457 nori
1832 1426 2019 1468 acqulsita
2034 1419 2156 1456 imita

224 1473 328 1511 tione
372 1474 479 1522 (nam
519 1472 692 1511 actiones
734 1478 822 1510 sunt
863 1470 1134 1521 singularium,
1169 1483 1242 1509 nos
1277 1478 1407 1509 autem
1435 1470 1573 1521 singuli
1600 1485 1681 1510 non
1709 1471 1968 1521 acquirimus,
1997 1484 2084 1510 cum
2113 1471 2151 1509 111

223 1525 413 1574 acquisito
453 1527 530 1564 hoc
572 1526 676 1563 malo
717 1525 935 1572 nascamur)
976 1525 1045 1563 sed
1081 1523 1283 1573 naturalis,
1324 1523 1406 1562 siue
1435 1526 1491 1571 (vt
1526 1525 1752 1573 loquuntur)
1782 1532 1969 1575 connata,
1998 1537 2076 1563 non
2106 1537 2153 1562 ex

226 1578 445 1617 communis
482 1585 640 1616 naturae
674 1580 790 1627 (quae
827 1579 862 1615 &
897 1577 1041 1615 Adami
1068 1576 1106 1614 in
1134 1576 1353 1627 integritate
1380 1577 1468 1626 fuit,
1498 1579 1533 1615 δι
1562 1577 1707 1616 Christi
1735 1577 1954 1615 communis
1983 1578 2056 1624 est)
2085 1577 2153 1614 sed

225 1631 468 1670 instrumenti
495 1630 710 1681 primigenij
737 1629 853 1680 vitio,
882 1642 929 1667 ex
958 1641 1037 1679 quo
1067 1642 1203 1668 omnes
1232 1629 1516 1668 descenderunt
1546 1629 1778 1668 naturaliter.

278 1698 314 1731 4.
370 1683 497 1722 Huius
527 1682 653 1721 vitiosi
680 1682 834 1722 habitus
862 1684 1024 1721 materia
1052 1682 1133 1720 siue
1161 1682 1378 1721 subiectum
1407 1688 1463 1720 est
1491 1683 1612 1721 homo
1641 1683 1858 1722 secundum
1882 1695 2016 1721 omnes
2040 1683 2156 1720 facul-

226 1743 322 1775 tates
348 1736 446 1787 eius,
475 1736 515 1775 in
542 1736 719 1786 Adamo,
748 1737 783 1773 &
811 1748 858 1773 ex
885 1736 1040 1773 Adamo
1071 1736 1173 1773 velut
1203 1735 1404 1773 communi
1431 1734 1623 1785 principio
1651 1749 1697 1774 ac
1720 1735 1850 1773 radice
1866 1735 2018 1784 generis
2034 1734 2156 1773 nostri

225 1790 466 1828 descendens
492 1788 727 1827 naturaliter.
768 1789 870 1826 Nam
898 1788 937 1825 in
963 1789 1121 1826 Adamo
1151 1787 1279 1838 priore
1304 1794 1386 1826 tota
1410 1788 1557 1837 species
1582 1788 1761 1838 deposita
1775 1789 2035 1826 fuerataDeo
2051 1793 2157 1825 natu-

225 1842 372 1892 raliter,
400 1842 440 1879 in
467 1853 545 1892 quo
576 1854 713 1880 omnes
741 1847 1023 1891 peccauerunt,
1045 1840 1150 1879 &rel
1164 1840 1256 1879 fact1
1271 1847 1378 1891 sunt
1394 1841 1428 1878 &
1444 1840 1508 1899 filij
1525 1841 1654 1879 irae&
1671 1840 1952 1879 maledictionis
1966 1847 2157 1878 aeternae.

280 1906 314 1944 5.
370 1897 517 1933 Forma
558 1901 634 1946 est,
673 1907 754 1932 non
792 1895 918 1933 solum
954 1894 1124 1932 carentia
1150 1892 1325 1943 puritatis
1353 1895 1388 1931 &
1417 1893 1584 1932 iustitiae
1612 1898 1670 1943 (vt
1697 1893 1826 1932 verbis
1854 1894 2029 1931 Anselmi
2059 1895 2158 1941 vtar)

225 1947 422 1998 originalis
455 1947 608 1987 debitae
636 1947 783 1997 inesse,
821 1948 926 1985 velut
957 1946 996 1984 in
1023 1947 1150 1996 primo
1178 1953 1337 1996 parente
1364 1953 1547 2005 acceptae
1575 1948 1667 1995 (hoc
1696 1946 1799 1985 enim
1827 1945 2054 1996 priuationis
2081 1952 2158 1995 est,

226 2012 325 2050 quae
352 2000 446 2038 nihil
473 2001 602 2051 ponit,
630 2011 756 2049 neque
784 1999 863 2050 agit
889 2012 957 2049 per
984 2002 1040 2049 se)
1072 2000 1141 2038 sed
1168 1999 1321 2038 habitus
1349 1998 1608 2049 corruptionis
1636 2001 1671 2037 &
1699 1999 1905 2038 iniustitiae
1933 1999 1984 2037 ad
2012 1975 2158 2037 malum'

225 2054 412 2092 duntaxat
438 2053 594 2104 habilis,
623 2054 658 2091 &
687 2053 872 2092 aduersus
899 2060 1101 2102 acceptam
1124 2053 1230 2091 illam
1249 2055 1284 2091 &
1299 2051 1470 2090 debitam
1491 2051 1697 2102 puritatem
1712 2055 1747 2091 &
1762 2051 1944 2090 iustitiam
1958 2063 2157 2101 pugnans:

226 2106 557 2165 quemadmodum
585 2105 638 2144 ait
662 2107 770 2145 Deus
806 2106 938 2144 Genes.
969 2107 1004 2143 6.
1036 2107 1084 2143 ἐφ’
1113 2108 1148 2143 8.
1177 2107 1278 2143 Nam
1307 2111 1346 2143 vt
1373 2104 1450 2143 vita
1478 2118 1631 2155 semper
1658 2105 1737 2155 agit
1767 2105 1860 2143 dum
1889 2104 2076 2154 viuimus,
2102 2104 2156 2142 sic

226 2159 342 2197 etiam
371 2160 571 2198 facultates
598 2158 862 2198 indesinenter
889 2157 1040 2197 viuunt.
1072 2170 1172 2208 quae
1203 2157 1292 2208 quia
1318 2159 1426 2196 bono
1453 2157 1625 2207 priuatae
1653 2164 1761 2209 sunt,
1790 2161 1813 2196 a
1839 2156 2044 2196 vitiositate
2071 2163 2159 2195 actu

227 2212 354 2261 p1imo
384 2211 466 2261 (qui
493 2212 597 2250 idem
624 2219 682 2250 est
709 2211 880 2260 habitus)
909 2218 1162 2261 occupantur

281 2267 316 2303 6.
374 2264 504 2303 Causa
543 2265 714 2314 efficzens
757 2271 813 2303 est
853 2264 983 2302 Adam
1027 2267 1061 2303 &
1098 2265 1204 2314 Eua,
1240 2252 1354 2313 primi
1382 2270 1560 2313 parentes
1588 2263 1723 2303 nostri
1764 2265 1888 2302 Nam.
1917 2263 2007 2301 cum
2034 2263 2152 2301 totius

227 2316 377 2368 generis
418 2317 539 2355 nostri
570 2319 593 2355 a
629 2318 717 2356 Deo
749 2316 789 2355 in
817 2324 952 2355 natura
981 2316 1213 2376 principium
1240 2317 1532 2355 instrumentale
1559 2317 1689 2355 Adam
1718 2307 1948 2355 constitutus
1976 2321 2076 2354 esset
2103 2316 2153 2354 ad

225 2370 544 2420 propagationem
581 2370 754 2420 generis,
788 2372 823 2408 &
860 2370 1020 2419 quidem
1047 2370 1342 2408 instrumentum
1370 2369 1647 2419 voluntarium,
1677 2376 1719 2407 vt
1744 2375 1888 2407 vocant
1909 2367 2084 2417 Physici,
2112 2367 2152 2406 id

227 2424 373 2461 malum
411 2422 513 2461 effici
548 2430 612 2461 aut
649 2426 672 2460 a
699 2424 808 2474 Deo,
837 2429 902 2461 aut
928 2425 951 2460 a
978 2423 1144 2473 Natura,
1172 2429 1237 2460 aut
1264 2423 1314 2460 ab
1342 2424 1604 2460 Instrumento
1633 2421 1815 2472 singulari
1843 2420 2024 2471 oportuit.
2061 2422 2152 2458 Non

227 2482 356 2513 autem
385 2489 408 2513 a
438 2477 548 2525 Deo,
575 2475 641 2525 qui
667 2476 911 2514 instrumenti
938 2475 1128 2514 voluntati
1154 2474 1325 2525 permisit
1352 2475 1431 2513 vias
1460 2486 1568 2525 suas,
1597 2476 1632 2512 &
1659 2481 1804 2513 rectam
1833 2473 1985 2512 docuit:
2007 2475 2106 2532 ‘Non
2129 2487 2152 2511 a

227 2530 392 2579 Natura,
415 2539 514 2578 quae
529 2527 656 2566 fundit
670 2529 818 2577 solum,
834 2541 912 2567 non
927 2527 1025 2578 regit
1039 2528 1322 2567 voluntarium:
1351 2528 1472 2577 Igitur
1485 2528 1535 2565 ab
1552 2527 1839 2566 Instrumentali
1853 2525 2043 2576 principio
2059 2525 2151 2564 eius.

282 2593 315 2628 7.
371 2583 516 2619 llsodus
552 2581 765 2619 effectionis
793 2581 899 2619 istius
928 2594 975 2619 ex
1002 2581 1138 2619 ordine
1167 2581 1436 2631 cognoscitur,
1465 2592 1581 2630 quem
1609 2582 1739 2630 Deus,
1767 2581 1934 2630 Natula,
1961 2581 1996 2617 &
2026 2578 2150 2629 singu-

228 2635 307 2671 lare
334 2635 637 2672 Instrumentum
666 2634 795 2672 Adam
825 2633 1060 2672 obseruauit.
1087 2635 1187 2672 Nam
1216 2635 1343 2683 Deus,
1372 2639 1488 2684 prout
1515 2633 1650 2672 ordine
1680 2632 1885 2672 creationis
1913 2643 2004 2670 suae
2027 2637 2154 2670 totum

228 2688 441 2724 humanum
469 2699 589 2738 genus
617 2686 656 2724 in
683 2687 838 2725 Adamo
866 2694 1050 2736 posuerat
1078 2699 1146 2737 per
1173 2688 1381 2737 Naturam,
1409 2685 1461 2724 ita
1491 2686 1627 2724 ordine
1652 2685 1817 2724 iustitiae
1831 2696 1922 2724 suae
1937 2683 2155 2744 totigeneri

229 2739 268 2776 in
296 2739 473 2790 Adamo,
501 2740 540 2778 in
569 2751 647 2789 quo
675 2740 942 2791 peccauimus,
971 2739 1139 2791 dixerat,
1176 2741 1261 2789 Quo
1288 2740 1347 2777 die
1374 2741 1577 2778 comederas
1604 2741 1648 2778 de
1665 2739 1808 2789 fructu
1836 2740 1937 2784 ἀΐω,-
1922 2738 2151 2826 '‘wiffam-s·

2045 2795 2155 2827 atura
