2334 3020
192 95 243 132 34
837 86 1106 118 FRANCISCI
1141 85 1277 119 JUNII
1318 84 1454 110 VITA.

243 199 377 235 Restat
405 201 444 233 vt
473 195 552 232 duo
582 192 743 230 seorsim
772 190 979 240 explicem7
1010 191 1058 228 de
1087 189 1298 238 coniugiis5
1327 189 1362 226 ἅ*
1391 188 1439 226 de
1467 187 1619 237 scriptis
1648 186 1765 236 meis,
1795 198 1963 236 quorum
1984 198 2115 224 recen-

189 251 338 289 sionem
379 261 436 286 ex.
467 259 527 285 me
567 246 716 295 aliquot
758 244 852 282 boni
892 244 1122 293 petiuerunt.
1163 244 1208 279 In
1244 241 1434 291 coniugiis
1462 240 1564 277 varie
1592 253 1654 277 me
1692 239 1915 288 duriterque
1944 239 2113 276 exercuit

188 302 393 341 Dominus.
429 301 531 337 Nam
571 304 736 347 quatuor
769 308 907 334 vxores
949 295 1041 334 duxi
1075 296 1278 332 hactenus:
1315 294 1413 331 adeo
1444 305 1506 330 me
1534 293 1618 341 (qui
1643 292 1747 342 prius
1775 299 1935 341 propter
1963 303 2103 329 eanum

187 355 392 405 impiarum
439 352 583 390 scelera
623 352 646 387 a
686 348 861 388 faeminis
903 348 1163 385 abhorrebam
1181 376 1192 396 5
1233 348 1269 384 &
1310 344 1518 384 functionis
1561 358 1669 382 meae
1710 344 1837 382 studio
1880 343 2104 392 coniugium

187 407 424 457 refugiebam
459 402 785 454 peruicacissime)
823 400 1023 450 castigauit
1055 401 1266 447 Dominus,
1299 405 1591 447 praeposterum
1617 397 1803 435 iudicium
1832 409 1962 434 meum
1990 396 2104 434 tacite

189 457 457 509 exprobrauit,
510 458 545 494 &
595 452 834 505 periucunda
869 453 1103 502 optimarum
1143 451 1529 500 fidelissimarumque
1570 449 1781 499 coniugum
1823 449 2104 487 consuetudine

189 512 304 551 euicit
331 517 554 561 peccatum,
582 507 860 556 indignamque
889 506 938 543 de
965 517 1058 543 sexu
1085 504 1281 542 foemineo
1303 510 1386 541 toto
1411 502 1637 552 opinionem
1661 515 1802 541 meam.
1830 502 1979 540 Primae
1993 501 2106 539 vxori

189 577 334 603 nornen
370 563 440 601 fuit
473 563 604 611 Agne‚
639 565 752 597 natae
783 558 1006 597 Guillielmo
1036 556 1256 606 Champion
1283 556 1469 594 Actuario
1494 555 1599 594 vrbis
1627 555 1872 606 Leodiensis‚
1902 554 2107 593 Consulari

189 618 293 656 viro:
330 615 521 654 secundae
549 612 794 651 Elisabethae
821 613 968 648 Ioanne
995 609 1184 658 Corputio
1213 615 1326 646 natae
1363 609 1535 657 Actua(f.
1565 607 1702 657 21.)rio
1730 609 1909 646 Bredano
1939 609 1973 645 δε
2003 608 2105 645 Con-

190 671 289 708 sule:
332 669 488 717 tertiae⁷
530 669 701 704 Ioannae
735 670 849 703 natae
885 663 1044 701 Simone
1084 662 1256 700 Lerniita
1296 661 1470 699 Domino
1504 661 1545 698 in
1581 660 1789 711 Bemmari,
1817 659 2104 710 Antuerpianae

187 721 421 772 reipublicae
462 718 649 758 Scabino:
691 724 851 766 quartae
891 716 1058 766 Mariae,
1099 721 1213 753 natae
1247 716 1395 753 Ioanne
1437 715 1619 764 Glasero⁷
1647 714 1713 763 qui
1750 714 1844 752 olim
1871 713 2104 764 gemmarius

186 773 423 823 Antuerpiae
458 772 528 810 fuit
555 769 803 821 percelebris.
844 770 999 807 Harum
1024 768 1191 818 primam
1217 767 1356 805 iniuria
1382 766 1601 805 obstetricis
1629 768 1650 804 e
1678 767 1756 804 vita
1784 767 1955 816 sustulit„
1982 778 2103 815 quum

183 828 235 865 ita
266 832 469 875 corruptus
497 825 537 862 in
564 822 816 862 obstetricatu
842 821 975 860 fuisset
1001 821 1101 859 illius
1129 827 1278 872 vterus,
1307 827 1349 859 vt
1375 833 1499 858 annos
1522 818 1685 869 amplius
1701 825 1849 868 septem
1863 818 2104 857 indesinente

184 879 378 930 sanguinis
414 875 607 927 profluuio
643 876 785 913 afflicta
822 874 869 913 sit
898 881 1015 925 atque
1049 875 1254 924 exhausta,
1292 873 1512 912 incredibili
1540 871 1713 910 cruciatu
1741 871 1879 922 ipsius,
1907 873 1943 910 δι
1968 872 2104 909 labore

184 945 286 971 meo.
328 931 569 980 Secundam,
611 928 725 967 febris
765 929 906 966 ardens
947 928 1010 966 die
1051 927 1209 978 quinto,
1246 926 1467 977 grauidam:
1504 924 1657 964 tertiam
1685 926 1870 974 hydrops.
1912 926 2001 962 Hae
2028 931 2104 962 tres

183 984 419 1023 sanctissime
457 981 780 1021 obdormiuerunt
820 980 859 1018 iii
893 981 1089 1031 Domino,
1118 981 1154 1017 δε
1180 979 1460 1018 sanctissimam
1488 978 1547 1017 sui
1574 977 1884 1016 recordationem
1912 977 2104 1027 superstiti

183 1038 428 1088 reliquerunt.
456 1037 517 1073 Ex
543 1035 667 1084 prima
690 1034 844 1084 gemelli
870 1033 933 1071 vix
960 1034 1140 1071 viderunt
1167 1034 1321 1071 lucem:
1351 1046 1398 1071 ex
1421 1031 1592 1071 secunda
1618 1030 1729 1068 liberi
1757 1029 1934 1080 quaterni
1953 1032 2107 1067 suerunt

181 1090 220 1128 in
261 1093 389 1128 lucem
427 1089 539 1138 editi,
574 1090 595 1125 e
624 1087 763 1138 quibus
791 1087 1012 1136 superstites
1039 1088 1206 1124 Ioannes
1236 1085 1444 1124 Casimirus
1474 1085 1591 1134 filius,
1622 1084 1657 1121 ἃ
1685 1083 1785 1121 filiae
1815 1083 1931 1133 duae,
1961 1082 2105 1133 Maria,

180 1143 512 1191 Elisabethaque:
543 1153 589 1179 ex
617 1140 727 1179 tertia
754 1140 856 1186 bini,
886 1142 1036 1178 Ioanna
1065 1141 1101 1178 ἃ
1130 1139 1372 1177 Franciscus.

237 1248 464 1286 Recordare
503 1246 597 1297 mei,
637 1246 808 1284 Domine
851 1246 957 1284 Deus
986 1245 1060 1297 mi3
1089 1257 1160 1294 pro
1192 1244 1455 1284 misericordia
1483 1251 1568 1288 tua,
1599 1243 1633 1279 &
1661 1254 1813 1292 gressus
1844 1253 1952 1279 meos
1980 1241 2101 1290 dirige

183 1301 222 1339 in
250 1301 406 1339 veritate
434 1307 518 1350 tua,
544 1305 586 1337 vt
613 1299 779 1337 doceam
807 1298 846 1336 ἃ
873 1299 1011 1337 faciam
1039 1298 1146 1347 quod
1174 1298 1302 1348 iubes7
1335 1298 1371 1334 δι
1399 1297 1623 1335 aedificetur
1637 1296 1814 1334 Ecclesia
1829 1302 1894 1333 tua
1908 1307 1977 1344 per
1993 1301 2107 1332 tenue

184 1353 433 1392 ministerium
459 1358 635 1390 nostrum
662 1352 898 1402 amplissima
925 1351 1199 1389 benedictione
1228 1357 1292 1388 tua
1320 1351 1359 1388 in
1388 1350 1543 1388 Christo
1571 1351 1658 1386 Iesu
1688 1349 1859 1386 Domino
1889 1354 2039 1385 nostro.

303 1697 607 1751 SEQUITUR
639 1698 853 1754 BREVIS
886 1699 1207 1741 NARRATIO
1239 1699 1323 1739 DE
1355 1697 1567 1740 MORBO
1599 1696 1678 1737 ET
1708 1693 1984 1736 PLACIDO.

811 1783 865 1822 D.
901 1782 981 1822 FR.
1017 1782 1170 1834 JUNII
1204 1781 1387 1823 OBITU
1427 1781 1484 1838 1).

240 1905 349 1952 QUID
391 1903 535 1942 felicius
575 1916 658 1941 esse
694 1910 822 1953 potest
858 1904 1007 1942 homini
1042 1904 1284 1954 Christiano,
1321 1907 1439 1953 quam
1466 1910 1506 1942 vt
1539 1904 1602 1953 pia
1630 1902 1727 1949 vita„
1756 1902 1807 1939 ad
1835 1900 1938 1949 piam
1969 1898 2106 1947 migra-

181 1956 345 2006 tionem,
374 1967 608 2005 quocunque
635 1957 792 1994 tandem
821 1954 913 1995 casu
940 1964 1005 1995 aut
1033 1958 1175 1995 morbo
1203 1954 1417 2007 pertingat?
1453 1958 1636 1995 Olsmibns
1664 1955 1766 1993 enim
1795 1958 1849 1991 est
1875 1951 2110 1989 eademletlaz‘

179 2010 260 2053 via,
297 2022 370 2046 non
406 2014 528 2047 lamen
561 2022 657 2048 vlms
694 2015 750 2046 esl
775 2011 874 2048 vitae
901 2011 1044 2048 cunctis
1071 2011 1250 2059 exitiique
1277 2012 1422 2048 modus.
1465 2014 1511 2047 Et
1536 2016 1577 2047 vt
1605 2008 1695 2056 varij
1727 2006 1839 2045 variis
1866 2003 2106 2054 temporibus

181 2061 306 2098 morbi
333 2068 569 2111 grassantur⁷
597 2068 734 2099 notum
763 2069 839 2111 est,
869 2063 968 2111 proli
997 2062 1130 2100 dolor!
1168 2065 1285 2112 quam
1314 2063 1431 2112 longe
1459 2064 1612 2111 late'que
1641 2060 1756 2111 pestis
1787 2057 1969 2107 contagio
1999 2056 2105 2105 vbiq.

180 2120 307 2171 serpat
334 2126 380 2150 ac
407 2114 568 2163 saeuiat,
597 2116 714 2163 quam
742 2114 954 2164 improuiso
977 2117 1011 2153 Sc
1038 2116 1288 2153 vehementer
1316 2115 1473 2164 quosuis
1501 2115 1679 2152 inuadat:
1707 2125 1784 2162 qua
1803 2113 1910 2149 Deus
1925 2109 2105 2158 Optimus

179 2166 371 2223 Maximus
398 2168 432 2203 δε
459 2166 598 2215 impios
626 2167 732 2215 ferit7
762 2175 802 2204 vt
829 2167 925 2205 iuste
953 2168 1117 2218 affligat3
1147 2169 1182 2205 δι
1211 2168 1295 2217 pios
1324 2175 1500 2217 exercet3
1526 2174 1567 2205 vt
1581 2174 1647 2205 aut
1662 2165 1852 2215 corrigat„
1876 2169 1942 2202 aut
1956 2161 2105 2211 (punita

180 2218 314 2275 mundi
341 2218 632 2268 ingratitudine,
662 2219 847 2268 malisque
875 2220 1140 2270 ingruentibus
1169 2222 1337 2270 ereptos)
1366 2221 1416 2258 ad
1445 2220 1645 2258 meliorem
1673 2218 1792 2256 vitam
1821 2217 2007 2255 traducat.
2043 2215 2103 2250 Ae

180 2282 245 2327 vn<
273 2281 495 2318 quenquam
523 2283 570 2308 ex
596 2271 784 2319 indigenis
813 2280 877 2310 aut
904 2273 1040 2311 incolis
1068 2273 1466 2322 (Lugduno--Batauis)
1483 2286 1565 2311 esse
1589 2272 1773 2320 arbitror,
1799 2269 1892 2319 quin
1915 2269 2103 2306 iacturam

181 2323 349 2380 aliquam
376 2324 426 2360 ab
454 2324 528 2381 liae
557 2323 789 2373 contagione
818 2324 857 2361 in
885 2338 942 2375 se7
972 2332 1039 2363 aut
1064 2326 1103 2363 in
1131 2326 1206 2363 suis
1235 2326 1389 2363 sentiat:
1418 2326 1470 2363 ita
1493 2334 1534 2363 ut
1556 2337 1691 2364 eorum
1706 2319 2102 2371 temporuiii‚qiiibus

183 2374 397 2433 Cyprianus
436 2382 549 2434 vixitq
593 2376 628 2412 &
664 2377 784 2414 multa
810 2377 965 2425 piorum
994 2377 1111 2416 millia
1139 2379 1212 2416 hac
1240 2379 1303 2416 lue
1330 2380 1536 2428 absumpta
1564 2385 1670 2427 sunt,
1699 2387 1919 2425 expressam
1948 2384 2104 2420 compe-

181 2438 321 2464 riamus
361 2439 579 2485 imaginem.
624 2429 716 2465 Hoc
758 2428 872 2466 etiam
912 2431 1073 2480 morbo7
1111 2443 1192 2468 non
1220 2431 1361 2468 mirum
1389 2433 1482 2481 (quo
1511 2433 1546 2469 ἃ
1574 2430 1704 2468 Dauid
1733 2431 1768 2467 ἃ*
1796 2426 1981 2465 Ezechias
2010 2424 2104 2462 olim

182 2479 334 2516 fuerunt
362 2482 467 2526 tacti)
496 2486 675 2528 correpta
702 2480 823 2530 prius7
853 2481 1142 2530 quam'fallacis
1170 2483 1283 2521 huius
1312 2484 1402 2521 mali
1430 2484 1599 2533 speciem
1627 2482 1806 2531 sens-erit,
1835 2477 2104 2517 honestissima

1823 2538 2108 2570 niatronavxor

276 2727 308 2769 1)
333 2728 515 2777 Desumpta
537 2738 556 2759 e
581 2727 709 2758 funebri
735 2729 894 2760 Oratione
917 2731 959 2761 D.
984 2732 1100 2763 Franc.
1125 2732 1260 2763 Gomari
1286 2744 1384 2773 quam
1408 2733 1522 2765 habuit
1546 2734 1577 2763 d.
1601 2733 1663 2763 VII
1687 2732 1765 2763 Kal.
1790 2729 1988 2764 Novembris
2013 2736 2100 2758 anno

191 2775 247 2801 Cro
272 2777 327 2803 loc
351 2779 375 2801 11
400 2781 434 2802 in
457 2771 621 2803 auditorio
645 2772 780 2813 publico
805 2773 980 2814 Leydensi.
