2334 3020
264 70 314 108 74
896 64 964 91 DE
1004 62 1152 90 vERA
1192 61 1549 90 THEOLOGIA.

263 175 444 215 materiae
472 172 738 222 superaddita,
767 171 802 208 &
827 183 900 221 pro
931 168 1156 208 conditione
1181 167 1365 206 materiae
1387 180 1477 206 suae
1498 168 1751 207 determinata
1765 168 1979 219 angustius,
1995 170 2180 220 finitaque

261 233 373 268 facta.
416 228 578 265 Constat
618 231 764 273 autem,
806 235 885 272 quo
925 221 1123 272 angustior
1158 222 1194 258 δι’
1229 220 1425 270 indignior
1452 221 1611 259 materia
1637 220 1702 259 illa
1730 228 1807 270 est,
1836 233 1883 258 eo
1912 222 2175 271 angustiorem

263 281 363 320 effici
404 280 592 326 formam,
632 287 733 324 quae
772 275 826 313 illi
861 274 1076 313 accesserit.
1119 274 1218 312 Cum
1245 272 1374 322 itaque
1402 273 1619 312 subiectum
1646 273 1759 312 huius
1787 274 2028 324 Theologiae
2056 277 2177 314 homo

263 333 327 384 sit,
358 331 424 381 qui
452 343 499 368 ex
526 327 875 378 comprehensione
903 327 984 365 eius
1012 327 1239 375 Theologus
1265 327 1500 376 appellatur,
1528 333 1644 375 atque
1671 327 1749 364 hoc
1777 326 1994 364 subiectum
2010 339 2180 367 summo-

262 398 351 436 pere
377 382 546 421 vanitate
573 381 609 418 &
638 379 856 418 infirmitate
883 379 1146 428 circumfluat,
1173 377 1432 428 Theologiam
1460 380 1564 416 certe
1587 379 1801 417 secundum
1817 379 2181 431 quidaTheologia

261 438 440 477 absoluta
465 433 649 483 distingui
678 431 963 471 accuratissime
989 431 1147 470 interest
1172 429 1400 481 plurimum,
1427 437 1511 468 tum
1538 431 1706 469 veritatis
1735 430 1907 482 diuinae,
1931 438 2012 469 tum
2036 433 2182 472 institu-

262 489 377 529 tionis
405 494 572 526 nostrae.
601 486 671 523 Est
699 485 802 523 enim
827 483 1046 534 Theologia
1073 485 1269 533 absoluta,
1298 490 1512 532 conceptus
1541 483 1699 532 quidam
1726 495 1843 533 purus
1869 486 1993 522 aDeo
2010 486 2180 524 oblatus:

262 541 482 591 Theologia
521 540 614 578 vero
656 538 870 576 secundum
913 537 1024 587 quid,
1063 542 1119 574 est
1152 542 1366 585 conceptus
1394 537 1443 573 ab
1471 536 1630 574 homine
1657 536 1936 588 apprehensus,
1964 538 2032 576 sed
2060 537 2182 588 impu-

262 602 366 634 ratus
408 591 635 632 conditione
674 590 792 641 illius,
834 590 870 627 δι
909 589 1156 639 imperfectus
1183 588 1368 626 redditus.
1412 589 1503 636 Quo
1530 588 1652 638 magis
1679 588 1801 637 iniqui
1828 590 2007 628 videntur
2034 603 2117 629 esse
2143 592 2182 629 in

262 646 478 686 Ecclesiam
519 643 614 694 Dei,
648 642 870 692 quicunque
897 641 936 680 in
963 644 1041 680 hoc
1067 648 1243 690 tempore
1270 653 1352 679 non
1377 640 1493 678 aliam
1519 648 1714 679 nouerunt
1741 642 2019 693 Theologiam,
2049 646 2181 693 quarn-

262 712 361 750 quae
401 697 615 737 secundum
655 696 850 746 homines,
892 696 928 732 δε
970 697 1019 733 ab
1057 693 1280 733 hominibus
1320 701 1400 743 est,
1429 694 1464 731 ἅν
1492 693 1559 743 qui
1586 694 1636 731 ab
1664 693 1866 732 hominum
1893 695 2037 734 iudicio
2065 704 2183 746 atque

261 751 490 791 auctoritate
518 749 558 787 in
584 750 659 787 hac
688 761 804 786 causa
832 747 994 797 perinde
1017 747 1211 798 pendent,
1238 759 1285 784 ac
1312 745 1344 784 si
1371 757 1489 795 purus
1517 746 1580 784 ille
1610 754 1823 796 conceptus
1838 749 2039 798 formaque
2053 749 2183 787 diuina

259 803 522 853 Theologiae,
564 812 681 851 quarn
721 802 940 840 absolutam
974 801 1239 851 appellamus,
1274 805 1338 836 aut
1365 798 1584 837 euanuisset
1621 800 1755 848 plane,
1789 806 1854 838 aut
1880 799 1919 838 in
1949 813 2085 840 manus
2114 814 2184 851 po-

259 860 515 904 testatemque
554 853 758 893 hominum
792 853 972 903 mancipij
1009 855 1094 903 lege
1129 851 1358 892 deuenisset.
1400 853 1469 890 Est
1509 851 1613 889 enim
1641 852 1704 889 illa
1739 853 1884 904 forma,
1915 860 1970 892 est
1999 854 2062 892 ille
2092 867 2184 892 con-

260 916 395 960 ceptus
436 920 688 958 permanens,
738 919 819 945 non
874 913 1003 944 autem
1046 906 1098 943 ad
1137 906 1380 943 voluntatem
1421 904 1625 942 hominurn
1667 904 1882 956 mutabilis,
1924 905 1987 943 cui
2034 907 2185 945 omneis

263 961 443 1001 homines
471 966 627 1010 oportet
662 960 846 1010 credere,
871 971 953 997 non
982 964 1111 996 autem
1140 958 1245 996 illam
1273 956 1497 995 hominibus
1524 956 1792 1007 ignorantibus
1814 958 2022 996 &infirmis
2035 960 2186 998 cedere.

260 1014 389 1053 Huius
419 1015 512 1052 vero
541 1012 802 1063 Theologiae,
830 1023 947 1061 quam
974 1011 1189 1050 secundum
1217 1009 1311 1059 quid
1337 1009 1605 1061 nominamus,
1634 1009 1927 1060 determinatio,
1948 1014 2005 1059 (vt
2026 1015 2184 1060 vocant)

261 1068 323 1106 vel
366 1064 673 1115 circumscriptio
709 1064 767 1103 his
801 1064 930 1103 verbis
963 1066 986 1101 a
1025 1063 1139 1102 nobis
1180 1075 1359 1113 expressa
1398 1065 1476 1112 est,
1507 1069 1590 1113 pro
1631 1065 1781 1101 modulo
1814 1076 1966 1114 eorum,
2003 1067 2058 1102 ad
2093 1078 2186 1114 quos

252 1120 437 1171 peruenit
471 1119 768 1157 communicatio.
828 1116 937 1155 Alius
983 1123 1040 1154 est
1080 1115 1228 1165 dantis,
1270 1115 1365 1154 alius
1407 1115 1631 1165 accipientis
1673 1116 1834 1154 modus:
1877 1129 1968 1154 nam
2009 1117 2076 1166 qui
2118 1118 2185 1155 dat

263 1175 298 1211 δε
341 1170 605 1210 subministrat
640 1169 919 1221 Theologiam,
955 1171 1063 1207 Deus
1090 1175 1168 1219 est,
1195 1181 1268 1206 nos
1300 1168 1628 1206 subministratam
1655 1170 1678 1205 a
1705 1169 1791 1206 Deo
1819 1169 2063 1219 percipimus.
2107 1170 2185 1218 Qui

263 1225 349 1275 dat,
380 1223 660 1274 sapientissime
688 1223 835 1261 donum
864 1234 998 1273 suum,
1025 1221 1066 1260 id
1092 1228 1170 1272 est,
1198 1220 1458 1271 Theologiam
1483 1227 1658 1259 nostram
1686 1222 1904 1260 absolutam
1933 1222 1986 1260 ita
2012 1229 2185 1261 contem-

263 1277 433 1328 perauit,
461 1284 503 1315 vt
530 1275 717 1325 quicquid
744 1288 903 1314 necesse
930 1282 988 1313 est
1013 1274 1052 1312 in
1079 1285 1287 1312 commune
1309 1274 1508 1312 Ecclesiae
1531 1285 1640 1325 suae,
1659 1274 1876 1323 profuderit
1889 1274 2185 1326 gratiosissime,

261 1331 296 1367 δι
327 1328 528 1367 communi
555 1328 759 1367 hominum
789 1327 1030 1378 exposuerit:
1060 1327 1128 1365 sed
1155 1326 1223 1376 qui
1249 1326 1467 1377 accipiunt,
1495 1327 1535 1364 hi
1561 1328 1611 1365 ab
1627 1339 1675 1365 eo
1689 1327 1942 1377 percipiendo
1958 1329 2066 1377 quod
2081 1329 2186 1366 Deus

260 1382 299 1420 in
327 1394 537 1420 commune
565 1383 735 1432 confert,
763 1382 903 1420 absunt
929 1379 1165 1430 longissime.
1192 1381 1294 1417 Nam
1323 1381 1358 1418 &
1385 1378 1591 1429 vnicuique
1619 1391 1708 1417 suus
1737 1387 1793 1418 est
1821 1381 2023 1431 modulus,
2051 1383 2086 1419 &
2114 1381 2186 1419 toti

260 1435 461 1473 Ecclesiae
500 1434 540 1472 in
581 1445 813 1483 vnaquaque
853 1440 977 1471 aetate
1017 1444 1126 1483 suus,
1168 1434 1202 1471 δι
1242 1445 1314 1482 pro
1356 1431 1594 1483 ignorantia,
1635 1432 1878 1484 infirmitate,
1914 1446 1961 1471 ac
1996 1433 2183 1472 tenuitate

260 1487 456 1538 omnium,
496 1486 865 1536 imperfectissimus.
906 1486 1154 1535 Quapropter
1188 1484 1346 1535 insignis
1373 1492 1450 1535 est,
1478 1488 1513 1524 &
1540 1485 1784 1524 intoleranda
1811 1497 1947 1524 eorum
1976 1487 2182 1525 hominum

258 1540 296 1578 in
322 1542 451 1578 Deum
480 1539 735 1590 contumelia,
763 1542 798 1578 δι
824 1538 961 1576 iniuria
987 1539 1027 1576 in
1054 1537 1270 1576 Ecclesiam
1300 1537 1380 1576 eius
1408 1537 1597 1586 atrocior,
1626 1538 1692 1587 qui
1719 1538 1757 1575 in
1785 1539 1884 1577 vasis
1913 1547 1992 1577 tam
2022 1539 2184 1578 infirmis

259 1595 294 1631 &
333 1593 472 1642 ineptis
514 1591 796 1642 plenitudinem
836 1590 1073 1630 incredibilis
1115 1591 1220 1629 istius
1259 1590 1444 1641 thesauri,
1482 1590 1521 1628 in
1558 1592 1631 1628 hac
1669 1590 1806 1629 misera
1834 1594 1869 1629 δε
1899 1593 2053 1629 mortali
2083 1592 2182 1643 vita,

258 1646 427 1684 residere
468 1658 583 1695 posse
623 1644 870 1684 arbitrantur.
911 1645 1043 1693 Atque
1079 1645 1175 1682 haec
1210 1643 1249 1681 in
1276 1656 1416 1693 genere
1444 1644 1493 1682 de
1520 1643 1738 1693 Theologia
1766 1645 2045 1693 supernaturali
2077 1645 2183 1683 satis.

258 1700 372 1736 Nunc
400 1698 450 1736 ad
477 1697 744 1736 definitionem
774 1699 809 1736 &
837 1696 1072 1747 singularem
1101 1695 1384 1747 expositionem
1412 1695 1515 1746 eius,
1543 1698 1629 1735 Deo
1658 1703 1837 1747 auctore,
1866 1704 2120 1736 transeamus.

1026 1940 1256 1978 CAPVT
1297 1939 1412 1977 XII.

687 2051 796 2098 Quid
821 2052 873 2089 sit
906 2051 946 2087 Τ
942 2051 1116 2098 lceologia
1145 2051 1312 2088 absolute*
1342 2051 1456 2089 dicta.
1498 2051 1606 2091 Thes.
1639 2061 1744 2090 xxm.

310 2170 553 2206 THEOLOGIA
588 2176 744 2221 vostra,
772 2172 940 2209 absolut&
966 2172 1089 2222 dicta,
1115 2177 1171 2210 est
1196 2172 1394 2223 Sapientia
1421 2184 1553 2209 rerum
1582 2172 1826 2221 diuinarum,
1856 2172 2057 2209 secnnditm
2088 2172 2184 2211 veri-

256 2227 369 2259 tatem
407 2223 577 2259 diuinam
613 2224 638 2258 ὰ
667 2225 754 2261 Deo
782 2225 995 2274 inspirata,
1024 2225 1074 2261 ἐφ’
1091 2231 1170 2275 per
1198 2226 1472 2263 emmtiotiimm
1500 2237 1710 2262 sermonem
1737 2226 1776 2261 in
1808 2225 1960 2263 Christo
1987 2226 2185 2262 commissa

256 2275 380 2311 seruis
407 2275 504 2324 eius,
533 2280 645 2323 atque
671 2277 711 2313 izi
746 2277 979 2315 Testamenta
1007 2283 1130 2316 vetere
1157 2279 1206 2315 ὃν
1234 2291 1332 2315 nouo
1352 2283 1431 2328 per
1458 2278 1693 2328 Prophetas,
1722 2279 1947 2328 ApostoloS,
1977 2278 2026 2315 ἔφ’
2051 2278 2185 2314 Euan-

253 2328 413 2374 gelistas
454 2329 700 2377 consignata,
740 2335 922 2377 quantum
964 2331 1042 2367 eius
1087 2331 1148 2368 llic
1183 2333 1286 2368 uobis
1313 2331 1466 2380 expedit
1493 2331 1665 2367 relictori
1688 2332 1746 2367 ad
1763 2332 1934 2379 gloriam
1963 2331 2105 2381 ipsius,
2135 2330 2185 2366 ὣ·

253 2381 450 2416 electorum
487 2380 636 2418 bonnm.
678 2381 760 2418 Etsi
794 2380 923 2430 aliqua
955 2389 1110 2421 nostrae
1146 2383 1387 2432 Theologiae
1424 2383 1601 2420 absolute
1632 2381 1758 2420 dictae
1787 2396 1834 2421 ex
1862 2381 2182 2421 antecedentibus

255 2431 429 2469 definitio
472 2432 607 2470 haberi
646 2432 792 2482 potuit,
832 2440 963 2472 tamen
992 2435 1118 2473 visum
1149 2442 1205 2474 est
1232 2437 1309 2474 hoc
1335 2436 1425 2473 loco
1453 2434 1713 2473 necessarium
1741 2437 1859 2485 paulo
1887 2435 2117 2485 ampliorem
2147 2436 2182 2472 δε

252 2484 536 2542 accuratiorem
575 2485 774 2534 adhiberi,
818 2492 857 2524 vt
897 2486 946 2525 de
988 2487 1145 2538 singulis
1181 2489 1295 2527 rebus
1323 2487 1373 2526 ad
1401 2487 1606 2526 essentiam
1634 2488 1736 2537 eius,
1764 2494 1977 2538 veramque
2003 2494 2181 2526 naturam

251 2536 534 2585 pertmentibus
561 2537 810 2576 commodior
836 2546 960 2577 exstet
989 2540 1145 2578 dicendi
1172 2542 1293 2580 locus.
1334 2542 1437 2579 Nam
1466 2541 1799 2589 quemadmodum
1827 2541 1925 2580 iusta
1953 2539 2180 2579 definitione

252 2589 457 2628 essentiam
493 2589 569 2640 rei,
597 2602 697 2640 quae
725 2590 870 2641 agitur,
901 2603 999 2642 opus
1029 2600 1086 2631 est
1116 2593 1328 2632 contineri:
1358 2593 1411 2631 ita
1439 2594 1555 2631 etiam
1584 2595 1606 2630 a
1633 2593 1858 2633 definitione
1885 2594 2001 2642 iusta,
2031 2593 2181 2641 singula

253 2641 362 2700 quasi
389 2643 433 2691 (f.
468 2645 595 2691 1400.)
624 2643 770 2681 semina
797 2644 977 2683 definitae
1004 2645 1060 2684 rei
1086 2648 1252 2696 petenda
1280 2654 1388 2696 sunt,
1412 2658 1459 2683 ex
1481 2646 1621 2695 quibus
1637 2645 1831 2696 sigillatim
1846 2648 1924 2686 loci
1938 2645 2180 2685 definitiones

253 2695 504 2742 exphcentur.
533 2697 755 2745 Antequam
783 2699 876 2735 vero
905 2697 954 2736 de
981 2698 1155 2747 partibus
1185 2699 1296 2738 huius
1325 2698 1559 2737 definitionis
1591 2698 1721 2737 dicere
1748 2700 2002 2750 instituimus,
2033 2696 2179 2736 ordinis

2064 2760 2180 2788 causa
