2334 3020
839 133 1106 162 ElRENmI
1149 132 1368 160 PARSII.
1997 119 2071 168 485

130 246 281 286 vicinos
311 258 470 292 omnes,
499 243 565 293 qui
593 243 715 282 modo
744 256 858 282 nares
887 254 974 281 suas
1003 246 1061 292 (vt
1090 241 1142 280 ita
1170 241 1361 289 dicamus)
1390 239 1579 279 malitiose
1607 252 1686 278 non
1715 236 2078 288 compresserint,&

132 301 391 339 odoramenta
431 297 496 335 illa
537 296 700 347 Spiritus
742 296 838 345 Dei,
880 296 1020 346 quibus
1062 294 1240 334 Ecclesia
1279 293 1522 345 perfunditur
1550 294 1585 331 &
1612 290 1828 343 perfundiu
1856 290 2078 341 refugerint.

132 351 376 404 perfunditur
404 350 507 389 enim
537 363 561 387 a
589 351 679 388 Deo
709 349 886 388 caelitus:
917 348 1115 399 perfundit
1142 355 1274 386 autem
1290 347 1329 386 in
1346 347 1456 386 terris
1471 347 1686 385 secundum
1702 347 1830 383 Deum
1848 357 1915 383 eos
1930 356 2080 391 omnes7

132 405 275 455 quibus
303 405 438 443 datum
468 410 525 441 est
552 402 771 441 Ecclesiam
802 404 1033 451 obseruare,
1064 405 1099 440 ἃ
1128 401 1285 452 Spiritui
1314 401 1388 439 Dei
1416 398 1647 439 inhabitanti
1676 399 1799 449 ipsam
1829 396 1988 436 minime
2013 397 2082 435 ob-

129 459 275 498 sistere.
306 459 559 507 Quapropter
588 456 639 494 ad
668 455 806 494 iustam
832 455 944 494 huius
959 455 1216 494 similitudinis
1232 453 1527 504 intelligentiam
1542 453 1689 503 optime
1705 451 1886 501 distingui
1902 450 2081 489 ordinem

131 513 237 550 illum
266 523 424 549 necesse
456 516 532 559 est,
562 509 778 548 secundum
807 521 925 559 quem
954 509 1149 558 Propheta
1164 519 1320 546 causam
1337 509 1372 546 &
1390 507 1526 545 effecta
1542 504 1788 544 amoenitatis
1805 503 2082 553 suauitatisque

130 565 238 604 istius
282 564 318 603 in
362 562 542 602 Ecclesia
580 562 765 613 distingui
793 562 929 601 voluit.
959 573 1075 600 causa
1101 563 1211 599 Deus
1240 568 1296 599 est
1326 559 1543 599 Ecclesiam
1572 558 1831 609 perfundens,
1859 559 1893 595 ἃ
1922 557 2082 606 quidem

129 618 283 657 actione
324 617 425 656 adeo
453 615 624 667 gratiosa
651 623 692 654 vt
721 615 873 665 singula
901 616 1080 654 membra
1106 616 1129 652 a
1157 613 1282 664 capite
1311 614 1360 652 ad
1390 614 1539 652 calcem
1570 613 1605 650 &
1634 625 1722 651 oras
1749 611 1851 661 ipsas
1878 610 2081 648 vestimen-

129 680 259 711 torum
301 670 452 709 imbuat
481 670 741 708 odoramento
769 669 925 707 salutari
953 680 1037 707 suo.
1082 668 1233 706 Effecta
1257 670 1350 706 vero
1378 673 1467 705 sunt
1494 667 1592 704 haec
1620 665 1713 703 tria:
1754 664 1945 715 primum,
1975 663 2082 712 quod

128 724 223 763 nihil
251 730 309 763 est
336 723 375 761 in
403 723 601 773 Ecclesia,
629 721 723 760 nihil
753 721 971 773 Ecclesiae,
1001 735 1051 760 ne
1080 720 1307 760 adiunctum
1337 719 1496 769 quidem
1527 718 1598 769 ipsi
1626 718 1734 768 quod
1762 718 1801 756 in
1832 730 1872 755 se
1887 716 2084 755 redditum

128 791 209 817 non
238 777 286 816 sit
313 777 522 816 odoratum
552 775 829 815 benedictione
857 775 946 814 Dei.
989 775 1228 822 Secundum,
1271 773 1379 823 quod
1408 774 1510 811 hanc
1538 771 1767 810 suauitatem
1795 770 1877 809 siue
1907 770 2086 809 θυωϋίαν..

127 843 226 881 quae
257 831 296 869 in
325 829 441 869 nobis
470 837 545 880 est,
579 828 640 878 alij
670 829 755 868 aliis
786 835 965 867 testatam
993 828 1179 879 facimus,
1209 829 1244 866 δι
1267 825 1606 866 communicamus
1624 825 1724 863 inter
1740 837 1812 863 nos
1828 836 1899 874 pro
1918 822 2084 860 modulo

127 883 350 923 donationis
392 882 550 923 Christi.
592 882 794 932 Tertium,
836 882 944 932 quod
986 881 1104 920 etiam
1142 887 1295 919 exteros
1324 880 1374 918 ab
1403 878 1604 929 Ecclesia,
1647 878 1788 928 quibus
1816 877 2082 926 spectaculum

130 937 220 977 facti
249 949 403 987 sumus,
431 936 622 975 afficimus
651 935 932 975 odoratissimis
962 935 1034 974 illis
1063 933 1233 984 vestigiis
1262 945 1362 983 quae
1391 932 1430 971 in
1458 931 1574 971 nobis
1602 930 1796 982 impressit
1817 932 1938 969 Deus.

182 993 314 1040 Atque
339 991 417 1029 hoe
446 990 607 1040 quidem
636 988 675 1027 in
703 988 838 1040 primis
868 989 919 1028 ad
949 1001 1017 1028 eos
1045 987 1232 1038 pertinet,
1261 988 1296 1025 &
1325 985 1533 1036 obstringit
1563 998 1630 1024 eos
1646 982 1998 1028 vehementissime,
2016 981 2082 1032 qui

133 1053 318 1094 tanquam
360 1044 523 1082 Aharon
565 1043 616 1081 ad
655 1055 808 1081 sacrum
836 1041 1093 1081 ministerium
1122 1040 1252 1079 vocati
1281 1046 1383 1078 sunt.
1420 1039 1476 1078 Hi
1504 1039 1607 1078 enim
1637 1038 1775 1077 sedulo
1804 1049 1965 1087 operam
1993 1036 2086 1074 dare

132 1098 296 1143 debent,
334 1104 376 1135 vt
410 1108 499 1136 cum
528 1097 725 1146 Apostolo
754 1095 888 1134 dicant
915 1108 963 1134 ex
991 1094 1178 1146 veritate3
1207 1093 1343 1132 Gratia
1372 1094 1485 1139 Deo,
1515 1091 1583 1142 qui
1611 1090 1719 1131 omni
1746 1098 1926 1141 tempore
1954 1088 2084 1127 trium-

131 1152 253 1202 phum
291 1149 382 1189 facit
423 1149 539 1189 nobis
569 1150 608 1188 in
637 1148 817 1197 Christo,
847 1152 882 1187 δι
910 1148 1133 1187 manifestat
1161 1161 1231 1198 per
1259 1159 1333 1185 nos
1359 1147 1528 1185 odorem
1557 1144 1792 1196 cognitionis
1821 1143 1879 1182 sui
1907 1142 1945 1181 in
1979 1143 2085 1181 omni

132 1207 244 1253 loco,
289 1218 322 1242 2.
352 1204 444 1243 Cor.
477 1217 512 1243 2.
556 1216 615 1252 14.
650 1203 729 1242 Sed
764 1203 914 1240 nullum
953 1209 1011 1240 est
1052 1209 1131 1240 tam
1167 1200 1349 1246 exiguum
1380 1200 1603 1238 membrum
1631 1198 1693 1237 cui
1721 1211 1794 1248 pro
1825 1209 1895 1235 suo
1925 1196 2088 1234 modulo

132 1259 230 1296 haec
271 1262 431 1307 quoque
473 1255 676 1308 prouincia
704 1255 984 1294 diffundendae
1011 1254 1111 1293 illius
1143 1255 1310 1296 δυωδίας
1339 1265 1420 1292 non
1449 1252 1497 1291 sit
1523 1251 1772 1290 demandata.
1823 1250 1930 1299 Quid
1958 1246 2089 1288 enirn?

131 1324 266 1350 annon
297 1324 434 1350 omnes
465 1309 581 1349 etiam
610 1308 761 1348 minimi
788 1308 828 1347 in
857 1321 979 1358 regno
1007 1309 1207 1347 caelorum
1236 1307 1500 1345 odoramento
1537 1305 1604 1344 illo
1634 1304 1709 1343 Dei
1735 1305 1773 1343 in
1800 1302 1978 1342 Ecclesia
2006 1315 2088 1352 per—

132 1364 205 1403 fusi
242 1363 353 1403 sunt?
398 1376 532 1403 annon
575 1363 742 1402 odorem
770 1363 880 1401 illum
904 1361 943 1400 in
972 1361 1151 1400 Ecclesia
1179 1367 1410 1410 perceptum
1439 1359 1478 1397 in
1506 1359 1646 1397 eadem
1675 1370 1774 1408 opus
1808 1364 1865 1396 est
1894 1355 2089 1394 exhiberi?

133 1430 268 1456 annon
311 1418 436 1457 odore
465 1416 533 1455 illo
561 1429 692 1456 aerem
721 1415 1040 1454 circumstantem
1064 1414 1120 1454 sic
1147 1413 1323 1463 impleri,
1352 1419 1393 1451 vt
1420 1412 1542 1451 exteri
1571 1412 1738 1451 sentiant
1766 1424 1839 1449 nos
1868 1411 1906 1448 in
1934 1408 2091 1448 Christo

136 1472 326 1510 odoratos
369 1468 477 1510 esse?
518 1471 637 1520 quam
666 1468 874 1508 ridiculum
903 1475 982 1517 est,
1024 1468 1056 1506 si
1083 1467 1170 1518 quis
1201 1466 1503 1505 odoramentum
1531 1466 1677 1505 habere
1705 1465 1818 1515 velit⁷
1861 1467 1896 1503 δι
1925 1463 2090 1502 odorem

134 1523 315 1563 manibus
343 1521 633 1574 comprimere?
662 1521 905 1562 Christianus
933 1521 1108 1572 quisquis
1137 1521 1375 1571 appellatur7
1405 1525 1470 1558 aut
1498 1519 1803 1558 odoramentum
1828 1518 1953 1556 factus
1982 1516 2093 1555 estin

134 1577 314 1628 Christo,
343 1580 379 1617 δι
408 1577 525 1617 odori
552 1583 610 1616 est
638 1576 742 1626 aliis3
770 1582 837 1614 aut
864 1575 896 1614 si
923 1575 1038 1614 odori
1066 1587 1149 1613 non
1178 1579 1256 1624 est,
1294 1573 1371 1612 iam
1401 1585 1483 1612 non
1512 1579 1570 1611 est
1597 1573 1900 1612 odoramentum
1926 1569 2092 1609 Christi:

133 1632 233 1670 haec
260 1631 430 1670 suauitas
457 1643 538 1669 non
567 1636 698 1680 potest
726 1628 849 1679 magis
872 1628 1102 1678 comprimi,
1129 1629 1248 1678 quam
1272 1626 1595 1666 suauissimorum
1611 1626 1962 1665 odoramentorum
1977 1624 2094 1673 odor,

134 1684 202 1734 qui
243 1685 295 1723 ad
336 1697 404 1723 eos
447 1683 619 1722 dimanet
656 1683 723 1732 qui
765 1682 1019 1721 circumstant
1058 1694 1146 1721 nos.
1174 1680 1352 1719 Ecclesia
1376 1679 1707 1731 praestantissima
1736 1686 1793 1717 est
1821 1678 2095 1728 vnguentaria:

136 1737 276 1788 singuli
303 1737 344 1776 in
371 1737 551 1776 Ecclesia
580 1743 670 1776 sunt
699 1735 899 1774 narthecia
926 1734 1206 1786 pretiosissima
1222 1765 1233 1785 7
1264 1733 1295 1772 si
1325 1734 1376 1773 ad
1405 1733 1678 1772 conditionem
1694 1743 1804 1771 suam
1819 1733 1922 1770 bene
1937 1743 2095 1780 aspexe-

134 1791 223 1831 rint.
278 1792 394 1830 Haec
431 1797 651 1842 vnguenta,
688 1790 787 1828 haec
825 1790 1083 1828 odoramenta
1120 1800 1190 1827 cur
1220 1785 1534 1827 dissimulemus?
1578 1798 1648 1825 eur
1676 1799 1757 1825 non
1785 1781 1984 1824 colamus?
2026 1795 2095 1822 cur

138 1843 281 1883 muscis
318 1843 467 1884 iniectis
506 1846 562 1894 (vt
591 1842 752 1894 Sapiens
780 1843 820 1881 in
849 1841 1086 1881 Ecclesiaste
1114 1841 1303 1891 loquitur)
1333 1854 1420 1891 cap.
1449 1853 1509 1880 10.
1534 1854 1571 1880 v.
1603 1854 1635 1879 1.
1663 1835 1983 1889 corrumpamus?
2011 1837 2092 1876 Cur

135 1898 428 1948 disperdamus,
457 1896 642 1948 proiectis
669 1897 748 1935 huc
775 1896 867 1935 illuc
895 1897 932 1935 &
960 1895 1198 1946 proculcatis
1225 1894 1411 1934 aromatis
1439 1906 1539 1944 quae
1568 1894 1619 1932 ad
1647 1891 1938 1932 confectionem
1955 1902 2091 1930 eorum

138 1958 228 1990 sunt
257 1948 382 2001 opus?
410 1951 567 1990 Etenim
594 1952 651 2000 (vt
678 1951 876 2000 Propheta
903 1949 1045 2000 inquit)
1075 1950 1226 1988 bonum
1255 1950 1291 1987 &
1320 1959 1532 1986 amoenum
1554 1953 1610 1986 est
1632 1946 1809 1985 habitare
1823 1947 1959 1984 fratres
1975 1943 2091 1983 etiam

137 2007 240 2044 vna:
270 2004 309 2042 in
336 2005 411 2043 hac
440 2003 718 2043 coniunctione
747 2003 819 2042 sita
847 2009 906 2042 est
932 2003 1168 2043 amoenitas:
1194 2015 1242 2041 ex
1268 2003 1342 2040 hac
1358 2000 1652 2041 cohabitatione
1667 2013 1713 2038 ac
1728 1999 1848 2039 veluti
1862 1997 2093 2037 confusione

140 2060 176 2096 &
205 2057 568 2108 contemperatione
595 2063 815 2096 aromatum
846 2057 1018 2107 exsurgit
1046 2056 1142 2095 illud
1171 2055 1340 2106 spiritale
1366 2060 1608 2105 vnguentum
1631 2052 1838 2104 optimum,
1863 2052 1972 2102 quod
1986 2053 2094 2090 Deus

140 2111 234 2150 olim
263 2110 453 2150 materiali
480 2111 695 2162 figurabat,
732 2117 774 2149 vt
814 2110 1011 2149 Dauidem
1053 2111 1244 2148 habemus
1288 2114 1488 2148 auctorem
1517 2106 1631 2145 huius
1660 2105 2000 2156 interpretationis.
2029 2105 2094 2142 Ad

139 2164 254 2204 huius
295 2164 483 2214 vnguenti
525 2163 846 2203 constitutionem
874 2175 997 2213 vsque
1027 2163 1130 2202 adeo
1160 2163 1376 2200 secundum
1404 2163 1534 2200 Deum
1557 2159 1784 2199 communio
1819 2158 1884 2197 illa
1913 2158 2095 2207 sancto(f.

145 2220 323 2268 754)1·um
350 2220 386 2257 δε
416 2222 630 2270 συγκρασία
659 2216 877 2256 necessaria
905 2223 984 2268 est,
1012 2223 1054 2256 vt
1080 2215 1309 2266 insipidum,
1347 2216 1384 2253 δι
1411 2214 1643 2265 inodorum,
1671 2226 1718 2252 ac
1746 2212 1877 2263 potius
1904 2211 2094 2251 foetidum

143 2272 211 2322 sit⁷
240 2270 434 2321 quidquid
461 2272 500 2309 in
529 2270 602 2309 ista
630 2270 910 2310 communione
938 2269 1098 2309 minime
1127 2268 1358 2308 continetur.
1382 2269 1524 2307 Totum
1545 2268 1850 2306 odoramentum
1865 2272 1923 2305 est
1938 2264 2095 2315 Christi,

143 2339 191 2364 ex
225 2336 305 2375 quo
343 2325 429 2363 solo
456 2325 492 2362 &
520 2323 558 2362 in
587 2335 667 2373 quo
696 2325 862 2363 odorata
890 2330 948 2363 est
975 2322 1204 2362 communio
1233 2329 1384 2373 nostra,
1428 2328 1543 2372 prout
1570 2321 1610 2359 111
1638 2319 1805 2359 Cantico
1838 2318 2093 2358 Canticorum

145 2378 334 2416 docemur
362 2377 519 2428 passim.
546 2376 659 2416 huius
687 2377 937 2416 odoramenti
961 2390 1007 2416 ea
1033 2383 1171 2414 natura
1199 2382 1256 2414 est
1283 2382 1325 2414 vt
1352 2382 1539 2425 tanquam
1567 2376 1699 2413 oleum
1729 2373 1846 2412 stillet
1871 2385 1941 2423 per
1968 2378 2094 2410 toturn

146 2430 347 2470 Ecclesiae
388 2442 532 2481 corpus
573 2433 596 2468 a
637 2430 764 2482 capite
800 2431 852 2469 ad
889 2431 1018 2469 calces
1052 2429 1165 2468 illius.
1203 2428 1270 2478 qui
1297 2429 1336 2467 in
1364 2429 1440 2467 hac
1469 2427 1750 2467 communione
1779 2425 1923 2466 Christi
1951 2425 2096 2464 versari

143 2484 270 2535 cupit,
312 2496 402 2523 eum
445 2484 484 2522 in
525 2484 807 2523 communione
849 2483 1050 2522 Ecclesiae
1087 2495 1171 2522 sese
1205 2494 1305 2532 opus
1343 2488 1400 2521 est
1428 2481 1648 2528 continere,
1689 2492 1808 2530 quam
1838 2479 2096 2531 praecedente

144 2539 299 2576 Psalmo
341 2551 389 2576 ex
425 2536 580 2576 Dauide
617 2537 895 2589 cognouimus.,
936 2540 973 2576 δι
1000 2536 1188 2575 membris
1215 2534 1290 2574 sibi
1317 2534 1495 2574 adunatis
1521 2534 1561 2573 in
1591 2534 1749 2573 Christo
1779 2540 2005 2572 constanter
2029 2532 2096 2570 ad-

144 2593 318 2630 haerere.
347 2592 460 2630 Solus
488 2591 666 2629 Christus
694 2590 857 2630 seorsim
885 2590 1075 2629 odoratus
1104 2596 1180 2640 est,
1209 2595 1328 2638 atque
1356 2589 1456 2627 adeo
1485 2588 1787 2627 odoramentum
1801 2587 1949 2638 ipsum:
1979 2598 2096 2625 nemo

146 2651 323 2683 nostrum
351 2644 432 2683 sine
462 2643 618 2682 Christo
648 2646 684 2684 δε
712 2644 795 2683 5111θ
826 2643 1008 2682 fratribus
1036 2655 1120 2682 esse
1149 2643 1338 2681 odoratus
1366 2648 1520 2692 potest:
1561 2641 1642 2680 sine
1671 2641 1843 2690 Christo,
1882 2639 1973 2690 quia
2001 2640 2097 2678 odo-

149 2704 325 2736 ramento
354 2704 431 2748 est⁷
459 2698 494 2735 &
523 2710 595 2736 nos
623 2697 662 2736 in
691 2711 738 2736 eo
766 2698 874 2736 bona
904 2696 1114 2747 fragrantia
1142 2707 1275 2735 sumus
1303 2708 1439 2734 coram
1467 2694 1665 2734 Domino:
1696 2694 1779 2733 sine
1797 2693 1992 2740 fratribus5
2007 2692 2096 2742 quia

152 2761 295 2801 corpus
335 2750 450 2789 simul
491 2756 636 2802 totum,
678 2763 760 2789 non
801 2757 931 2789 autern
972 2751 1207 2799 fastuosum,
1249 2749 1476 2799 confidens,
1511 2755 1577 2787 aut
1605 2747 1848 2787 fastidiosum
1876 2747 2096 2785 membrum

152 2803 314 2844 seorsim
356 2803 598 2855 perfunditur
639 2804 764 2844 odore
792 2803 948 2844 Christi.
1003 2803 1178 2843 Omnino
1207 2801 1489 2853 perfectionem
1518 2800 1767 2841 amoenitatis
1793 2800 1908 2840 huius
1936 2798 2098 2838 instituit

1969 2854 2095 2892 Deus:
