2334 3020
291 96 369 143 378
842 103 910 129 DE
955 102 1235 131 POLITIAE
1275 103 1442 132 Mosxs
1479 104 1664 133 OBSER.

288 214 527 258 quantopere
557 207 603 245 sit
632 207 848 246 necessaria
877 209 1097 247 communis
1125 209 1187 247 illa
1217 209 1460 259 politicarum
1487 211 1616 260 legum
1645 211 1706 248 vel
1734 210 1967 250 iudicialium
1996 214 2018 250 a
2044 226 2215 252 ceremo-

287 260 452 299 nialibus
493 262 529 299 δι
571 260 854 299 Ecclesiasticis
894 261 1113 312 distinctio,
1154 269 1361 311 antequam
1398 263 1446 301 de
1482 262 1563 301 iure
1591 263 1831 313 particulari:
1861 276 1940 314 quo
1969 266 2041 303 hae
2070 266 2216 316 species

287 314 388 351 duae
416 313 684 364 continentur,
713 313 986 364 aggrediamur
1013 315 1298 353 enarrationem
1326 315 1553 355 institutam.

340 365 419 404 Hic
456 372 586 404 autem
613 365 671 403 ius
699 367 930 416 particulare
957 367 996 405 in
1022 369 1110 418 lege
1138 367 1262 406 Mosis
1288 369 1550 419 appellamus,
1580 369 1766 419 quicquid
1794 371 1881 408 Deo
1909 369 2034 408 visum
2063 377 2120 409 est
2147 385 2216 421 per

286 420 441 457 Mosem
477 419 625 468 populo
653 430 724 457 suo
752 418 791 457 in
819 419 955 458 ritibus
985 421 1021 458 δε
1048 420 1299 470 ceremoniis,
1328 420 1368 459 id
1397 428 1472 472 est,
1500 421 1539 459 in
1567 422 1724 471 politeia
1751 424 1786 460 δε
1815 422 1991 461 Ecclesia
2017 424 2068 462 ad
2096 424 2215 462 socie-

285 477 405 509 tatem
446 472 656 509 humanam
698 473 734 510 &
775 471 949 510 diuinum
990 475 1137 512 cultum
1174 473 1368 523 indicere,
1408 475 1619 512 secundum
1648 475 1919 524 particularem
1947 476 2214 515 conditionem

285 523 386 562 illius
413 524 551 575 populi
578 524 640 562 cui
668 526 793 574 legem
822 526 968 564 ferebat
995 528 1121 564 Deus:
1160 527 1493 576 quemadmodum
1520 527 1579 565 ius
1607 528 1924 578 Atheniensium,
1952 530 2216 568 Lacedaemo-

285 577 461 627 niorum,
504 579 798 627 Romanorum,
835 585 901 616 aut
934 580 1157 630 Persarum,
1189 580 1402 618 aliorumue
1430 581 1681 630 appellamus.
1721 583 1882 620 Habent
1910 581 2013 619 enim
2041 581 2213 632 singulae

285 636 443 680 gentes,
472 630 665 681 ciuitates,
692 631 870 680 adeoque
897 631 1106 682 municipia
1132 633 1232 683 ipsa,
1260 645 1306 670 ac
1334 634 1454 671 ferme
1481 632 1556 671 vici
1583 633 1806 673 affectiones
1835 634 2023 684 quasdam
2050 635 2214 685 particu-

283 684 405 732 lares,
446 690 606 733 propter
648 694 744 732 quas
785 683 1030 733 particularia
1073 685 1154 723 iura
1191 685 1385 724 introduci
1412 687 1558 734 solent,
1587 688 1623 724 δε
1650 694 1833 736 possunt,
1861 689 1896 725 δι
1923 688 2087 725 debent:
2116 699 2217 737 quae

284 734 376 772 alibi
417 735 448 774 si
490 734 730 783 obtinerent,
772 737 1043 776 communitati
1078 739 1267 777 damnosa
1301 739 1441 777 forent.
1483 741 1529 777 In
1561 739 1665 777 hunc
1692 739 1806 789 igitur
1834 740 1996 778 modum
2023 741 2130 779 Deus
2157 740 2215 778 ius

286 788 517 837 particulare
550 790 698 838 populo
734 790 885 828 Israelis
913 790 1027 837 dixit,
1056 793 1238 842 legesque
1267 792 1518 841 particulares
1544 792 1647 843 tulit,
1681 793 1731 831 de
1760 792 1900 843 quibus
1926 804 2030 831 nunc
2057 792 2215 831 institui-

283 852 368 878 mus
397 842 437 879 ἓν
465 843 569 891 τύπῳ
597 841 738 880 dicere.

335 895 422 931 Hae
462 900 592 932 autem
628 894 752 945 leges,
786 906 1044 946 quaecunque
1076 896 1168 936 iuris
1205 896 1448 948 particularis
1476 904 1563 936 sunt
1590 900 1613 936 a
1640 899 1728 937 Deo
1756 899 1878 949 latae,
1906 911 2043 937 omnes
2070 898 2161 936 inde
2190 900 2213 935 a

282 945 474 996 principio
519 958 589 985 suo
633 948 787 985 fuerunt
814 949 1029 988 mutabiles.
1073 951 1174 987 Nam
1204 962 1342 988 omnes
1370 957 1529 1000 propter
1557 950 1662 989 aliud
1691 953 1791 989 latae
1822 957 1930 1002 sunt,
1959 952 1995 989 δε
2023 951 2072 989 de
2100 963 2213 1001 repu-

282 999 385 1037 blica
427 1000 621 1051 mutabili,
663 1002 698 1039 &
741 1000 891 1039 ratione
926 1014 1075 1053 rerum,
1111 1015 1387 1052 personarum,
1417 1003 1857 1054 circunstantiarumque
1883 1003 2148 1054 mutabilium,
2177 1006 2212 1042 δι

284 1052 405 1090 modo
434 1052 631 1104 mutabili,
659 1053 695 1091 &
722 1053 772 1092 ad
799 1055 1057 1094 mutationem
1084 1056 1318 1094 destinatae:
1346 1067 1446 1105 quae
1473 1069 1533 1095 res
1561 1056 1611 1095 de
1639 1056 1788 1107 legibus
1810 1057 1854 1096 iis
1877 1069 1977 1106 quae
1992 1055 2215 1107 simpliciter

281 1106 446 1144 morales
485 1112 596 1158 sunt,
628 1119 674 1144 ac
712 1119 792 1145 non
821 1107 1016 1147 institutae
1043 1109 1258 1148 secundum
1288 1109 1401 1161 quid,
1431 1122 1512 1148 non
1541 1117 1669 1160 potest
1698 1121 1788 1148 cum
1816 1110 1964 1149 ratione
1992 1110 2028 1147 &
2055 1109 2214 1148 veritate

284 1157 513 1208 praedicari.

333 1210 417 1250 Etsi
442 1218 572 1250 autem
601 1224 737 1251 omnes
762 1212 987 1253 huiusmodi
1013 1216 1118 1265 leges
1140 1221 1229 1253 sunt
1257 1216 1473 1254 secundum
1501 1229 1541 1254 se
1568 1222 1705 1254 natura
1732 1227 1801 1254 sua
1823 1215 2045 1254 mutabiles:
2075 1216 2213 1253 harum

281 1270 411 1302 tamen
438 1264 536 1302 aliae
564 1272 766 1304 seruantur
791 1265 930 1314 libere,
961 1267 1182 1317 vbicunque
1209 1267 1334 1306 visum
1363 1275 1438 1319 est,
1466 1281 1538 1319 pro
1566 1269 1717 1308 ratione
1744 1267 2085 1318 communitatum,
2115 1268 2214 1306 aliae

281 1329 328 1355 ex
363 1318 469 1356 facto
503 1324 673 1357 mutatae
707 1325 814 1369 sunt,
852 1331 980 1370 neque
1016 1321 1180 1371 amplius
1208 1322 1476 1360 obseruantur.
1515 1323 1662 1372 Estque
1689 1323 1786 1360 haec
1813 1321 1993 1371 mutatio,
2021 1333 2138 1371 quam
2166 1320 2215 1359 de

278 1369 359 1408 istis
385 1369 536 1420 legibus
563 1371 653 1410 iuris
681 1373 921 1422 particularis
948 1375 1204 1425 affirmamus,
1233 1375 1349 1425 longe
1378 1374 1544 1425 amplior
1572 1374 1785 1413 mutatione
1811 1374 1876 1413 illa
1904 1386 2021 1424 quam
2036 1375 2075 1412 in
2090 1374 2216 1424 capite

279 1424 538 1472 praecedente
567 1424 616 1462 de
644 1425 794 1475 legibus
823 1426 1043 1465 communis
1072 1427 1163 1465 iuris
1192 1427 1433 1467 dicebamus.
1468 1429 1571 1466 Nam
1599 1428 1637 1465 in
1664 1427 1737 1466 illis
1765 1427 2060 1465 circunstantiae
2088 1428 2214 1465 solum

279 1475 460 1514 dicuntur
489 1476 637 1516 variare
666 1479 882 1517 secundum
911 1480 1110 1529 quandam
1140 1480 1321 1531 rationis,
1350 1493 1449 1531 quae
1477 1480 1535 1519 ius
1563 1481 1778 1519 humanum
1807 1480 1949 1530 dictat,
1976 1479 2212 1530 analogiam:

279 1542 325 1566 ac
353 1528 519 1578 proinde
549 1530 711 1569 mutatio
740 1533 783 1569 fit
809 1545 857 1570 ex
884 1539 993 1582 parte
1012 1533 1230 1583 duntaxat,
1259 1546 1380 1583 eaque
1409 1533 1586 1572 minima:
1615 1534 1653 1572 in
1682 1533 1741 1572 his
1768 1540 1897 1573 autern
1920 1533 2090 1583 legibus,
2113 1543 2214 1582 quae

278 1580 440 1620 omnino
482 1589 571 1620 sunt
604 1590 743 1622 natura
778 1585 1003 1636 mutabiles,
1040 1586 1204 1625 mutatio
1233 1587 1275 1624 fit
1302 1587 1381 1625 siue
1410 1600 1457 1625 ex
1484 1594 1611 1638 parte,
1639 1587 1719 1625 siue
1746 1586 1946 1636 vniuerse,
1974 1598 2054 1624 non
2084 1587 2211 1624 solum

278 1633 654 1675 circumstantiarum
681 1636 741 1689 (vt
766 1636 804 1675 in
832 1637 905 1677 illis
933 1650 1033 1689 quae
1060 1638 1153 1678 iuris
1183 1639 1403 1678 communis
1432 1642 1537 1690 sunt)
1568 1641 1702 1679 verum
1730 1638 1848 1678 etiam
1875 1638 1930 1678 rei
1954 1638 2073 1688 ipsius
2095 1638 2212 1688 impe-

279 1694 386 1725 ratae
413 1689 512 1738 lege.

329 1742 499 1778 Rursum
537 1745 629 1781 vero
667 1754 925 1794 quaecunque
960 1745 1065 1795 leges
1092 1745 1170 1783 hoc
1197 1746 1318 1784 modo
1349 1752 1517 1784 mutatae
1548 1752 1656 1795 sunt,
1684 1751 1750 1783 aut
1776 1746 1977 1783 voluntate
2004 1743 2209 1782 hominum

277 1793 419 1838 libera,
449 1806 521 1844 pro
549 1795 830 1834 commoditate
857 1809 1131 1848 personarum,
1161 1810 1287 1836 rerum
1316 1812 1362 1836 ac
1391 1797 1755 1837 circunstantiarum
1783 1797 1983 1847 depositae
2011 1802 2116 1834 sunt:
2146 1803 2212 1835 aut

277 1858 323 1884 ex
364 1847 593 1886 necessitate
629 1849 780 1898 penitus
816 1849 1058 1900 antiquatae:
1097 1851 1206 1889 cuius
1247 1851 1398 1902 generis
1426 1858 1514 1890 sunt
1542 1862 1799 1901 quaecunque
1826 1851 1876 1888 ad
1904 1850 2083 1888 vmbram
2112 1851 2209 1888 futu-

277 1910 409 1937 rorum
461 1901 612 1939 fuerant
664 1901 871 1941 institutae.
915 1904 1045 1942 Colos.
1099 1917 1132 1942 2.
1180 1915 1239 1952 17.
1293 1905 1393 1942 Nam
1435 1916 1599 1954 quarum
1640 1903 1948 1942 ceremoniarum
1989 1913 2131 1952 corpus
2171 1902 2210 1940 in

277 1951 432 1991 Christo
478 1959 557 2004 est,
601 1967 734 1993 earum
777 1962 859 1994 tota
898 1957 933 1994 δι
976 1956 1199 1995 obseruatio
1239 1956 1278 1994 in
1316 1958 1493 1996 Ecclesia
1521 1957 1657 2007 periit:
1688 1956 2022 2006 quemadmodum
2051 1956 2212 1993 vmbrae

276 2005 512 2044 adueniente
557 2008 648 2046 Sole
684 2007 836 2058 dispelli
864 2011 1004 2048 solent.
1049 2010 1300 2059 Quapropter
1328 2010 1443 2048 etiarn
1480 2011 1627 2060 optime
1657 2015 1947 2059 argumentatur
1973 2009 2211 2058 Apostolus,

277 2058 435 2096 dicens:
465 2060 552 2109 Ego
581 2062 722 2098 Paulus
752 2062 842 2100 dico
871 2062 1004 2111 vobis,
1033 2062 1065 2101 si
1093 2061 1433 2113 circuncidamini,
1458 2063 1655 2102 Christum
1682 2062 1777 2100 nihil
1804 2061 1917 2100 vobis
1944 2062 2208 2112 profuturum,

274 2117 396 2149 testor
439 2112 546 2150 omni
588 2113 738 2152 homini
778 2114 845 2164 qui
885 2114 1197 2166 circumciditur,
1236 2127 1324 2154 eum
1353 2129 1436 2154 esse
1465 2116 1682 2155 debitorem
1710 2114 1923 2153 seruandae
1948 2114 2066 2152 totius
2093 2114 2207 2164 legis:

273 2163 405 2202 inanes
442 2164 533 2203 facti
571 2166 681 2216 estis,
718 2167 883 2217 separati
911 2171 935 2207 a
963 2167 1142 2219 Christo,
1170 2168 1393 2218 quicunque
1421 2181 1489 2219 per
1516 2171 1643 2219 legem
1671 2167 1951 2217 iustificamini,
1981 2168 2017 2204 &
2043 2169 2066 2204 a
2086 2166 2208 2217 gratia

274 2216 485 2257 excidistis.
528 2219 658 2258 Galat.
701 2230 736 2269 5.
767 2234 801 2257 2.
832 2233 871 2270 3.
901 2222 937 2259 &
965 2221 1076 2260 alibi:
1119 2222 1178 2260 Ne
1206 2221 1291 2271 quis
1320 2235 1391 2260 vos
1421 2223 1580 2261 damnet
1606 2222 1659 2260 ob
1688 2221 1841 2271 cibum,
1870 2221 1931 2259 vel
1956 2226 2114 2269 potum,
2142 2226 2208 2257 aut

274 2277 453 2319 respectu
495 2271 599 2322 festi,
638 2280 704 2310 aut
731 2273 942 2325 nouilunij,
971 2281 1036 2312 aut
1064 2275 1366 2313 sabbathorum:
1405 2287 1505 2325 quae
1532 2281 1620 2313 sunt
1649 2275 1787 2312 vmbra
1812 2285 1940 2312 rerum
1968 2274 2206 2322 futurarum,

272 2329 311 2360 at
357 2334 501 2373 corpus
528 2332 585 2363 est
614 2325 768 2364 Christi.
811 2328 925 2375 Quae
951 2330 1045 2366 vero
1075 2327 1320 2366 ceremoniae
1349 2328 1399 2366 ad
1427 2328 1603 2366 ordinem
1631 2327 1760 2377 potius
1789 2336 2059 2373 communem,
2087 2326 2205 2374 quarn

272 2376 323 2413 ad
360 2379 537 2415 vmbram
573 2379 791 2418 futurorum
827 2381 1025 2418 bonorum
1052 2380 1338 2431 pertinuerunt,
1367 2393 1435 2419 eae
1464 2381 1558 2419 citra
1586 2379 1856 2419 necessitatem
1885 2379 2103 2417 absolutam
2131 2390 2204 2426 pro

271 2427 431 2467 arbitrio
461 2429 664 2469 hominum
695 2433 731 2470 δι
760 2433 1042 2471 commoditate
1071 2432 1230 2483 publica
1259 2433 1493 2472 desiuerunt.
1537 2434 1785 2483 Quapropter
1812 2430 1907 2470 mihi
1936 2430 2094 2480 quidem
2122 2442 2204 2479 per·

269 2482 397 2530 placet
426 2483 648 2522 communis
674 2483 737 2523 illa
761 2485 1082 2525 scholasticorum
1112 2486 1331 2529 distinctio,
1361 2498 1438 2535 qua
1464 2493 1672 2536 praecepta
1698 2484 1821 2523 Mosis
1848 2483 2039 2522 iudicialia
2052 2489 2204 2521 mortua

270 2546 353 2572 esse
383 2535 646 2587 tradiderunt,
675 2537 714 2575 id
745 2544 822 2587 est,
852 2551 932 2577 non
962 2539 1013 2576 ita
1042 2538 1171 2578 viuere
1208 2545 1248 2576 vt
1271 2538 1464 2589 obligent:
1493 2538 1766 2578 ceremonialia
1779 2540 1872 2576 vero
1889 2549 1972 2595 esse
1986 2535 2204 2594 mortifera,

269 2586 308 2623 id
346 2594 423 2638 est,
461 2600 542 2626 non
571 2602 687 2638 posse
716 2590 881 2640 amplius
909 2591 1058 2642 viuere,
1089 2599 1154 2629 aut
1181 2591 1280 2630 inter
1306 2592 1481 2630 viuentes
1510 2591 1731 2638 obseruari,
1759 2590 1853 2640 quin
1881 2602 1936 2627 rel
1962 2594 2097 2627 mortis
2121 2588 2202 2646 effi-

268 2639 420 2677 ciantur
448 2641 672 2692 quicunque
702 2655 862 2693 operam
891 2644 986 2682 dant
1016 2656 1152 2682 eorum
1181 2645 1460 2693 obseruationi,
1489 2651 1605 2695 prout
1630 2642 1948 2693 Hieronymus&
1966 2643 2203 2691 Augustinus

266 2691 304 2729 in
336 2693 521 2742 Epistolis
548 2695 626 2732 suis
654 2696 776 2734 locuti
804 2703 904 2735 sunt.

317 2745 517 2784 Iudicialia
553 2755 680 2786 autern
710 2756 930 2799 praecepta
961 2749 1086 2788 Mosis
1119 2757 1274 2788 mortua
1303 2764 1385 2788 esse
1414 2751 1502 2788 cum
1530 2747 1954 2799 dicimus,simpliciter
1967 2759 2013 2785 ea
2025 2743 2200 2784 conside-

2068 2808 2198 2834 ramus
