2334 3020
845 116 1115 159 EIRENIssI
1158 116 1300 144 PARS
1342 116 1369 144 1.
1997 102 2076 153 463

138 236 304 269 stratus:
345 229 529 279 Denique
570 227 626 266 illi
663 226 736 278 ipsi
765 238 884 277 quem
916 224 1138 276 proscindis
1167 223 1333 274 scripto,
1360 222 1516 273 iniquus
1545 236 1599 262 es.
1628 222 1669 261 Si
1697 222 1801 261 enirn
1829 229 1866 260 te
1895 221 2079 272 offendit,

139 284 262 322 habes
290 284 518 321 mandatum
547 281 709 332 Christi,
737 288 777 319 vt
804 291 943 330 arguas
971 279 1071 317 inter
1099 285 1137 316 te
1165 280 1201 317 δι
1228 277 1379 327 ipsum:
1410 276 1449 315 Si
1464 275 1602 326 alium,
1630 275 1716 326 quis
1732 283 1769 314 te
1785 282 2081 326 procuratorem

140 335 320 385 instituit,
363 338 398 375 δε
439 342 637 386 gestorem
678 333 734 372 rei
774 330 953 371 alienae?
996 331 1055 370 sin
1096 339 1226 370 autem
1268 343 1351 369 non
1392 329 1556 368 offendit
1599 337 1659 375 te,
1702 340 1773 367 cur
1801 326 1992 367 offendis?
2023 328 2082 367 sin

140 396 367 440 Vtrumque,
411 401 480 426 cur
521 388 573 426 ita
601 387 703 438 agis,
741 395 782 425 vt
810 387 939 436 palam
972 391 1157 424 testatum
1191 383 1310 422 facias
1345 390 1383 422 te
1419 396 1501 421 non
1529 383 1715 432 salutem,
1745 382 1815 420 sed
1842 381 2082 433 perniciem,

141 455 223 481 non
252 444 466 491 honorem,
495 442 565 480 sed
594 440 872 491 ignominiam,
901 439 941 477 id
970 445 1048 488 est,
1077 450 1158 476 non
1187 450 1234 476 ex
1263 436 1472 487 charitate,
1502 436 1572 475 sed
1595 449 1643 474 ex
1657 435 1950 486 perturbatione
1966 435 2085 473 animi

141 499 164 533 a
206 495 393 533 charitate
434 495 668 533 alienissima
709 492 953 532 euersionem
982 491 1083 529 illius
1111 488 1313 541 expetere?
1340 491 1493 528 Interea
1519 492 1634 540 vero,
1664 496 1705 528 vt
1731 489 1783 527 de
1810 488 1925 527 tertio
1955 487 2083 539 capite

143 547 325 587 adiiciam
353 550 537 598 paucula,
567 547 653 598 quis
669 549 766 585 ferat
786 547 880 584 dum
895 547 1065 595 populus
1079 544 1132 582 ita
1145 545 1382 594 appellatur,
1410 543 1522 582 silere
1537 544 1687 593 bonos,
1714 541 1781 592 qui
1795 541 1894 580 iusta
1908 541 2083 591 scientia,

140 601 410 652 inperturbato
439 601 594 651 animo,
624 601 817 650 donisque
846 597 1176 637 conuenientibus
1203 596 1402 648 instructi,
1431 603 1496 635 aut
1515 595 1804 634 iudicesaDeo
1821 602 1910 633 sunt
1925 594 2085 633 istarum

142 667 272 693 rerum
313 654 493 704 instituti,
537 662 602 692 aut
643 656 666 691 a
693 661 730 692 te
758 652 935 691 adhiberi
963 657 1140 702 possunt.
1178 652 1293 689 Haec
1321 650 1387 688 illa
1414 657 1471 688 est
1499 649 1719 688 Christiana
1746 648 1858 695 ratio,
1887 648 1939 686 ad
1967 659 2085 698 quam

142 720 215 746 nos
257 720 396 746 omnes
439 714 596 757 oportet
637 707 753 745 remis
794 706 968 755 velisque
1011 704 1136 755 (quod
1177 702 1301 752 aiunt)
1343 703 1604 753 contendere,
1640 715 1721 741 non
1750 709 1881 740 autem
1908 701 2088 740 ordinem

143 760 320 799 diuinum
349 762 384 798 δε
413 761 627 799 humanum
657 761 796 799 eadem
825 771 946 809 opera
973 757 1225 796 conturbare.
1254 758 1334 794 Aut
1361 756 1559 795 ordinaria
1573 755 1786 795 insistenda
1801 754 1966 806 via,aut
1981 761 2090 793 extra

142 813 323 853 ordinem
352 814 553 853 arbitraria
582 814 788 864 degenda,
819 825 900 850 non
928 825 1000 862 pro
1015 809 1180 860 imperio
1196 809 1540 860 praescribendaa
1563 808 1862 858 contendenti(f.
1895 809 2086 860 735)bus:

143 868 253 917 quod
280 875 338 906 est
363 867 662 918 iniquissimum.

195 922 327 970 Atque
353 921 456 959 hanc
485 921 644 970 quidem
673 921 834 962 ἀτοξίαν
860 931 909 957 eo
937 917 1203 968 indigniorem
1231 929 1314 955 esse
1337 917 1444 966 apud
1472 928 1610 954 omnes
1633 922 1806 967 constat,
1834 926 1915 965 quo
1944 914 2088 964 scripta

143 985 281 1013 reuera
320 973 474 1024 longius
515 976 538 1011 a
578 974 738 1024 pietate,
780 972 964 1021 veritate,
999 972 1035 1008 ἅτ
1077 969 1268 1008 charitate
1308 970 1462 1008 absunt.
1492 970 1570 1008 Sed
1597 976 1729 1008 tamen
1757 982 1806 1007 ne
1834 981 1902 1006 eos
1929 967 2088 1018 quidem

142 1027 248 1077 ipsos
290 1027 358 1077 qui
394 1034 551 1065 tuentur
594 1026 816 1075 veritatem,
854 1037 1018 1075 peccare
1058 1023 1176 1061 velim
1211 1023 1354 1061 fiducia
1381 1035 1521 1062 causae
1547 1034 1657 1073 suae,
1699 1024 1734 1061 &
1760 1022 1817 1060 sic
1844 1034 1932 1060 eam
1960 1034 2089 1071 agere,

145 1087 184 1118 vt
222 1080 262 1118 in
301 1082 439 1119 eadem
481 1088 642 1130 peccata
683 1080 952 1130 imprudenter
992 1084 1106 1115 ruant
1146 1088 1246 1126 quae
1287 1076 1326 1114 in
1367 1075 1450 1114 aliis
1486 1076 1793 1126 reprehendunt.
1830 1075 1956 1113 Multa
1984 1075 2089 1112 enim

142 1133 339 1171 interdum
367 1135 418 1172 ad
446 1134 715 1172 defensionem
743 1132 914 1170 veritatis
942 1130 1166 1169 humanitus
1192 1136 1356 1179 possunt
1384 1129 1499 1168 nobis
1528 1129 1721 1180 excidere,
1750 1140 1851 1179 quae
1880 1134 2092 1178 praestaret

142 1186 322 1225 inhiberi.
352 1189 477 1237 Saepe
504 1188 567 1233 fit,
597 1195 638 1226 ut
665 1200 726 1225 res
743 1193 896 1236 praeter
913 1184 1136 1233 veritatem,
1167 1190 1321 1232 praeter
1334 1182 1624 1228 necessitatem,
1653 1189 1808 1232 praeter
1835 1181 2011 1220 officium
2038 1182 2090 1220 ab

143 1239 188 1278 iis
227 1241 474 1279 effundantur
515 1240 582 1291 qui
624 1246 874 1290 propugnant
902 1238 1119 1276 veritatem.
1155 1238 1340 1286 Ignoscat
1368 1235 1484 1273 nobis
1514 1235 1682 1286 gratiose
1709 1234 1928 1284 Dominus,
1957 1233 2025 1285 qui
2053 1234 2091 1272 in

142 1293 271 1331 multis
314 1293 548 1332 offendimus
590 1306 752 1332 omnes:
795 1292 930 1330 Iacob.
975 1304 1010 1340 3.
1057 1304 1090 1328 2.
1121 1291 1191 1328 sed
1220 1296 1353 1327 tamen
1382 1289 1642 1327 certissimum
1670 1288 1767 1326 illud
1797 1295 1876 1338 est,
1901 1288 1983 1325 fieri
2009 1300 2092 1326 non

144 1349 232 1385 raro
275 1356 316 1385 vt
357 1348 444 1397 plus
485 1354 675 1386 noceatur
712 1346 891 1395 veritate,
929 1345 1020 1382 cum
1046 1343 1118 1382 ista
1145 1341 1238 1380 vitia
1267 1343 1305 1380 in
1335 1354 1453 1381 causa
1478 1342 1560 1381 eius
1587 1344 1612 1380 a
1638 1341 1753 1380 nobis
1783 1342 2091 1391 adsperguntur,

144 1403 264 1450 quam
308 1401 472 1439 accedat
514 1400 745 1439 adiumenti:
790 1411 871 1437 non
900 1398 1009 1449 quod
1036 1410 1097 1435 res
1126 1397 1211 1445 ipsa
1237 1396 1434 1434 interdum
1463 1396 1560 1434 tanti
1589 1395 1636 1434 sit
1664 1395 1875 1446 momenti,
1903 1395 1971 1432 sed
1999 1394 2091 1444 quia

144 1453 239 1491 tanti
267 1460 325 1491 est
355 1454 491 1504 quanti
520 1456 694 1503 legentes
722 1466 806 1492 esse
836 1450 1053 1490 voluerint:
1086 1449 1154 1499 qui
1182 1462 1265 1487 rem
1292 1449 1519 1500 leuiculam,
1548 1449 1579 1487 si
1601 1451 1699 1487 forte
1714 1449 1943 1499 perturbato
1960 1448 2090 1486 animo

143 1506 422 1558 iudicauerint,
450 1507 489 1545 in
516 1507 786 1557 grauissimam
815 1505 1160 1544 transformabunt.
1190 1502 1444 1553 Quapropter
1459 1515 1596 1541 omnes
1612 1501 1782 1541 veritatis
1797 1501 1952 1540 diuinae
1967 1514 2092 1539 sacer-

143 1560 275 1609 dotes,
318 1568 436 1611 atque
464 1560 717 1599 administros
747 1559 989 1598 Christianae
1017 1557 1128 1607 pacis
1156 1568 1228 1594 oro
1260 1558 1296 1594 &
1325 1558 1503 1594 obtestor
1530 1569 1600 1606 per
1628 1555 1917 1594 sanctissimum
1945 1567 2092 1593 nomen

143 1615 231 1651 Iesu
273 1613 433 1664 Christi,
480 1614 543 1652 cui
585 1614 794 1663 seruimus,
836 1615 880 1650 vt
919 1618 1003 1649 tum
1030 1610 1104 1660 ipsi
1131 1611 1181 1648 de
1209 1621 1250 1648 se
1277 1609 1354 1648 suis
1382 1609 1630 1648 sermonibus
1659 1609 1892 1660 scriptisque
1919 1608 2094 1658 cogitent

145 1669 264 1716 quam
305 1666 620 1718 diligentissime,
663 1680 713 1706 ne
743 1668 843 1705 forte
872 1678 963 1703 cum
994 1664 1176 1714 veritate,
1205 1670 1271 1700 aut
1300 1663 1507 1714 charitate,
1535 1664 1598 1701 vel
1626 1662 1666 1701 in
1693 1662 1867 1713 speciem
1895 1669 2091 1712 pugnent,

143 1727 226 1758 turn
268 1723 362 1759 vero
405 1728 447 1759 vt
486 1720 526 1758 in
567 1720 768 1771 Vtriusque
810 1719 953 1768 modo,
995 1729 1222 1756 sermonum
1252 1716 1414 1767 inquam
1443 1717 1480 1754 &
1507 1716 1765 1767 scriptorum,
1795 1716 1991 1754 cancellos
2021 1714 2095 1753 sibi

143 1773 390 1812 circumdent
419 1775 537 1825 quam
564 1773 886 1824 prudentissime,
919 1778 1026 1810 extra
1055 1783 1155 1820 quos
1183 1782 1264 1808 non
1291 1770 1489 1820 patiantur
1517 1783 1558 1809 se
1585 1771 1782 1808 vellatum
1797 1770 1940 1819 pedem
1955 1768 2093 1818 abripi,

144 1827 324 1876 quamuis
353 1827 612 1866 clamantibus
641 1830 677 1866 &
704 1825 1014 1878 prouocantibus
1043 1823 1186 1862 multis.
1215 1825 1317 1861 Nam
1345 1836 1481 1862 seruos
1511 1824 1585 1862 Dei
1607 1830 1778 1861 armatos
1807 1835 1891 1861 esse
1906 1821 2093 1860 conuenit

143 1879 291 1918 inuicta
317 1880 384 1918 illa
409 1881 617 1931 patientia,
646 1882 696 1920 de
725 1893 802 1932 qua
830 1879 988 1918 dicebat
1015 1878 1122 1927 apud
1151 1878 1406 1915 Salomonem
1435 1879 1564 1927 Deus,
1602 1876 1745 1915 Melior
1773 1883 1831 1915 est
1857 1874 2092 1925 longanimis

144 1935 333 1984 robusto,
374 1936 409 1973 δε
437 1935 504 1984 qui
532 1934 758 1973 dominatur
786 1933 824 1971 in
853 1932 1027 1970 animum
1057 1943 1170 1969 suum
1198 1943 1246 1969 eo
1277 1930 1345 1980 qui
1373 1930 1478 1980 capit
1492 1931 1703 1969 ciuitatem.
1720 1930 1908 1968 Prouerb.
1946 1930 2006 1966 16.
2022 1941 2085 1977 32.

198 1986 306 2035 Quid
332 1986 456 2037 ergo?
484 2000 533 2026 an
561 2001 643 2027 non
666 1985 980 2038 propugnabitur
1007 1984 1150 2023 veritas
1177 1986 1201 2022 a
1229 1984 1350 2022 seruis
1367 1981 1474 2023 suis?
1502 1986 1630 2034 certe,
1658 1982 1899 2033 propugnari
1915 1988 2093 2032 oportet,

144 2052 191 2078 ac
218 2053 301 2079 non
329 2041 456 2079 deseri
483 2041 712 2081 veritatem:
741 2042 812 2080 sed
841 2038 1082 2090 propugnari
1109 2038 1201 2076 volo
1231 2038 1465 2089 commode,
1493 2051 1574 2076 non
1601 2044 1731 2075 autem
1759 2036 2028 2086 imprudenter
2056 2037 2092 2074 δι

143 2093 226 2132 sine
253 2095 379 2132 fructu
409 2094 518 2146 quasi
532 2095 693 2133 lacinias
710 2094 880 2134 veritatis
897 2092 1067 2142 discerpi
1081 2091 1376 2141 importunitate
1392 2091 1616 2142 hominum,
1648 2091 1714 2141 qui
1729 2089 1881 2129 veritati
1896 2089 2090 2127 seruiunt:

144 2148 384 2198 propugnari
413 2161 500 2186 eam
529 2150 553 2186 a
581 2149 700 2188 seruis
731 2150 843 2198 volo,
871 2148 950 2197 qua
978 2145 1204 2196 loquendo,
1240 2147 1317 2194 qua
1346 2145 1539 2194 tacendo,
1568 2146 1604 2182 δε
1634 2155 1794 2181 manum
1822 2142 1986 2181 Domini
2013 2142 2097 2192 (qui

144 2202 253 2239 Deus
292 2201 463 2240 veritatis
504 2204 578 2252 est)
620 2203 880 2253 expectando.
922 2201 1060 2249 Itaque
1090 2199 1180 2236 cum
1210 2197 1353 2236 veritas
1382 2197 1465 2248 ipsa
1495 2197 1708 2236 commode
1736 2196 1828 2235 velit
1857 2196 1956 2246 dici,
1985 2196 2094 2234 cuius

144 2254 438 2293 commoditatis
466 2255 564 2294 ratio
593 2255 786 2295 eiusmodi
814 2261 890 2304 est,
911 2260 954 2291 vt
981 2265 1029 2290 ex
1056 2258 1195 2290 natura
1223 2251 1306 2302 ipsa
1333 2264 1380 2289 ac
1408 2251 1490 2289 sine
1518 2250 1689 2289 veritatis
1718 2252 1753 2289 δε
1781 2250 1903 2288 modo
1934 2248 2093 2287 dicendi

143 2307 440 2358 scribendique,
471 2309 507 2346 δε
535 2310 712 2359 personis
740 2311 776 2348 δε
805 2305 1104 2347 circumstantiis
1134 2305 1322 2355 temporis
1351 2318 1398 2342 ac
1429 2304 1528 2355 loci,
1558 2304 1726 2342 maxime
1757 2303 2007 2343 obseruanda
2022 2302 2090 2341 sit:

145 2373 192 2399 ea
232 2361 367 2400 omnia
409 2362 441 2400 si
482 2363 757 2415 obseruemus,
786 2363 888 2402 bene
917 2366 994 2410 est,
1029 2357 1060 2397 si
1087 2371 1190 2409 non,
1228 2359 1268 2397 in
1296 2357 1547 2397 difficultates
1575 2365 1641 2396 aut
1668 2356 1740 2408 ipsi
1768 2356 1997 2406 incidimus,
2025 2363 2091 2394 aut

145 2413 242 2453 alios
271 2413 476 2455 inficimus.

197 2468 259 2505 Ac
296 2467 466 2518 primum
507 2468 668 2519 quidem
696 2469 900 2508 veritatem
929 2479 1001 2517 pro
1032 2464 1316 2504 commoditate
1344 2470 1504 2503 naturae
1518 2463 1639 2515 ipsius
1667 2463 1745 2503 dici
1772 2463 1972 2514 existimo,
2001 2464 2092 2501 cum

146 2520 286 2559 dicitur
315 2521 355 2559 id
386 2523 496 2572 quod
524 2529 602 2575 est3
630 2525 666 2562 &
694 2522 735 2562 id
763 2523 873 2574 quod
902 2533 985 2559 non
1012 2526 1088 2570 est,
1129 2524 1294 2568 negatur
1322 2518 1399 2556 fide
1427 2519 1464 2556 δε
1492 2517 1740 2568 simplicitate
1768 2529 1943 2568 summa,
1973 2527 2091 2566 quam

145 2573 223 2613 suis
263 2575 458 2614 Dominus
498 2577 607 2614 Deus
639 2576 810 2616 veritatis
848 2586 1004 2624 semper
1031 2571 1264 2622 imperauit:
1308 2572 1647 2621 quemdamodum
1676 2570 1848 2610 ostendit
1875 2571 2092 2621 Apostolus

145 2626 302 2678 dicens,
343 2628 534 2679 Deposito
577 2630 786 2669 mendacio
829 2625 1037 2679 loquimini
1064 2624 1267 2664 veritatem
1296 2624 1462 2675 quisque
1490 2624 1670 2675 proximo
1699 2636 1797 2663 suo:
1827 2624 1930 2663 Nam
1958 2635 2092 2662 sumus

144 2679 206 2729 alij
250 2681 418 2720 aliorum
460 2684 649 2723 membra.
694 2683 903 2722 i=nimuero
946 2679 1094 2718 labium
1136 2677 1307 2717 veritatis
1348 2678 1540 2717 stabilitur
1566 2679 1607 2716 in
1635 2687 1864 2716 aeternum:
1894 2684 1934 2715 at
1962 2677 2091 2716 donec

145 2742 392 2774 momentum
433 2736 668 2788 transigam,
705 2738 838 2788 lingua
865 2735 974 2774 falsa.
1002 2734 1120 2771 Prou.
1153 2745 1213 2770 12.
1247 2745 1307 2782 19.
1335 2731 1473 2770 Finem
1503 2735 1596 2770 vero
1625 2731 1738 2770 huius
1765 2730 1940 2770 veritatis
1968 2730 2091 2768 chari-

145 2794 265 2826 tatem
307 2802 392 2828 esse
432 2796 515 2828 tota
557 2790 749 2842 scriptura
793 2789 903 2829 testis
944 2794 1014 2826 est.
1056 2787 1158 2824 Nam
1201 2798 1250 2825 ex
1277 2785 1466 2824 charitate
1495 2785 1631 2824 docuit
1659 2798 1732 2824 nos
1760 2784 1961 2824 veritatem
1988 2784 2090 2822 hanc

1956 2838 2063 2875 Deus
2084 2850 2092 2874 ε
