2334 3020
251 125 320 158 ²¹72
868 118 1082 143 ‘russas
1125 118 1552 144 THEOLoGICAE.

243 226 429 265 essentiae
457 225 555 263 illius
584 223 867 273 definitionem,
896 224 964 261 sed
993 237 1060 273 per
1088 223 1270 262 attributa
1296 225 1424 262 solum
1452 223 1606 274 propria
1635 224 1771 274 ipsius:
1795 223 1985 274 quibus&
2002 225 2169 263 describi

246 279 423 317 maiestas
468 278 546 316 eius
584 277 880 326 quodammodo
918 276 1086 314 exilitate
1112 276 1235 314 nostri
1263 277 1451 315 sermonis
1482 277 1607 326 potuit
1635 280 1742 326 (nam
1770 276 1859 315 huic
1888 277 2004 316 etiam
2031 279 2173 316 reuela-

246 332 369 370 tiones
398 343 482 369 suas
511 328 823 379 contemporauit
852 330 974 378 Deus)
1005 330 1039 366 &3
1067 330 1349 378 comprehendi
1377 331 1571 368 humanae
1599 330 1738 368 mentis
1765 329 1954 380 angustia.

297 398 332 433 o.
388 383 604 422 Hominum
634 385 729 421 vero
758 396 804 420 ac
820 381 937 420 totius
949 381 1147 420 Ecclesiae
1163 383 1211 420 de
1229 384 1400 420 humano
1415 395 1555 432 genere
1571 384 1717 421 electae
1732 390 1848 432 atque
1866 389 2026 420 vocatae
2043 390 2177 421 natura

244 438 412 486 integra,
457 440 739 486 corruptaque,
781 436 816 472 &
851 441 933 473 tota
970 435 1142 485 ipsorum
1180 435 1277 473 ratio
1306 442 1386 473 tam
1416 438 1525 486 vere,
1554 436 1744 483 breuiter.
1773 435 2020 485 dilucideque
2051 436 2090 473 in
2118 436 2176 474 his

247 489 450 540 Scripturis
480 488 710 538 explicatur,
740 495 779 526 vt
807 494 957 526 caetera
984 487 1126 537 scripta
1155 487 1248 526 nihil
1278 489 1327 526 ad
1356 487 1584 538 dignitatem
1614 489 1796 538 ipsarum.

304 557 359 580 10.
415 543 491 580 Sed
533 541 622 591 quia
664 541 827 579 subiecti
869 541 1066 590 Vtriusque
1107 548 1283 578 naturam
1322 541 1361 579 in
1403 553 1444 578 se
1480 548 1547 579 aut
1583 541 1677 580 nihil
1704 549 1769 579 aut
1797 553 1934 591 parum
1964 541 2177 580 attinuisset

248 595 451 645 explicari,
488 594 560 632 nisi
598 594 709 632 unius
737 594 786 632 ad
815 595 975 632 alteram
1003 593 1139 632 relatio
1169 594 1300 632 fuisset
1329 595 1613 632 demonstrata:
1644 594 1851 644 propterea
1879 594 2049 632 diuinam
2079 594 2164 644 ipso

244 661 329 687 rum
357 648 644 686 ordinationem
673 648 708 684 &
739 647 869 685 officia
897 646 996 685 inter
1024 660 1064 685 se
1094 647 1291 696 Scriptura
1320 648 1449 685 docet.

304 715 360 740 11.
421 701 627 739 Ordinatio
668 707 746 750 est,
788 700 896 749 quod
936 701 1043 738 Deus
1086 701 1191 738 solus
1233 711 1351 738 causa
1385 713 1468 738 esse
1503 699 1722 738 ostenditur
1751 713 1831 738 non
1857 708 2012 739 causata
2042 702 2097 748 (vt
2127 700 2182 738 ita

244 757 465 804 loquamur)
505 754 574 791 sed
602 764 784 802 causans,
813 752 1123 803 principiumque
1151 755 1187 791 &
1214 753 1299 791 finis
1329 753 1504 791 omnium
1532 755 1555 791 a
1585 765 1685 803 quo⁷
1715 766 1781 802 per
1811 765 1928 803 quem
1957 755 1992 792 &
2020 761 2179 802 propter

246 820 363 857 quem
399 814 487 845 sunt
524 806 594 844 ista
623 806 772 844 omnia:
802 805 980 844 homines
1011 808 1101 844 vero
1130 808 1153 844 a
1180 807 1288 851 Deo,
1320 813 1360 843 vt
1389 805 1504 844 causa
1531 806 1655 856 prima
1687 811 1938 856 summaque,
1967 805 2183 856 proficisci,

244 862 293 898 ab
323 859 408 909 ipso
438 860 627 909 pendere,
658 861 692 897 &
721 859 769 896 ad
799 859 925 909 ipsum
953 866 994 896 vt
1023 860 1141 897 finem
1169 871 1281 897 suum
1310 859 1516 909 respicere.

302 927 356 950 12.
420 912 650 963 Officiorum
680 913 758 950 duo
789 918 876 950 sunt
902 925 1063 962 genera:
1093 925 1183 950 nam
1211 911 1284 950 alia
1312 912 1402 950 iuris
1431 919 1540 961 sunt,
1568 911 1708 961 quibus
1733 913 1774 949 τὸ
1791 913 1984 961 δικαίωμα
2008 916 2075 949 τοῦ
2094 913 2183 950 θεοῦ

244 967 444 1016 Scriptura
473 966 606 1003 docet:
635 967 671 1004 &
698 965 772 1003 alia
802 965 914 1015 facti,
943 964 1083 1014 quibus
1111 965 1185 1003 Dei
1213 965 1497 1015 hominumque
1527 965 1772 1015 operationes
1801 971 2061 1013 exponuntur.

301 1033 357 1069 13.
416 1020 568 1056 Diuimz
610 1018 739 1056 officia
781 1017 819 1055 in
861 1018 942 1056 iure
976 1017 1124 1067 posita7
1162 1017 1302 1068 partim
1335 1031 1382 1056 ex
1416 1025 1576 1056 naturae
1613 1017 1754 1068 ipsius,
1789 1022 2009 1067 partimque
2038 1017 2182 1066 gratiae

245 1070 545 1122 supernaturalis
573 1072 658 1109 luce
686 1070 943 1109 instrumento
973 1071 1081 1109 verbi
1109 1072 1144 1110 δι
1174 1071 1396 1120 Scripturae
1431 1084 1562 1109 sacrae
1578 1071 1802 1109 hominibus
1819 1071 2089 1108 ostenduntur.
2119 1070 2182 1108 Sic

245 1125 348 1163 enim
376 1126 483 1163 Deus
509 1124 687 1162 homines
715 1124 833 1162 afficit
860 1125 938 1162 hoc
968 1130 1132 1174 Vtroque
1160 1125 1303 1175 modo,
1332 1131 1372 1162 vt
1398 1124 1504 1174 ipsos
1532 1124 1590 1163 ius
1619 1136 1732 1162 suum
1760 1124 1919 1173 doceat.
1947 1125 1981 1162 &
2007 1123 2181 1161 debiturn

245 1178 392 1228 exigat,
423 1180 457 1216 &
485 1177 696 1227 gratiosum
725 1178 917 1227 spondeat
944 1185 1104 1227 propter
1134 1176 1303 1227 seipsum
1332 1177 1561 1216 voluntarie.

304 1245 361 1278 14.
418 1232 609 1268 Humana
652 1233 766 1280 vero,
814 1230 845 1268 si
882 1230 932 1268 ad
966 1231 1024 1269 ius
1052 1230 1282 1281 respexeris,
1314 1230 1446 1269 officia
1475 1230 1649 1268 Domino
1679 1229 1813 1268 deberi
1842 1228 2039 1279 Scriptura
2069 1230 2185 1267 docet

245 1291 407 1334 propter
447 1289 607 1321 naturae
649 1285 772 1333 legem
816 1285 851 1322 &
888 1283 1033 1333 gratiae
1071 1283 1226 1322 diuinae
1269 1283 1490 1322 veritatem:
1529 1291 1568 1322 vt
1607 1297 1647 1322 se
1673 1283 1745 1333 ipsi
1774 1283 1978 1321 docendos
2008 1283 2185 1331 tradant7

245 1337 423 1375 debitum
451 1343 663 1386 praestent,
694 1336 936 1386 gratiamque
965 1337 1230 1386 praehendam
1260 1337 1350 1375 fide.

305 1402 363 1440 15.
419 1391 478 1427 Ex
514 1390 618 1427 facto
649 1389 791 1427 dicitur
819 1390 915 1427 haec
946 1389 1075 1428 officia
1106 1390 1256 1428 homini
1284 1397 1479 1439 praestare
1508 1392 1614 1427 Deus
1644 1390 1751 1438 quod
1781 1388 1948 1435 creauit.
1976 1395 2185 1436 sustentat.

247 1445 438 1493 gubernat
478 1442 605 1492 ipsum
648 1443 682 1480 &
725 1456 784 1480 res
821 1450 994 1480 caeteras
1031 1442 1150 1492 ipsius
1180 1455 1314 1491 causa.
1344 1451 1504 1481 naturae
1532 1444 1659 1480 lucem
1688 1449 1893 1480 conseruat
1922 1443 1957 1479 &
1985 1441 2182 1491 accendit,

247 1498 340 1534 vero
371 1495 529 1534 exhibet
556 1494 594 1533 in
625 1495 753 1533 multis
782 1495 1019 1545 salutariter„
1049 1497 1083 1534 ἃ
1112 1495 1149 1532 111
1181 1495 1363 1534 omnibus
1391 1495 1612 1534 efficaciter.

304 1551 363 1586 16.
418 1550 555 1586 Homo
599 1551 690 1587 vero
732 1561 804 1598 pro
835 1549 973 1586 officiis
1011 1550 1099 1586 Deo
1138 1550 1352 1598 rependere
1382 1549 1589 1586 maleficia:
1618 1561 1707 1585 nam
1739 1561 1809 1598 pro
1840 1560 1887 1585 eo
1917 1548 2026 1596 quod
2055 1548 2183 1585 Deum

248 1609 427 1651 agentem
457 1614 670 1651 agnoscere
700 1604 734 1640 &
764 1601 875 1651 sequi
903 1603 1093 1651 oportuit
1122 1603 1244 1640 homo
1274 1604 1411 1640 contra
1438 1601 1568 1652 agenti
1597 1601 1783 1639 obnititur
1807 1602 1944 1650 plane
1960 1606 2025 1638 aut
2039 1606 2184 1638 tractus

246 1655 417 1704 sequitur
446 1654 718 1693 infirmissime.

305 1720 363 1767 17.
420 1708 670 1757 Quapropter
697 1708 804 1745 Deus
836 1709 931 1745 haec
960 1707 1111 1757 singula
1138 1707 1418 1756 sapientissime
1447 1708 1484 1745 in
1514 1707 1631 1745 sacris
1660 1706 1866 1756 Scripturis
1896 1706 2121 1755 explicauit
2145 1712 2185 1742 vt

248 1760 505 1799 certissimum
534 1760 572 1797 in
602 1773 762 1798 omnem
794 1760 1043 1810 memoriam
1073 1762 1108 1798 ἃ
1137 1760 1366 1798 iustissimae
1395 1760 1672 1806 ordinationis
1701 1762 1748 1810 &
1766 1759 1983 1796 officiorum
2010 1758 2185 1797 omnium

247 1813 514 1852 communium
543 1813 870 1863 singulariumque
898 1815 1101 1863 speculum
1130 1820 1218 1851 ante
1247 1815 1383 1851 oculos
1413 1814 1631 1852 haberetur.

305 1869 362 1905 18.
419 1866 654 1904 Essentiales
683 1866 813 1916 itaque
844 1879 975 1904 sacrae
1006 1866 1224 1916 Scripturae
1248 1873 1389 1917 partes
1417 1870 1473 1915 (vt
1488 1868 1536 1904 ad
1553 1865 1766 1904 secundum
1783 1866 1913 1902 locum
1931 1865 2184 1911 transeamus)

246 1927 335 1958 sunt
377 1920 496 1957 duae:
534 1932 609 1956 vna
646 1919 704 1957 ius
740 1919 890 1969 ipsum
918 1919 998 1957 siue
1027 1919 1295 1979 quaestionem
1324 1919 1410 1958 iusti
1440 1921 1473 1957 &
1503 1919 1629 1957 iniusti
1659 1918 1877 1968 explicans,
1906 1930 2023 1967 quam
2055 1919 2186 1954 Patres

246 1973 427 2011 dixerunt
464 1972 745 2021 Aetiologiam
779 1972 840 2020 alij
880 1973 985 2010 haud
1014 1973 1094 2010 scio
1123 1985 1171 2009 an
1207 1972 1341 2010 melius
1371 1973 1655 2023 δικαιολογίανε
1685 1973 1805 2009 altera
1832 1983 2031 2021 exponens
2061 1982 2186 2007 narra-

243 2026 391 2064 tionem
419 2024 527 2072 facti
558 2037 676 2075 quam
704 2025 757 2063 illi
786 2025 1086 2064 nominauerunt
1113 2024 1330 2063 historiam.

304 2092 362 2129 19.
419 2081 589 2116 Rursum
618 2080 839 2128 aeti'olotqzae
866 2085 994 2128 partes
1024 2085 1111 2116 sunt
1139 2078 1360 2116 essentiales
1390 2078 1512 2127 duae,
1536 2088 1643 2136 quae.
1657 2078 1775 2127 vulgo
1799 2076 1915 2127 Legis
1931 2077 1966 2114 &
1982 2074 2183 2135 Euangelij

249 2132 408 2170 nomine
437 2131 826 2170 circumscribuntur:
856 2144 997 2181 nempe
1020 2144 1119 2181 quae
1139 2132 1186 2168 de
1201 2131 1342 2169 iustitia
1359 2143 1542 2180 operum
1560 2129 1778 2179 iustitiaque
1793 2130 1883 2168 fidei
1898 2129 2057 2180 exponit
2071 2130 2186 2167 Deus.

305 2199 365 2223 20.
421 2185 628 2223 Hi'storzae
669 2187 762 2222 vero
791 2197 922 2223 sacrae
950 2191 1079 2234 partes
1107 2192 1195 2222 sunt
1222 2184 1406 2222 totidem:
1435 2197 1524 2221 nam
1554 2182 1650 2221 aliae
1679 2185 1729 2221 ad
1757 2196 1817 2221 res
1846 2182 1993 2233 priores
2021 2183 2057 2219 &
2085 2188 2187 2219 ante-

248 2245 375 2288 gestas
416 2237 630 2287 pertinent,
673 2238 768 2275 aliae
810 2237 860 2275 ad
902 2251 966 2275 eas
1011 2250 1110 2287 quae
1144 2237 1422 2287 praedicuntur
1456 2237 1663 2286 gerendae.
1705 2236 1857 2274 Priores
1885 2237 1963 2274 fere
1989 2234 2187 2273 Historiae

249 2290 424 2340 simplice
452 2289 631 2340 nomine,
660 2290 895 2340 posteriores
924 2290 1157 2339 Prophetiae
1187 2292 1314 2329 solent
1341 2288 1540 2339 appellari.

306 2357 365 2381 21.
421 2343 496 2382 His
531 2344 703 2393 partibus
732 2343 848 2381 etiam
878 2343 1149 2382 concludimus
1179 2343 1343 2381 mixtum
1374 2342 1469 2380 illud
1499 2341 1720 2391 Scripturae
1749 2353 1891 2392 genus,
1920 2340 1986 2380 vbi
2011 2341 2189 2390 exempla

248 2396 507 2446 historiaeque
536 2408 625 2434 cum
655 2396 902 2435 documentis
930 2396 1169 2447 aetiologicis
1198 2395 1502 2445 coniunguntur:
1537 2394 1627 2444 quia
1652 2393 1810 2444 Spiritui
1833 2402 1970 2433 sancto
1986 2400 2190 2443 vtrumque

247 2450 371 2488 visum
409 2457 487 2500 est
527 2451 561 2487 &
590 2448 648 2488 ius
676 2449 863 2514 exemplis
891 2450 1087 2500 illustrari,
1117 2450 1152 2487 δι
1181 2451 1360 2499 exempla
1387 2448 1469 2486 iure
1498 2447 1667 2486 discerni
1696 2448 1732 2485 &
1761 2447 1962 2486 diiudicari
1992 2453 2184 2496 oportere.

301 2516 361 2542 22.
416 2504 637 2551 Integrales
659 2505 752 2541 vero
780 2505 837 2551 (vt
863 2504 1077 2552 loquuntur
1100 2504 1235 2552 vulgo)
1252 2509 1379 2552 partes
1399 2501 1618 2550 Scripturae
1634 2514 1766 2539 sacrae
1781 2507 1869 2539 sunt
1885 2500 2004 2538 duae:
2022 2511 2186 2548 quarum

249 2569 366 2594 vnam
400 2558 439 2593 T
436 2561 679 2594 estamentmn
707 2561 834 2605 vetus
862 2557 1023 2594 alteram
1051 2557 1209 2593 Nouum
1239 2555 1424 2604 appellari
1452 2553 1619 2592 obtinuit
1646 2564 1747 2591 vsus.

304 2621 365 2658 23.
418 2608 679 2646 Testamentis
719 2586 858 2647 veteris
898 2622 945 2647 ex
983 2608 1189 2647 autoritate
1228 2607 1449 2658 Scripturae
1479 2609 1513 2645 &
1541 2607 1738 2644 bonorum
1767 2617 1960 2644 consensu
1989 2604 2190 2654 multiplex

247 2661 323 2700 iam
353 2661 447 2700 olim
476 2660 546 2698 fuit
577 2661 716 2699 tradita
744 2661 903 2700 diuisio:
934 2661 1167 2711 Praecipuas
1196 2661 1384 2720 quasdam
1413 2673 1458 2698 ex
1488 2659 1542 2698 eis
1571 2660 1803 2698 adferemus.

259 2763 262 2765 Α
308 2728 368 2761 24.
423 2714 551 2752 Prima
594 2714 732 2752 diuisio
774 2721 848 2764 est,
891 2715 1132 2752 'Iestamenti
1170 2714 1308 2752 veteris
1337 2714 1433 2751 duas
1462 2725 1544 2751 esse
1574 2719 1720 2762 partes,
1748 2713 1895 2761 Legem
1924 2711 2005 2749 siue
2032 2712 2186 2748 Mosem

251 2775 539 2816 pezwzrkuuk„
569 2768 603 2804 ἃ
632 2767 844 2816 Prophetas
873 2768 952 2805 siue
982 2769 1022 2815 (f.
1058 2769 1173 2817 1755)
1202 2766 1504 2805 declarationem
1534 2766 1668 2815 Legis:
1698 2766 1844 2803 Mczttlz.
1873 2777 1907 2814 5.
1938 2764 2105 2811 17.Luc.
2125 2775 2184 2809 24.

2005 2827 2065 2864 27.
2094 2828 2183 2853 nam
