2334 3020
772 120 842 146 DE
884 120 1029 146 VERA
1070 117 1425 145 THEoLooiA.
2010 109 2061 157 85

133 237 265 270 matur
281 234 511 280 argumento
539 227 693 266 diuinae
707 226 894 276 veritatis,
917 225 970 264 ita
985 226 1099 264 etiam
1113 224 1276 263 iustitiae
1292 254 1302 274 ,
1318 226 1353 263 δι
1368 224 1658 262 sanctimoniae.
1688 225 1790 262 Nam
1805 223 1913 273 quod
1926 224 2067 262 iustum

132 287 167 324 δε
199 290 376 322 sanctum
405 288 462 320 est
487 281 685 327 absolute,
712 279 752 318 id
780 290 980 328 nunquam
1009 278 1151 317 iustum
1179 280 1214 316 &
1242 284 1420 316 sanctum
1448 289 1530 316 esse
1557 289 1638 316 non
1666 283 1813 326 potest:
1842 277 2009 327 Iustitia,
2031 279 2066 316 &

135 335 394 376 sanctimonia
421 334 520 373 iusta
548 340 626 383 est,
656 336 690 371 ἃ
719 339 851 371 sancta
866 332 1061 370 absolute:
1086 333 1298 381 Nunquam
1318 343 1412 381 ergo
1427 343 1509 369 esse
1523 337 1673 380 potest,
1688 330 1780 379 quin
1796 330 1933 368 eadem
1946 330 2066 378 iusta,

132 393 167 429 &
197 396 328 428 sancta
354 389 418 438 sit,
447 401 494 425 ac
520 386 686 437 proinde
712 398 811 436 vna,
839 392 1015 435 aeterna,
1043 386 1078 423 &
1106 383 1368 423 immutabilis.
1397 384 1475 422 Sed
1502 383 1641 422 iustitia
1669 385 1704 422 &
1732 383 2008 431 sanctimonia,
2034 383 2065 421 si

134 456 211 493 qua
237 455 329 481 vera
356 447 434 490 est,
463 453 508 478 ea
536 439 695 478 demum
722 451 814 477 vera
842 438 1010 477 dicenda
1037 445 1115 489 est,
1143 450 1243 487 quae
1270 436 1413 475 iustitia
1440 444 1515 482 est,
1544 439 1579 475 δι
1607 436 1842 485 sanctimo(f.
1870 437 2064 486 1409.)nia

132 496 288 534 diuinae
303 493 492 532 veritatis:
521 505 621 542 quae
649 491 948 542 supernaturalis
976 497 1033 529 est
1060 491 1098 529 in
1119 503 1176 535 se,
1201 492 1236 528 &
1250 489 1440 529 attributis
1456 490 1532 528 suis
1548 490 1751 540 omnibus,
1767 490 1802 527 &
1820 500 1920 539 quae
1935 491 2062 528 forma

131 549 263 587 diuina
304 553 380 597 est,
421 557 538 595 quam
580 547 688 584 Deus
732 544 919 595 expressit
951 557 1086 594 vnam,
1124 550 1345 593 aeternam,
1381 546 1414 581 ἃ
1452 542 1733 581 immutabilem
1759 543 1798 581 in
1827 548 1959 580 nostra
1988 543 2063 581 hac

129 600 358 651 Theologia.
400 601 602 638 Postremo
638 599 728 636 cum
756 598 805 636 ad
832 599 929 636 haec
958 597 1090 635 onmia
1117 597 1164 635 sit
1191 608 1350 646 quoque
1376 596 1590 634 necessaria
1618 595 1791 634 conditio
1820 595 1885 633 illa
1911 595 2059 645 perfec-

130 654 265 704 tionis,
307 665 425 703 quam
466 654 554 691 ante
596 651 840 702 dicebamus,
883 651 1066 700 equidem
1105 650 1158 688 ita
1197 649 1347 700 iudico,
1390 649 1638 699 perfectionis
1680 648 1797 698 illius,
1841 660 1941 698 quae
1978 660 2060 686 non

131 709 318 756 humana,
347 712 413 744 aut
440 705 662 743 humanitus
690 704 919 754 informata,
947 704 1016 742 sed
1043 703 1226 741 diuinitus
1255 702 1294 740 in
1324 702 1485 740 veritate
1514 701 1757 752 Theologiae
1782 713 1962 752 expressa
1985 707 2064 752 est,

130 760 317 799 vnitatem
345 765 510 809 certam,
538 758 827 807 aeternitatem,
856 759 891 795 &
919 756 1270 795 immutabilitatem
1299 758 1405 794 certo
1433 754 1690 794 demonstrari
1717 754 1782 793 illa
1805 753 2065 805 perfectione,

131 825 252 863 quam
292 811 535 862 Theologiae
575 817 731 849 nostrae
771 809 1022 861 assignamus.
1066 810 1187 858 Quod
1215 809 1318 847 enim
1347 810 1561 858 perfectum
1590 814 1647 846 est
1676 808 1893 846 secundnm
1915 809 2064 858 Deum,

132 867 237 905 idem
280 872 337 904 est
380 865 562 913 omnino,
604 866 639 903 &
673 876 826 914 semper
861 875 999 912 vnum,
1036 865 1336 912 aeternumque,
1366 862 1401 899 &
1429 861 1691 899 immutabile:
1720 861 1947 911 praesertim
1976 861 2065 899 cum

132 921 232 958 haec
260 918 480 968 Theologia
506 924 639 955 nostra
668 917 762 956 nihil
790 917 838 955 sit
864 915 991 967 aliud,
1020 918 1139 965 quam
1166 926 1346 964 expressa
1362 915 1556 964 quaedam
1571 913 1778 953 delineatio
1794 913 1893 952 illius
1908 912 2066 964 vnicae,

133 979 334 1021 aeternae,
377 974 412 1010 δε
453 970 704 1009 immutabilis
741 968 1010 1020 perfectionis,
1045 981 1122 1018 qua
1148 969 1266 1006 ‘Deus
1301 974 1360 1005 est
1387 966 1700 1016 perfectissimus.
1729 969 1798 1006 Est
1826 973 1955 1005 autem
1982 979 2065 1005 non

132 1026 259 1064 solum
286 1025 480 1074 perfectus
508 1025 637 1073 Deus,
667 1023 735 1061 sed
762 1022 846 1072 ipsa
873 1020 1061 1072 perfectio
1090 1019 1323 1069 essentialis,
1352 1022 1386 1058 &
1414 1020 1663 1069 perfectionis
1692 1019 1819 1058 omnis
1847 1032 2004 1071 caussa,
2032 1023 2068 1058 δι

132 1079 351 1128 exemplar,
394 1079 430 1116 δε
470 1076 557 1115 finis
599 1075 945 1115 constantissimus.
987 1076 1123 1113 Restat
1159 1073 1274 1124 igitur
1309 1078 1352 1111 vt
1384 1086 1430 1111 ex
1458 1072 1522 1121 iis-7
1552 1085 1652 1122 quae
1680 1073 1799 1111 modo
1828 1072 1934 1111 dicta
1961 1079 2072 1123 sunt,

132 1131 435 1179 concludamus,
458 1131 560 1168 hanc
588 1129 849 1179 Theologiam
878 1141 994 1165 vnam
1023 1140 1125 1177 esse,
1152 1133 1372 1172 aeternam,
1403 1128 1438 1163 &
1465 1125 1768 1175 immutabilem,
1798 1128 1832 1164 ἃ
1861 1139 1944 1164 θεεθ
1972 1125 2073 1174 veri-

132 1184 219 1223 tatis
262 1183 406 1233 iustae,
449 1189 625 1232 sanctae,
656 1183 931 1232 perfectaeque
960 1180 1130 1218 indicem
1158 1178 1501 1229 perfectissimum,
1531 1190 1648 1228 quem
1675 1178 1726 1216 ad
1753 1180 1952 1228 exemplar
1981 1190 2072 1217 suae

133 1236 304 1277 veritatis
341 1238 448 1274 Deus
477 1235 810 1274 communicatum
839 1233 963 1272 uoluit
991 1246 1082 1271 cum
1109 1234 1282 1271 humano
1311 1244 1454 1282 genere
1483 1232 1533 1270 ad
1559 1230 1723 1282 gloriam
1751 1243 1882 1282 suam,
1911 1233 1947 1269 &
1975 1233 2072 1270 salu-

133 1298 212 1330 tem
240 1289 460 1329 animarum
486 1295 709 1328 nostrarum
738 1287 777 1326 in
806 1286 963 1326 Christo
993 1288 1094 1324 Iesu.

906 1568 1137 1607 CAPVT
1179 1569 1280 1606 XV.

651 1700 716 1737 De
744 1711 864 1737 causa
891 1698 1079 1749 efficiente
1107 1703 1264 1737 nostrae
1296 1699 1539 1746 Theologiae.

183 1819 364 1856 D1X1Mvs
405 1817 456 1856 ad
499 1819 604 1855 hunc
645 1827 767 1866 vsque
806 1818 940 1855 locum
976 1816 1026 1854 de
1062 1816 1236 1866 partibus
1264 1814 1551 1866 essentialibus,
1582 1817 1638 1864 (vt
1665 1815 1847 1853 dicuntur
1875 1816 2009 1866 vulgo)
2038 1818 2072 1854 ἃ

134 1871 262 1910 causis
304 1871 465 1910 internis
502 1870 744 1920 Theologiae
772 1876 940 1908 nostrae.
981 1871 1098 1907 Nunc
1125 1869 1176 1907 ad
1203 1882 1268 1907 eas
1296 1881 1431 1907 causas
1460 1875 1517 1907 est
1546 1868 1781 1907 veniendum
1811 1868 1947 1918 nobis,
1975 1881 2075 1918 quae

133 1931 316 1963 externae
357 1924 438 1962 siue
481 1923 718 1962 extrinsecae
758 1923 944 1973 appellari
984 1923 1123 1962 solent.
1165 1923 1247 1960 Eae
1287 1928 1375 1960 sunt
1409 1921 1600 1968 efficiens,
1634 1924 1670 1960 &
1706 1922 1813 1972 finis,
1850 1933 1946 1971 quas
1972 1922 2072 1960 iusto

133 1977 294 2028 ordine,
335 1979 453 2026 quam
487 1976 748 2015 breuissisime
785 1976 868 2015 fieri
905 1976 1066 2026 poterit,
1094 1987 1388 2026 prosequemur.
1435 1976 1547 2014 Thes.
1575 1985 1719 2013 xxvm.
1751 1977 1876 2012 Causa
1903 1975 2076 2024 efficiens

131 2037 288 2069 nostrae
321 2032 360 2068 T
354 2031 553 2080 lzeologz'ae
579 2031 722 2080 duplex
749 2031 774 2066 ὰ
803 2030 909 2067 nobis
929 2031 1115 2080 ponitur:
1156 2030 1239 2067 Vna
1258 2030 1515 2079 princepalis,
1543 2029 1592 2066 ἐφ’
1606 2029 1637 2065 I
1634 2029 1921 2066 nstrmnentalzssv
1935 2030 2073 2067 altera.

134 2084 458 2133 Quotiescunque
496 2083 544 2121 de
573 2094 689 2121 causa
718 2082 911 2121 efficiente
941 2082 996 2120 rei
1024 2082 1185 2120 alicuius
1212 2082 1355 2132 agitur,
1382 2082 1422 2120 id
1450 2081 1618 2119 maxime
1645 2082 1815 2119 solemus
1843 2081 2076 2132 obseruare,

133 2144 262 2176 Vtrum
305 2148 440 2175 caussa
481 2136 654 2174 efficiens
697 2147 765 2174 sua
807 2135 926 2185 ipsius
962 2135 1001 2174 vi
1028 2135 1190 2182 efficiat,
1220 2147 1293 2174 nec
1320 2131 1396 2173 ne?
1435 2136 1577 2172 Vtrum
1604 2134 1746 2172 efficiat
1773 2140 1922 2180 totum,
1950 2147 1999 2172 an
2029 2147 2077 2172 ex

133 2187 269 2240 parte?
296 2191 438 2228 Vtrum
466 2189 633 2238 denique
661 2201 745 2227 rem
774 2189 917 2227 efficiat
944 2188 1217 2238 essentialiter,
1246 2201 1296 2226 an
1324 2189 1417 2226 vero
1446 2185 1725 2226 accidentarie?
1753 2188 1867 2225 Haec
1894 2187 1933 2226 in
1961 2188 2077 2226 rebus

133 2244 316 2282 omnibus
358 2245 393 2281 &
433 2243 672 2281 naturalibus
713 2245 748 2281 δε
788 2241 967 2280 humanis
1010 2248 1167 2291 oportet
1200 2244 1223 2279 a
1250 2241 1365 2279 nobis
1392 2240 1618 2290 obseruari,
1647 2247 1688 2279 vt
1714 2253 1847 2279 veram
1875 2241 2074 2279 scientiam

133 2307 266 2335 earum
293 2308 423 2335 rerum
450 2307 720 2346 assequamur,
750 2307 846 2345 quas
874 2307 966 2333 suae
993 2306 1153 2333 caussae
1181 2294 1364 2332 efficiunt.
1403 2294 1483 2332 Hic
1511 2295 1604 2332 vero
1633 2306 1753 2344 quum
1770 2295 1819 2332 de
1835 2294 2076 2344 Theologia,

133 2349 174 2388 id
200 2356 276 2400 est,
304 2349 489 2399 sapientia
516 2348 581 2387 illa
609 2348 765 2387 diuinae
792 2348 962 2387 veritatis
981 2348 1127 2399 agitur,
1156 2358 1274 2396 quam
1302 2348 1408 2385 nulla
1435 2353 1631 2396 creatura,
1660 2360 1707 2385 ac
1734 2360 1783 2385 ne
1811 2346 1894 2397 ipsa
1918 2347 2077 2397 quidem

132 2402 363 2441 vniuersitas
392 2402 730 2452 comprehendere
758 2408 824 2440 aut
852 2401 1007 2451 assequi
1033 2407 1186 2451 potest,
1207 2401 1385 2450 profecto
1407 2400 1513 2438 hunc
1528 2400 1697 2438 eundem
1712 2400 1875 2438 modum
1888 2401 1927 2438 in
1942 2413 2076 2449 recog-

134 2456 336 2494 noscenda
362 2455 582 2506 Theologia
610 2462 744 2494 nostra
771 2454 1061 2505 diligentissime
1090 2464 1189 2504 opus
1217 2460 1274 2492 est
1301 2453 1502 2492 obseruari
1529 2455 1565 2492 &
1591 2453 1745 2502 videre,
1774 2453 1868 2502 quid
1895 2466 1982 2491 eam
2011 2465 2080 2491 sua

133 2509 190 2559 vi,
232 2515 354 2547 totam
395 2516 462 2547 aut
502 2521 550 2548 ex
585 2515 717 2558 parte,
752 2507 1022 2558 essentialiter,
1057 2514 1122 2545 aut
1149 2506 1411 2545 accidentarie
1441 2505 1632 2545 effecerit:
1663 2505 1758 2555 quid
1786 2505 1999 2544 adiumenti
2027 2506 2078 2544 ad

135 2575 223 2600 eam
254 2561 499 2600 efficiendam
528 2561 745 2600 accesserit.
774 2562 875 2600 Cum
904 2567 1034 2599 autem
1061 2562 1165 2598 hanc
1195 2559 1442 2610 sapientiam,
1471 2560 1521 2598 de
1551 2571 1628 2610 qua
1655 2571 1761 2597 nunc
1787 2559 1932 2609 agitur,
1952 2561 1988 2597 T
1990 2559 2080 2598 heo-

132 2614 280 2665 logiam
317 2621 491 2653 nostram
531 2616 792 2664 appellemus,
821 2626 986 2663 quarum
1016 2625 1159 2651 vocum
1186 2612 1292 2662 prior
1320 2625 1466 2652 nomen
1494 2619 1551 2651 est
1579 2613 1753 2662 generis,
1782 2612 1976 2662 posterior
2005 2611 2080 2651 dis-

134 2667 275 2718 tinguit
301 2679 447 2717 genus,
476 2669 512 2706 &
539 2667 709 2717 speciem
739 2667 938 2705 constituit
965 2666 1084 2705 illius:
1122 2667 1236 2704 Haec
1265 2666 1424 2704 demum
1455 2665 1669 2704 certissima
1697 2665 1794 2703 ratio
1824 2665 1974 2704 videtur
1994 2667 2078 2704 fore

135 2721 186 2759 ad
213 2720 552 2770 peruestigandam
581 2720 812 2759 efficientem
842 2731 1020 2769 causam,
1050 2719 1080 2757 si
1109 2731 1156 2756 ex
1183 2719 1266 2768 ipsa
1285 2719 1439 2769 generis
1465 2721 1500 2758 ἃ
1517 2718 1659 2768 speciei
1674 2718 1822 2757 ratione
1837 2717 2079 2768 deprehendi

135 2780 276 2824 potest.
318 2775 453 2812 Genus
487 2779 544 2812 est
570 2774 808 2824 Theologia,
837 2773 877 2811 id
905 2779 980 2823 est,
1009 2772 1195 2822 sapientia
1225 2783 1291 2810 seu
1319 2772 1417 2810 ratio
1446 2784 1574 2810 rerum
1602 2771 1834 2810 diuinarum.
1862 2784 1923 2809 res
1945 2778 2075 2809 autem

1921 2824 2076 2863 diuinae
