2334 3020
778 111 993 138 THESES
1032 110 1470 138 THEOLOGICAE.
2028 111 2099 151 205

147 218 292 264 lucem,
335 218 369 255 δι
411 220 433 255 a
475 217 652 266 potentia
695 217 859 255 Satanae
900 217 950 255 ad
995 216 1121 267 ipsum
1163 231 1210 256 ex
1249 217 1496 267 beneplacito
1543 230 1634 257 suae
1672 218 2032 268 praedestinationis
2061 218 2098 255 in

150 271 306 309 Christo
336 272 434 308 Iesu.

200 337 236 372 9.
292 325 404 361 Haec
432 323 570 361 eadem
601 323 756 361 vocatio
786 336 866 361 non
895 325 994 361 male
1025 323 1265 373 particularis
1293 325 1533 374 appellatur,
1563 326 1667 362 velut
1682 323 2091 374 communiopposita,

147 376 239 425 quia
281 378 388 414 Deus
431 389 499 425 per
537 375 784 414 vocationem
813 377 914 414 hanc
943 375 1134 414 internam
1164 377 1212 415 de
1241 377 1444 415 communi
1473 377 1679 416 hominum
1707 376 1788 416 siue
1818 377 1952 416 mundi
1983 377 2097 428 parti-

148 431 277 467 culam
315 429 511 479 quandam
540 440 607 467 5611
636 441 779 479 corpus
807 429 1037 478 particulare
1067 430 1230 480 excipit,
1261 430 1479 468 secundum
1509 430 1744 471 electionem
1773 431 1940 482 gratiac;
1968 443 2101 480 (1116111-

147 483 364 521 admodum
405 481 533 520 aiebat
573 481 768 531 Christus,
810 484 946 523 Mzttlc.
992 497 1053 521 20.
1095 485 1145 522 (ἓν
1184 497 1242 521 22.
1288 483 1401 522 Multi
1445 485 1594 531 vocati,
1636 483 1752 534 pauci
1795 485 1929 531 electi,
1969 484 2007 523 id
2047 491 2102 522 est

150 535 284 574 donati
314 535 521 573 vocatione
551 535 733 586 singulari
762 536 978 574 secundum
1005 536 1239 575 electionem
1268 542 1466 575 aeternam
1497 542 1531 577 δι
1560 537 1797 587 singularem
1826 536 1955 587 ipsius.

211 603 265 627 ιο.
320 588 516 626 Differunt
546 590 642 627 haec
671 589 750 627 duo
780 589 1034 628 vocationum
1063 603 1228 640 genera,
1258 590 1366 639 quod
1397 591 1493 628 hacc
1523 593 1546 629 a
1574 590 1696 641 gratia
1725 589 1909 641 singulari
1937 597 2008 638 est,
2036 590 2099 628 illa

149 640 351 679 communi
393 641 532 691 gratia:
577 643 675 679 haec
717 641 891 692 piorum,
935 643 1150 680 electorum
1190 650 1303 693 puta,
1333 643 1395 680 illa
1425 645 1636 682 multorum
1667 650 1747 689 est,
1775 644 1979 682 hominum
2009 650 2101 693 puta

147 693 385 744 promiscue:
431 695 528 732 hacc
571 695 763 733 internam
808 695 1081 733 efficacitatem
1124 696 1287 746 Spiritus
1317 696 1665 736 Sanctificationis:
1708 698 1778 735 Illa
1808 705 2008 736 externam
2038 704 2104 734 aut

148 759 424 796 communem,
467 754 531 785 aut
570 750 675 786 certe
703 761 784 786 non
812 761 934 797 vsque
963 749 1063 787 adeo
1093 756 1275 799 agentem
1305 750 1423 788 habet
1452 749 1491 787 in
1519 749 1791 801 audientibus,
1821 757 1862 788 vt
1891 749 2103 788 sanctifica-

146 800 293 838 tionem
336 800 543 838 salutarem
585 815 631 839 ex
675 814 719 838 ca
754 809 1068 851 consequantur:
1098 803 1195 840 hacc
1226 811 1374 849 metae,
1404 803 1557 853 salutis,
1587 806 1621 842 &
1651 803 1901 853 perfectionis
1930 810 2007 842 est:
2037 802 2102 840 illa

148 852 429 901 inchoationis,
458 855 493 892 &
523 854 681 903 praeuia
710 854 841 892 salutis
871 857 1020 893 solum:
1052 855 1221 905 denique
1251 857 1346 894 haec
1375 855 1530 895 vocatio
1560 863 1616 895 est
1642 856 1862 903 Ecclesiae,
1880 855 2101 906 quainuisi-

147 905 234 944 bilis
278 905 412 944 vinens
454 906 556 944 intus
598 907 635 945 in
665 920 830 957 corpore
869 908 1013 946 Christi
1048 909 1098 946 de
1128 908 1271 958 Spiritu
1300 908 1466 957 Christi,
1495 909 1559 947 illa
1589 909 1790 947 Ecclesiae
1820 910 2102 955 communiter,

149 958 225 1007 qua
254 966 312 997 est
340 959 519 1009 visibilis,
550 961 698 999 habens
726 960 764 998 in
794 973 961 1011 corpore
989 961 1134 1000 Christi
1164 961 1279 1000 etiam
1294 963 1474 1000 membra
1489 962 1761 1012 adnascentia,
1786 964 1917 1002 &non
1935 962 2103 1001 viuentia

149 1012 199 1050 (16
228 1012 372 1061 Spiritu
403 1012 560 1051 Christi.

208 1079 264 1102 11.
321 1065 425 1104 Finis
455 1073 512 1104 est
541 1071 691 1116 Vtrique
719 1066 917 1105 vocationi
946 1068 1109 1116 duplex:
1142 1067 1347 1117 proximus
1375 1069 1621 1106 &summum
1653 1070 1863 1107 Proximus
1880 1069 2102 1107 communis

148 1118 369 1157 vocationis
410 1127 467 1157 est
495 1119 628 1158 electis
656 1119 940 1158 conscientiam
966 1120 1088 1170 affici,
1116 1122 1151 1158 &
1182 1133 1339 1159 sensum
1368 1120 1450 1159 indi
1478 1121 1692 1159 efficaciter
1720 1122 1811 1160 mali
1840 1122 2036 1172 ipsorum,
2066 1123 2100 1159 ἃ

151 1183 262 1210 vsum
291 1172 391 1210 tradi
422 1172 513 1222 ipsis
543 1172 699 1210 diuinae
728 1172 874 1222 gratiae
907 1187 997 1223 erga
1026 1173 1132 1223 ipsos
1161 1173 1354 1223 salutaris,
1383 1174 1466 1212 aliis
1496 1177 1612 1219 vero,
1642 1175 1733 1213 mali
1765 1175 1938 1225 ipsorum
1966 1176 2104 1224 (vtqui

152 1238 232 1262 non
264 1226 428 1263 credunt
456 1225 647 1264 voluntati
675 1226 776 1275 eius,
806 1227 876 1264 sed
904 1226 1087 1264 resistunt
1116 1227 1273 1276 Spiritui
1297 1227 1459 1277 gratiae)
1475 1239 1632 1265 5611511111
1647 1227 1728 1266 indi
1745 1231 1778 1266 &
1795 1228 2106 1274 conscientiam,

148 1290 226 1327 qua
268 1278 498 1316 euincantur
539 1278 769 1317 iustissimae
804 1278 969 1318 iustitiae
999 1279 1086 1317 Dei.
1118 1281 1257 1329 Sumff.
1301 1283 1524 1328 1680)mus,
1553 1281 1742 1319 declarari
1770 1281 1934 1330 gloriam
1964 1282 2037 1320 Dei
2067 1282 2105 1319 in

149 1331 266 1369 nobis
306 1331 538 1381 gratiosam,
582 1334 617 1370 &
658 1331 971 1380 misericordem,
1010 1332 1048 1371 in
1086 1332 1169 1371 aliis
1207 1333 1368 1383 iustam,
1407 1333 1443 1371 in
1482 1334 1665 1373 omnibus
1701 1335 2026 1385 sapientissimam
2057 1349 2102 1373 ac

148 1384 477 1434 potentissimam.

211 1451 268 1477 12.
326 1439 507 1486 Quatuor
534 1445 623 1476 sunt
650 1438 781 1487 itaque
810 1439 1027 1477 vocationis
1056 1452 1220 1491 genera,
1250 1452 1349 1489 quae
1379 1441 1596 1479 secundum
1626 1442 1769 1480 modos
1799 1441 1918 1492 ipsius
1934 1455 1980 1480 ex
1998 1447 2104 1479 ante-

148 1490 380 1529 cedentibus
423 1490 608 1541 distingui
648 1499 823 1541 possunt.
867 1494 1045 1530 Primmn
1076 1500 1133 1531 est
1164 1493 1383 1543 aequiuoce
1412 1493 1580 1543 dictum,
1607 1494 1826 1534 vocationis
1856 1494 2104 1541 vniuersalis,

148 1555 225 1592 qua
255 1546 360 1582 Deus
387 1544 602 1583 secundum
633 1552 811 1584 naturam
841 1545 992 1584 omneis
1020 1547 1056 1584 ἃ
1084 1546 1258 1597 singulos
1285 1547 1467 1585 homines
1495 1547 1545 1585 ad
1573 1549 1736 1587 salutem
1767 1556 1881 1587 vocat
1907 1548 2097 1586 vniuerse.

148 1598 384 1646 Secundmn,
414 1597 633 1636 vocationis
667 1598 905 1649 communis,
935 1611 1012 1649 qua
1043 1608 1157 1639 vocat
1185 1601 1365 1639 homines
1394 1600 1677 1649 communiter,
1705 1601 1795 1640 licet
1811 1615 1890 1640 non
1909 1601 2104 1652 singulos,

150 1650 379 1689 testimoniis
420 1652 456 1689 δε
497 1651 741 1690 documentis
783 1653 951 1691 externis
980 1653 1137 1703 gratiae.
1186 1655 1224 1691 T
1221 1655 1380 1703 ertiam,
1409 1653 1627 1693 vocationis
1655 1655 1920 1705 particularis,
1950 1668 2028 1704 qua
2056 1655 2105 1693 de

148 1704 349 1742 communi
386 1705 590 1743 hominum
628 1704 881 1744 inuitatorum
911 1719 1076 1744 numero
1106 1719 1248 1757 corpus
1278 1709 1493 1745 electorum
1524 1715 1640 1746 vocat
1669 1709 1967 1759 particulariter„
2000 1708 2103 1746 testi—

148 1756 288 1795 moniis
319 1760 354 1796 &
382 1758 630 1796 documentis
659 1759 775 1796 ctiam
802 1759 962 1798 internis
991 1760 1139 1809 gratiae
1163 1761 1374 1799 efficaciter
1399 1775 1468 1811 per
1484 1760 1681 1810 Spiritum.
1720 1764 1915 1812 Quartum
1932 1762 2102 1809 denique

148 1810 364 1849 vocationis
407 1811 629 1861 singularis,
670 1824 747 1861 qua
788 1814 938 1862 singula
975 1814 1151 1862 corporis
1193 1816 1407 1852 electorum
1446 1817 1481 1853 δε
1519 1815 1738 1854 catholicae
1768 1816 1867 1854 illius
1900 1815 2098 1853 Ecclesiae

150 1865 326 1902 membra
354 1865 404 1902 ad
446 1865 680 1915 singularem
721 1877 877 1904 5611511111
907 1867 1148 1916 particularis
1177 1867 1395 1906 vocationis
1424 1868 1543 1915 illius,
1577 1869 1612 1906 &
1641 1869 1842 1919 singularis
1874 1880 1965 1907 suae
1999 1868 2102 1919 ipso-

149 1929 232 1954 rum
261 1917 509 1956 adducuntur
537 1919 658 1968 gratia
687 1919 761 1956 Dei
793 1919 912 1957 Patris
941 1919 977 1956 in
1008 1920 1165 1959 Christo
1195 1934 1263 1971 per
1293 1921 1477 1971 Spiritum
1509 1922 1548 1959 S.

273 2247 436 2283 XXXH.
494 2247 580 2283 DE
623 2248 1046 2287 VOCATIONE
1092 2251 1440 2290 HOMINUM
1485 2254 1569 2289 Al)
1613 2254 1971 2291 sALUTEM.

985 2385 1200 2423 THESIS
1242 2387 1272 2424 Ι.

193 2499 344 2537 Piqus
384 2499 586 2538 actionum
627 2501 699 2538 Dei
727 2500 767 2539 in
806 2502 1171 2550 praedestinationis
1201 2503 1452 2553 executione,
1488 2505 1713 2555 gratiaeque
1742 2506 1842 2544 illius
1873 2507 2101 2545 manifesta·

142 2551 268 2597 tione,
295 2552 438 2601 gradus
467 2555 502 2592 δι
532 2553 671 2592 modus
701 2561 758 2592 est
793 2556 968 2593 Vocatio:
996 2555 1100 2594 dicta
1128 2556 1276 2594 idcirco
1306 2557 1356 2596 ab
1385 2559 1606 2609 Augustino
1628 2559 1825 2609 ingressus
1840 2561 1891 2598 ad
1908 2561 2074 2599 salutem
2092 2590 2102 2609 7

144 2606 179 2642 δι
208 2605 353 2653 primus
382 2606 434 2643 ad
462 2607 581 2644 fidem
610 2607 749 2647 aditus.
791 2609 878 2646 Lib.
914 2622 944 2646 1.
974 2611 1030 2646 (ια’
1053 2610 1190 2658 Simpl.
1221 2624 1259 2659 q.
1295 2624 1328 2648 2.

203 2670 236 2695 2.
291 2659 556 2697 Vocationem
585 2667 715 2698 autem
744 2661 992 2712 intelligimus
1022 2675 1101 2700 non
1134 2663 1392 2701 vniuersalem
1422 2664 1545 2712 illam,
1576 2677 1695 2714 quam
1725 2668 1842 2716 vulgo
1860 2668 2104 2717 naturalem,

145 2718 212 2768 aut
240 2710 458 2758 politicam,
489 2724 606 2762 quam
637 2715 883 2762 personalem
914 2724 1074 2753 vocant:
1105 2716 1174 2754 sed
1204 2729 1291 2754 eam
1323 2728 1423 2766 quae
1439 2731 1486 2756 ex
1502 2719 1640 2756 ordine
1657 2719 1849 2768 graduum
1867 2720 2096 2758 adsalutem

148 2763 297 2801 nntium
325 2771 382 2802 est
408 2766 657 2804 reuelationis
684 2767 830 2816 gratiae
857 2767 1013 2806 diuinae
1041 2769 1236 2807 ordinarie
1252 2770 1288 2807 in
1307 2769 1442 2819 nobis,
1467 2771 1548 2809 siue
1564 2774 1721 2811 externe
1737 2772 1925 2811 reuelatio
1943 2780 2095 2810 tantum

2038 2827 2103 2867 fiat
