2334 3020
751 95 1441 126 THESES't·HEO!,OG1CAE.
2001 104 2071 140 277

141 207 404 247 oblationibus
430 206 511 245 libo
543 206 684 256 vnico,
712 204 820 255 quod
848 205 919 244 toti
949 205 1079 243 coetui
1106 205 1291 255 sufficiat,
1319 205 1381 243 cui
1396 207 1626 245 tantundem
1645 207 1721 245 vini
1736 208 1904 248 additur.
1923 210 2083 259 Sigism.

139 263 239 299 libro
265 262 305 298 izi
334 261 510 311 descript.
538 259 705 297 Moscou.
737 260 787 297 &⁴
814 261 885 296 Fr.
916 260 1086 296 Altcczres
1115 260 1155 296 iti
1172 260 1348 309 descript
1380 260 1608 310 AEtlziopiae
1622 261 1664 309 (f.
1688 261 1817 313 1741).
1846 263 1975 314 Magis
1991 263 2087 302 illud

145 313 300 363 mirum,
328 313 437 363 quod
463 313 569 362 apud
598 311 684 350 illos
713 324 866 350 sacrum
897 313 973 350 hoc
1000 324 1082 350 non
1110 311 1184 350 nisi
1206 312 1337 362 lingua
1353 314 1559 351 vernacula
1574 314 1726 363 peragi,
1755 317 1859 365 apud
1876 317 1951 355 hos
1966 317 2086 355 libum

143 367 253 416 quod
282 366 360 404 dixi
388 365 535 416 vulgari
561 366 713 403 tantum
735 366 939 415 patrioclue
962 378 1143 404 sermone
1159 366 1381 403 consecrari
1397 367 1540 417 soleat,
1556 374 1709 405 seruato
1727 372 1907 420 exemplo
1923 369 2087 420 Christi,

144 421 428 470 Apostolorum
456 421 492 458 δε
519 417 740 457 vetustioris
769 418 992 466 Ecclesiae,
1019 419 1130 468 quod
1157 418 1276 468 impie
1305 419 1507 469 negligunt
1536 419 1745 469 Pontificij.

202 487 259 511 12.
315 474 447 523 Sea-to,
476 471 588 510 mitto
616 471 862 510 histrionicas
891 471 930 510 in
959 471 1078 510 Missa
1101 472 1437 522 gesticulationes,
1467 486 1513 511 ac
1535 473 1723 524 tragicam
1747 474 1853 513 illam
1877 476 2088 528 actionem,

145 539 222 575 qua
249 537 354 565 nunc
381 525 567 574 demissa,
607 537 712 563 nunc
741 526 842 564 elata
868 526 1017 573 fronte,
1058 537 1106 562 eo
1134 525 1308 575 incessu,
1344 538 1391 564 eo
1419 525 1574 576 habitu,
1604 527 1677 565 illis
1708 529 1933 579 colloquiis,
1961 531 2086 568 funes-

143 579 310 618 tissimae
359 578 592 617 Dominicae
635 578 825 628 passionis
876 591 955 617 non
998 577 1205 628 memoria,
1261 579 1329 617 sed
1375 579 1586 618 ludibrium
1630 589 1851 632 exercetur,
1900 583 2001 621 adeo
2044 592 2091 623 vt

142 639 247 671 totus
289 632 352 671 ille
393 632 610 671 missaticus
651 639 880 682 apparatus,
921 644 1075 677 sacrae,
1116 632 1155 670 h.
1191 644 1225 670 e.
1254 632 1542 671 abominandae
1571 646 1733 685 scenae,
1777 647 1894 684 quam
1923 637 2087 676 Sanctae

143 686 300 724 Coenae
329 684 492 724 similior
520 685 580 723 sit.
612 687 667 724 Vt
707 686 825 723 finem
854 684 1013 735 faciam,
1040 683 1109 723 vbi
1139 685 1178 723 in
1207 684 1328 724 Missa
1356 685 1494 724 fractio
1524 687 1587 725 illa
1602 687 1729 736 panis,
1761 699 1879 738 quam
1895 689 1933 727 in
1951 690 2087 729 Coena

143 738 432 777 communionis
475 738 532 777 sui
561 739 785 788 symbolum
815 738 1013 788 Christus,
1055 751 1102 776 ac
1131 738 1181 776 ab
1209 751 1257 776 eo
1287 740 1428 777 Paulus
1457 741 1671 790 Apostolus
1700 740 1899 791 appellat?
1934 756 1966 781 1.
1997 745 2089 782 Cor.

149 805 208 831 10.
242 806 300 831 10.
330 792 528 841 Quocirca
556 792 606 830 ad
635 792 835 843 superiora
861 804 985 841 vsque
1015 793 1144 829 secula
1175 804 1260 830 mos
1287 791 1351 830 ille
1379 793 1569 843 obtinuit,
1600 794 1648 832 de
1677 806 1756 844 quo
1775 795 1827 833 ita
1841 796 1960 835 habet
1975 797 2087 836 Ordo

140 847 258 884 Rom.
298 846 481 895 Pontifea·
521 847 670 885 veniens
713 847 769 884 ad
805 848 932 883 altare
959 846 1099 882 diuidit
1125 845 1332 883 oblationes
1360 847 1416 884 ad
1433 846 1727 896 frcmgendmn,
1759 849 1809 886 ὃν
1836 852 2090 890 comlmtm'cat

142 900 264 937 omnis
284 901 457 950 populus
485 900 620 936 ordine
646 912 725 938 suo.
757 898 877 938 Cuius
905 909 1017 936 vsum
1041 898 1143 936 bene
1158 899 1362 937 annotauit
1375 900 1891 951 Beda,frcmgit,inquiens
1911 904 2088 942 Christus

134 959 273 1002 panem
315 965 423 1002 quem
460 953 655 1001 disciptclis
678 954 870 1002 porrigit,
912 957 955 991 vt
980 952 1155 989 ostendat
1179 954 1355 1000 corporis
1389 955 1453 990 sni
1468 953 1707 1002 fi‘czctionem
1737 968 1812 993 non
1842 957 1984 1005 absque
2014 970 2086 995 sua

138 1010 268 1054 sponte
295 1007 346 1044 ἐφ’
365 1008 666 1057 procuratione,
691 1019 869 1055 vsumque
896 1018 1026 1043 eorum
1040 1004 1240 1054 suturam.
1272 1006 1387 1043 Haec
1416 1005 1479 1044 ille
1509 1005 1549 1044 in
1578 1008 1700 1046 Marc.
1729 1021 1814 1058 cap.
1849 1022 1908 1055 14.
1939 1011 2086 1048 Totum

139 1058 236 1097 illud
263 1059 306 1097 in
333 1058 456 1097 Missa
484 1059 652 1108 exaruit,
695 1065 904 1109 postquam
931 1057 1011 1096 liba
1038 1057 1104 1095 illa
1130 1057 1422 1108 Nummularia,
1465 1058 1593 1098 crucis
1622 1059 1790 1111 imagine
1830 1061 2030 1112 insignita,
2064 1066 2088 1101 a

139 1111 301 1163 ieiunis,
329 1112 542 1162 immansa,
567 1112 748 1163 deglutiri
774 1119 935 1150 cautum
950 1118 1029 1149 est:
1046 1123 1094 1149 ex
1108 1121 1188 1159 quo
1204 1117 1383 1161 tempore
1398 1112 1438 1150 in
1453 1125 1602 1151 meram
1618 1113 1882 1153 idololatriam
1898 1128 2090 1154 conuersa

141 1166 179 1204 S.
209 1165 345 1204 Coena
374 1173 449 1215 est,
478 1166 708 1205 adoratione
735 1166 798 1204 vel
824 1165 938 1203 huius
961 1164 1030 1202 libi
1058 1163 1096 1201 in
1127 1165 1242 1202 theca
1268 1163 1430 1215 inclusi,
1461 1168 1522 1205 vel
1553 1166 1696 1205 Christi
1724 1167 1764 1205 in
1791 1168 1883 1218 illo,
1910 1169 1977 1207 vbi
2007 1183 2085 1208 non

140 1225 219 1264 est,
248 1220 339 1257 cum
366 1220 593 1269 loquentem
621 1220 825 1258 audiamus
854 1218 1114 1268 Apostolum,
1147 1219 1288 1256 Coloss.
1318 1232 1354 1268 3.
1392 1233 1422 1257 1.
1455 1219 1640 1268 Quaerite
1674 1231 1773 1270 quac
1801 1233 1951 1260 sursum
1976 1230 2089 1264 sunt,

141 1271 207 1310 vbi
251 1273 426 1311 Christus
466 1281 545 1323 est,
587 1273 638 1311 ad
679 1273 858 1312 dextram
896 1271 970 1309 Dei
1006 1271 1169 1308 sedens:
1214 1273 1249 1309 δε
1276 1279 1450 1311 veterem
1481 1273 1724 1324 Ecclesiam,
1755 1278 1917 1313 Sursum
1946 1278 2084 1314 corda:

137 1325 320 1364 habemus
347 1327 404 1364 ad
426 1328 653 1365 Dominum.
682 1326 789 1365 Huic
816 1324 890 1364 soli
918 1325 958 1363 in
987 1330 1189 1362 aeternum
1216 1324 1346 1363 honos
1376 1327 1504 1365 omnis
1532 1340 1579 1365 ac
1609 1327 1746 1378 gloria.
1788 1330 1930 1367 Amen.

721 1597 826 1635 LIV,
890 1597 979 1634 DE
1021 1598 1517 1636 MATRIMONIO.

199 1714 322 1755 Deus
371 1727 521 1756 rerum
574 1716 770 1757 omnium
818 1715 1004 1758 Creator
1035 1718 1379 1771 potentissimus
1421 1718 1537 1759 idem
1584 1721 1629 1761 &
1675 1718 1973 1761 Conseruator
2021 1728 2085 1761 est

135 1775 506 1829 benignissimus:
533 1776 716 1832 Ideoque
737 1778 860 1827 viro,
893 1779 1031 1820 totius
1058 1779 1134 1820 sui
1149 1779 1298 1832 operis
1316 1779 1365 1820 in
1383 1785 1552 1821 natura
1570 1780 1651 1821 liac-
1669 1779 2057 1839 οἶρχιῑεκτονῆμαιί
2078 1816 2085 1829 ,

135 1836 285 1877 viram
327 1837 424 1877 siue
464 1852 670 1888 vxorem,
717 1841 778 1879 ad
819 1840 983 1892 speciei
1008 1843 1379 1894 propagationem
1414 1841 1560 1882 sacris
1593 1841 1853 1896 quibusdam
1887 1843 2090 1896 conitigij

133 1896 332 1938 vinculis
361 1897 598 1949 adiunxit,
633 1901 677 1942 ὃς·
710 1900 762 1940 de
793 1901 1054 1950 Sanctitate,
1089 1902 1134 1943 (οφ
1166 1901 1393 1942 honestate
1426 1901 1559 1943 illius
1592 1901 1829 1943 secundum
1864 1903 1940 1943 sui
1960 1904 2086 1944 verbi

136 1971 336 1998 normam
369 1958 570 2002 iudicari
600 1960 760 2003 voluit.
797 1958 907 2003 Cum
940 1962 1089 2017 itaque
1120 1962 1280 2004 variae
1311 1964 1356 2004 ὃ
1381 1963 1691 2016 grauissimae
1721 1962 1774 2003 de
1806 1962 1889 2003 leae
1919 1978 1968 2004 re
1986 1978 2084 2004 con-

137 2019 386 2060 trouersiae
426 2020 652 2072 incidant,
697 2035 784 2064 non
827 2022 991 2064 inutile
1033 2023 1124 2064 erit
1154 2037 1229 2064 eas
1261 2038 1317 2064 ex
1347 2023 1438 2065 Dei
1469 2024 1599 2066 verbo
1626 2023 1788 2078 paucis
1825 2025 2087 2066 examinare

138 2080 183 2121 ὃν
214 2079 425 2121 decidere.

962 2176 1181 2214 THESIS
1222 2178 1254 2215 Ι.

185 2288 348 2328 Omissis
389 2289 572 2329 omnibus
613 2293 891 2343 λογομοῃὶηῑαις7
927 2304 1028 2342 quae
1067 2293 1117 2332 de
1145 2305 1290 2333 vocum
1318 2294 1625 2345 proprietatibus
1653 2295 1746 2334 oriri
1777 2303 1964 2347 possent,
1993 2307 2084 2335 curn

132 2341 290 2392 optimis
319 2343 536 2394 Theologis
564 2346 599 2383 &
626 2344 858 2394 Iurisperitis
887 2347 971 2397 (qui
998 2360 1080 2385 non
1111 2348 1161 2386 de
1176 2347 1305 2386 verbis
1327 2348 1396 2387 sed
1411 2349 1527 2387 rebus
1542 2348 1750 2398 disserunt)
1766 2349 2086 2401 Matrimonium,

131 2395 407 2446 Connubium,
433 2397 609 2448 nuptias,
638 2397 885 2448 coniugium,
915 2413 988 2450 pro
1017 2401 1159 2439 eodem
1188 2401 1390 2441 sumimus.
1419 2401 1479 2440 his
1508 2409 1640 2441 autem
1668 2402 1834 2441 vocibus
1862 2416 1942 2442 non
1957 2403 2085 2442 minus

131 2449 330 2499 eleganter
359 2461 478 2499 quam
505 2453 596 2501 apte
626 2451 757 2490 variae
785 2453 1022 2503 matrimonij
1053 2456 1246 2493 causae&
1262 2456 1401 2494 effecta
1416 2462 1616 2495 notantur.
1645 2455 1800 2495 Dicitur
1814 2457 1920 2495 enim
1935 2459 2085 2495 Matri-

130 2504 315 2553 monium,
343 2509 443 2541 teste
471 2504 620 2551 Gellio,
648 2505 715 2543 lib.
747 2507 806 2543 18.
835 2513 932 2545 noct.
962 2509 1066 2546 attic.
1096 2520 1126 2545 c.
1158 2509 1194 2546 6.
1223 2510 1246 2546 a
1274 2509 1435 2547 nomine
1464 2509 1598 2548 matris
1625 2522 1708 2548 non
1737 2510 1883 2560 adepto
1898 2509 2084 2558 iam,sed

130 2568 199 2605 spe
227 2557 263 2594 &
290 2556 424 2595 omine
456 2569 551 2595 mox
564 2556 836 2608 adipiscendo.
866 2561 1121 2599 Connubium
1140 2562 1612 2611 &nuptiaeanubendo,
1649 2563 1744 2602 Gen.
1764 2576 1825 2611 24.
1842 2565 1905 2614 65.
1922 2563 2085 2613 antiquo

132 2608 200 2647 illo
244 2609 399 2648 velandi
440 2609 537 2660 ritu,
574 2610 684 2661 quod
710 2613 971 2652 verecundiae
998 2616 1034 2653 δι
1061 2614 1317 2653 subiectionis
1358 2614 1398 2653 in
1425 2616 1652 2655 mulieribus
1682 2624 1765 2656 erat
1791 2623 2086 2668 argumentum,

132 2662 314 2700 Isidorus
356 2664 404 2700 de
443 2663 534 2713 effi.
562 2665 669 2703 Eccl.
710 2667 737 2704 l.
781 2679 816 2704 2.
857 2679 888 2706 c.
932 2680 990 2716 19.
1033 2667 1272 2718 Coniugium
1301 2668 1435 2718 deniq.
1466 2670 1634 2721 eleganti
1661 2670 1893 2721 metaphora
1920 2673 1943 2709 a
1971 2670 2085 2720 iugo,

135 2721 233 2752 teste
275 2716 444 2765 Aposto.
489 2729 524 2756 2.
563 2718 650 2756 C'or.
680 2719 717 2756 6.
750 2731 809 2766 14.
838 2731 918 2769 quo
947 2720 1050 2758 inter
1077 2733 1118 2758 se
1146 2721 1359 2772 iunguntur
1387 2722 1445 2760 vir
1473 2725 1508 2762 δι
1536 2723 1694 2770 mulier,
1738 2723 1957 2762 deducitur.
2000 2724 2085 2762 Nec

137 2767 264 2808 minus
291 2770 571 2809 acommodata
599 2778 657 2810 est
684 2773 892 2812 Hebraeae
920 2775 956 2812 δι
985 2774 1164 2813 Graecae
1194 2774 1302 2814 vocis
1329 2777 1588 2827 etymologia:
1614 2776 1872 2816 diciturenim
1888 2777 2085 2815 anomine

1903 2842 2085 2881 coniugis
