2334 3020
646 647 953 691 THESES
999 647 1542 690 THEOLOGICAE

1057 799 1137 831 DE

295 950 739 1005 LEGIBVS
795 948 1101 1003 MOSIS
1159 947 1898 1002 IVDICIALIBVS

1046 1112 1136 1144 ET

547 1263 846 1312 EARVM
898 1259 1621 1310 OBSERVATIONE.

952 1554 988 1591 T
1001 1563 1032 1590 H
1047 1563 1071 1590 E
1086 1563 1104 1591 s
1119 1561 1135 1588 1
1150 1563 1168 1591 s
1209 1554 1241 1591 I.

181 1611 289 1648 LEX
333 1612 391 1647 est
426 1610 592 1649 rationis
632 1611 828 1649 ordinatio
869 1611 926 1649 ad
951 1623 1141 1650 commune
1172 1610 1328 1655 bonum,
1362 1609 1409 1647 ab
1448 1621 1489 1648 eo
1521 1610 1590 1658 qui
1618 1620 1754 1646 curam
1787 1609 2066 1647 communitatis

122 1671 254 1722 habet,
285 1672 472 1710 instituta.

179 1785 294 1823 Haec
323 1788 396 1823 aut
426 1789 484 1823 est
510 1789 684 1836 aeterna,
705 1790 809 1836 puta
839 1790 1036 1837 conceptus
1067 1785 1312 1824 immutabilis
1333 1783 1572 1836 forma‘que3
1599 1785 1772 1822 rationes
1787 1785 1828 1821 in
1852 1783 1940 1820 Deo
1950 1784 2062 1833 prin-

120 1847 199 1896 cipe
227 1847 492 1885 uniuersitatis
527 1848 692 1885 existens
722 1852 810 1885 ante
840 1848 968 1885 omnia
998 1852 1170 1898 tempora
1183 1877 1194 1898 7
1226 1850 1297 1884 aut
1324 1845 1544 1895 informata
1577 1846 1627 1883 ἔφ’
1655 1844 1805 1883 tradita
1822 1844 1863 1882 in
1884 1848 2063 1893 tempore.

188 1960 298 2009 Quae
328 1960 369 1999 in
400 1965 584 2013 tempore,
619 1965 691 1998 aut
717 1962 780 2000 lex
811 1963 1009 2000 naturalis
1039 1966 1117 2011 est,
1149 1965 1221 1999 aut
1249 1964 1397 1998 natura
1429 1960 1618 1998 aueniens.

183 2077 250 2113 LE
265 2086 293 2111 x
328 2076 525 2113 naturalis
555 2079 630 2121 est,
664 2088 761 2124 quae
792 2076 929 2114 innata
959 2078 1153 2114 creaturis
1184 2075 1336 2113 ratione
1357 2075 1556 2126 praeditis
1569 2103 1580 2124 ·›
1613 2073 1808 2122 informat
1831 2084 1896 2109 eas
1912 2071 2062 2108 notioni·

122 2138 189 2175 bus
234 2139 401 2173 naturae
446 2136 720 2187 conmzunibus,
759 2136 805 2174 id
839 2141 912 2188 est,
939 2137 1150 2188 principijs
1190 2137 1240 2174 ἐφ’
1277 2136 1574 2174 conclusionibus
1606 2134 1740 2184 aliqua
1761 2132 2068 2183 participatione

123 2197 439 2236 admnbrantibus
468 2201 664 2235 aeternam
696 2198 828 2245 legem.

190 2311 300 2360 Quae
330 2314 498 2348 naturae
527 2311 704 2362 aduenit,
737 2324 782 2350 ea
813 2311 1067 2362 adnascitur,
1100 2315 1172 2350 aut
1199 2309 1447 2360 infunditur:
1478 2310 1577 2348 lianc
1603 2309 1774 2347 dizu'nam
1789 2337 1798 2359 7
1816 2308 1924 2346 illam
1939 2307 2069 2345 liuma-

124 2386 213 2411 nam
244 2374 363 2420 legem
394 2373 643 2423 appellamus.

185 2487 292 2524 LEX
322 2486 456 2524 diuina
488 2490 564 2537 est,
597 2497 694 2535 quae
723 2486 919 2535 inspirata
955 2488 980 2523 ὰ
1011 2487 1049 2524 D
1062 2497 1085 2523 E
1098 2497 1123 2524 o
1149 2487 1199 2525 ἐφ’
1230 2484 1367 2535 infusa
1392 2484 1649 2522 rationalibus
1665 2485 1858 2521 creaturis
1879 2480 2075 2530 informat

124 2561 189 2587 eas
220 2547 430 2585 notionibus
461 2547 712 2585 communibus
744 2547 795 2584 &⁹
826 2548 1092 2595 singularibus
1122 2553 1246 2598 supra
1277 2549 1481 2592 naturam,
1515 2544 1572 2582 ad
1588 2545 1709 2595 finem
1735 2543 2071 2594 supernaturalem

124 2609 421 2661 supernaturali
448 2608 562 2646 ductu
593 2608 924 2648 transmittendas.

184 2724 293 2760 LEX
323 2721 491 2760 numana
524 2726 596 2772 est,
639 2733 754 2771 quam
777 2721 926 2770 ferunt
955 2722 1122 2760 lcomines
1152 2721 1304 2758 ratione
1330 2719 1577 2770 procedentes
1607 2720 1654 2757 ab
1686 2719 1764 2757 illis
1794 2717 1962 2767 legibus,
1995 2720 2073 2753 tum

113 2783 183 2821 *ad
215 2795 425 2822 communes
465 2784 718 2822 conclusiones
759 2783 902 2834 iustas³
943 2783 1142 2830 honestas,
1175 2782 1306 2831 utiles,
1339 2782 1389 2819 ἐφ’
1420 2782 1681 2831 necessarias,
1713 2783 1790 2817 tum
1822 2778 1879 2815 ad
1894 2778 2074 2828 particu-

1967 2838 2073 2876 lares
