2334 3020
180 94 228 142 36
824 97 1110 125 FRANcrsm
1150 96 1291 131 JUNII
1330 95 1466 123 VITA.

183 219 246 245 me
273 204 485 243 continere.
512 204 573 240 Ne
596 209 725 241 tamen
749 203 880 241 officio
895 203 1089 254 deessem,
1112 202 1251 241 vocaui
1264 202 1315 240 ad
1329 214 1411 249 me,
1435 213 1507 250 pro
1523 199 1778 238 familiaritate
1793 205 1945 250 nostra,
1966 201 2014 238 D.
2029 201 2107 238 Lu-

183 271 270 297 cam
291 255 546 299 Trelcatium,
575 267 622 292 ac
649 255 804 306 rogaui,
832 263 874 294 vt
900 268 972 305 pro
1000 268 1069 294 sua
1099 254 1318 293 constantia
1343 267 1390 292 ac
1402 252 1815 301 beneuolentia,meas
1829 252 1934 302 apud
1947 253 2105 290 affinem

180 309 348 361 grauiter
375 314 640 358 aegrotantem
666 315 795 358 partes
823 308 987 358 subiret,
1015 310 1051 346 δι
1077 308 1254 346 vltimum
1279 307 1375 344 illud
1394 306 1477 344 viro
1493 305 1632 344 eximio
1648 304 1873 355 optimeque
1888 304 1936 342 de
1951 304 2102 343 Gallica

181 362 357 401 Ecclesia
384 360 523 398 merito
550 368 764 409 praestaret
793 360 977 398 officium.
1018 361 1111 398 Non
1136 365 1316 409 grauatus
1343 358 1494 409 annuit,
1521 360 1557 396 &
1581 359 1684 396 vltro
1712 370 1832 406 quoq.
1861 369 1908 396 eo
1935 369 2102 406 propen-

181 415 275 454 dens
318 413 431 464 adiit,
473 412 543 451 sed
570 412 746 462 (partim,
783 413 892 462 quod
919 425 1034 462 aeger
1062 412 1200 462 quietis
1226 424 1360 450 amans
1387 410 1643 449 consolatoris
1673 410 1797 448 fidelis
1825 423 1870 448 ac
1895 408 1947 460 pij
1975 410 2106 448 adhuc

180 466 391 518 praesentis
417 465 660 504 sermonibus
687 464 940 514 detineretur3
973 465 1114 514 partim
1141 465 1250 514 quod
1278 466 1312 503 &
1338 464 1401 501 ille
1429 465 1464 502 δι
1492 463 1662 501 coniunx
1688 463 1766 501 hoc
1793 462 1928 501 sedulo
1955 474 2108 512 semper

182 526 365 558 curarunt
407 530 455 556 ne
496 530 577 557 non
616 518 829 556 necessaria
864 517 1083 556 visitatione
1117 516 1300 566 contagio
1329 522 1501 566 serperet
1527 516 1658 566 latius,
1685 516 1909 565 praesertim
1937 515 1976 553 in
2005 515 2108 553 uiros

181 571 380 611 Ecclesiae
421 570 519 609 adeo
560 569 814 620 necessarios)
855 570 1026 609 monitus
1055 577 1112 608 est
1139 582 1220 608 non
1247 582 1331 608 esse
1359 575 1637 618 opportunum.
1678 569 1771 606 Hoc
1798 568 1942 606 nuncio
1970 568 2021 605 ad
2046 579 2110 605 me

179 627 348 675 perlato,
389 622 506 671 officij
548 623 786 662 conscientia
828 624 863 661 δε
903 635 1036 662 amore
1075 634 1280 673 accensus,
1314 621 1432 660 malui
1471 634 1533 658 me
1561 620 1658 659 caeli
1680 620 1922 659 inclementis
1949 633 1996 658 ac
2023 632 2111 670 pro-

181 677 314 716 cellosi
339 675 484 715 iniuriis
515 688 729 726 exponere,
758 681 877 726 quam
902 683 943 714 vt
972 688 1166 714 summum
1191 675 1318 714 virum
1346 676 1381 713 &
1408 674 1566 712 affinem
1594 673 1739 723 optime
1759 674 1809 712 de
1823 687 1885 712 me
1908 673 2109 722 meritum,

180 730 339 780 cognito
367 728 562 780 periculo,
591 729 630 766 in
657 735 832 767 extremo
861 728 1093 767 desererem.
1116 727 1278 767 Accessi
1297 727 1434 777 igitur,
1458 728 1494 765 δι
1513 728 1537 764 a
1560 726 1639 764 filio
1659 726 1918 776 intromissus,
1942 738 2109 764 vacuum

178 785 201 821 a
230 781 483 821 salutantibus
511 783 547 819 ὅτ
576 783 686 820 vultu
714 781 909 820 constanti
935 781 1156 832 praeditum
1183 781 1325 832 reperi,
1354 779 1423 818 sed
1453 779 1594 818 viribus
1613 779 1826 829 prostratis.
1843 779 2002 828 Monui,
2027 791 2109 817 non

178 847 276 885 opus
318 847 400 873 esse
444 833 574 873 multis
606 834 758 886 verbis,
799 835 906 884 quod
940 835 1079 873 scirem
1106 834 1234 884 ipsum
1261 833 1507 872 reconditum
1540 838 1578 870 et
1604 832 1939 881 instructissimum
1965 832 2110 870 habere

177 888 281 937 apud
324 898 406 925 sese
449 887 761 926 consolationum
800 899 922 937 penu:
964 887 1076 937 inde,
1116 899 1217 936 quae
1246 886 1328 925 aliis
1355 885 1468 925 toties
1496 892 1748 934 exposuerat,
1776 884 1847 922 sibi
1873 891 2111 935 apponeret,

176 941 300 989 iisque
338 940 378 978 in
414 939 586 979 aduersis
622 953 706 979 sese
735 941 996 980 confirmaret.
1029 940 1270 978 Meminisset
1298 952 1338 977 se
1364 940 1494 977 Deum
1521 937 1666 976 habere
1691 937 1904 987 propitium
1930 938 1970 975 in
1993 936 2109 975 caelis

176 1000 348 1043 patrem,
389 991 585 1031 Christum
624 994 890 1044 Seruatorem,
936 995 1088 1032 caelum
1128 993 1293 1043 patriam
1329 994 1364 1030 ἃ
1392 990 1691 1040 haereditatem,
1720 990 1982 1028 arrhabonem
2008 989 2108 1028 illius

176 1046 215 1084 in
243 1045 363 1084 corde
392 1045 575 1094 Spiritum
603 1054 796 1096 sanctum,
825 1054 993 1084 mortem
1020 1047 1071 1084 ad
1099 1047 1250 1084 caelum
1277 1047 1312 1084 &
1338 1044 1459 1083 vitam
1487 1043 1749 1082 immortalem
1774 1055 1856 1081 esse
1877 1042 1991 1080 viam.
2020 1043 2111 1080 Hac

178 1098 272 1148 fide,
312 1099 386 1139 hac
428 1111 496 1148 spe
537 1112 578 1137 se
618 1105 860 1138 sustentaret.
902 1099 963 1138 Ibi
1003 1099 1060 1137 vir
1101 1098 1431 1142 constantissimus
1470 1096 1690 1147 respondit,
1732 1109 1860 1134 eorum
1890 1107 1988 1145 quae
2014 1096 2111 1132 alios

180 1152 365 1189 docuisset
393 1152 516 1203 probe
552 1165 630 1191 esse
655 1160 853 1190 memorem
881 1153 931 1190 ξφ
958 1152 1241 1191 obseruantem:
1276 1153 1315 1188 in
1343 1151 1426 1187 Dei
1444 1151 1583 1199 gralia
1608 1163 1647 1188 se
1675 1150 1825 1186 omnino
1854 1149 2111 1198 acquiescere:

179 1205 311 1244 Deum,
348 1217 445 1254 quae
485 1206 560 1255 ipSi
599 1210 722 1243 essent
745 1206 940 1243 salutaria
957 1207 1237 1255 perfecturum.
1278 1205 1338 1241 Ita
1363 1204 1542 1241 lubenter
1569 1205 1604 1241 δε
1631 1202 1769 1240 iisdem
1797 1201 2112 1240 consolationum

180 1256 388 1308 capitibus,
417 1256 576 1296 diuersis
602 1258 844 1308 temporibus
870 1257 1060 1309 repetitis,
1089 1271 1130 1296 se
1157 1257 1208 1295 ad
1237 1263 1426 1305 mortem,
1454 1256 1533 1294 imo
1561 1256 1612 1293 ad
1639 1255 1757 1293 vitam
1788 1254 1988 1292 meliorem
2007 1265 2114 1291 com-

179 1309 343 1359 parauit.
386 1313 562 1360 Rogatus
601 1313 625 1349 a
665 1323 748 1359 me,
789 1323 883 1349 num
925 1310 1018 1361 quid
1059 1311 1174 1349 vellet
1216 1310 1265 1348 de
1305 1309 1436 1347 liberis
1477 1315 1542 1346 aut
1572 1308 1654 1347 aliis
1680 1309 1795 1346 rebus
1823 1306 2039 1357 significare
2066 1318 2113 1343 ac

180 1361 388 1402 mandare?
429 1364 600 1414 excepit,
640 1376 679 1402 se
719 1365 764 1402 de
802 1364 916 1401 rebus
957 1365 1109 1402 caducis
1146 1376 1187 1401 eo
1215 1368 1379 1409 tempore
1405 1361 1555 1399 minime
1582 1363 1762 1410 cogitare.
1817 1361 1937 1398 Vnum
1965 1363 2111 1398 tantum

180 1416 275 1454 velle
300 1429 469 1462 monere,
507 1429 547 1454 se
573 1430 645 1455 sua
673 1418 800 1454 onmia
827 1418 955 1455 studia
983 1418 1039 1454 ad
1061 1417 1197 1454 bonum
1215 1416 1414 1466 publicum
1441 1415 1648 1452 direxisse:
1681 1414 1808 1453 videre
1835 1414 2107 1450 laboraturum

173 1469 408 1516 grauissime
437 1471 666 1518 facultatem
707 1474 903 1516 nostram;
943 1471 1119 1519 officium
1152 1469 1330 1518 facerem
1373 1469 1577 1516 diligenter
1618 1479 1663 1504 ac
1694 1467 1887 1516 fideliter:
1935 1466 1985 1503 ἐφ’
2012 1466 2048 1502 si
2073 1465 2114 1501 in

179 1522 372 1559 consilium
413 1524 461 1560 ab
499 1523 715 1561 illustribus
746 1524 927 1560 Dominis
961 1523 1172 1561 Ordinibus
1199 1527 1269 1559 aut
1292 1521 1473 1558 Dominis
1505 1520 1761 1557 Curatoribus
1787 1519 1992 1557 adhiberer
2006 1546 2016 1563 ,
2045 1521 2116 1554 aut

178 1585 239 1610 eos
271 1576 521 1624 compellandi
546 1581 642 1614 esset
667 1576 835 1624 occasio,
862 1576 1009 1613 sincere
1036 1588 1081 1613 ac
1112 1575 1241 1613 sancte
1266 1575 1444 1611 iudicium
1472 1579 1692 1622 empoaezerem
1705 1602 1715 1618 ,
1743 1585 1789 1610 ac
1817 1583 2023 1620 rogarem,
2051 1574 2115 1618 vt,

180 1627 237 1663 aa'
259 1629 463 1666 mammam
492 1629 687 1667 utilitatem
716 1629 766 1666 ἐφ’
793 1629 975 1667 honorem
1004 1629 1251 1678 Academiae,
1270 1627 1464 1676 facultati
1489 1632 1646 1664 nostrae
1673 1626 1722 1663 (ἓν
1749 1625 1978 1662 Academiae
1995 1628 2113 1673 pros-

171 1679 382 1728 piceretur.
410 1682 577 1730 Reliqua
605 1682 758 1719 diuitiae
773 1682 1047 1731 prouidentiae
1075 1682 1356 1719 committerem.
1385 1681 1467 1727 Ita,
1488 1691 1538 1716 ne
1559 1678 1600 1716 in
1618 1677 1720 1716 vitae
1743 1677 1902 1727 quidem
1924 1674 2091 1714 termino
2105 1704 2116 1723 ,

182 1730 414 1781 reipublicae
448 1734 749 1780 amantissimus,
786 1734 1023 1773 Academiae
1065 1745 1198 1772 curam
1232 1733 1384 1771 abiecit.
1427 1733 1481 1770 Vt
1516 1731 1673 1776 merito,
1711 1730 1743 1768 si
1771 1742 1906 1768 verum
1933 1734 1990 1767 esi
2017 1727 2114 1766 illud

183 1783 355 1836 Comici,
386 1788 485 1824 τοῦτ’
515 1786 599 1831 ὲςΐι
628 1787 670 1824 τὸ
700 1788 773 1830 ζεῖν
802 1787 876 1834 οὐχ
905 1787 1028 1838 ἑαυτῷ
1059 1789 1132 1829 ζεῖν
1159 1787 1291 1835 μόνον,
1321 1784 1497 1835 Iunium,
1524 1783 1617 1821 dum
1640 1782 1753 1832 vixit,
1777 1784 1866 1821 vere
1892 1781 2027 1820 vixisse
2042 1779 2120 1818 dici

183 1837 315 1886 possit.
344 1839 464 1876 Hisce
491 1839 696 1886 absolutis,
726 1842 762 1878 &
790 1839 981 1890 promisso
1011 1840 1165 1887 officio,
1194 1838 1442 1876 obseruantia
1466 1850 1557 1887 erga
1571 1836 1879 1874 maiores&fide
1893 1847 1984 1884 erga
1997 1832 2120 1883 publi-

188 1901 296 1940 cum,
324 1897 476 1941 arrepta
503 1893 710 1942 languente
738 1894 773 1931 δε
799 1893 878 1930 iam
905 1892 1043 1942 frigida
1070 1903 1205 1936 mann,
1236 1897 1407 1930 moestus
1429 1890 1553 1940 (quod
1566 1902 1760 1928 venenum
1775 1888 1824 1926 ad
1840 1887 1977 1926 intima
1991 1885 2120 1924 cordis

183 1944 393 1991 penetralia
421 1957 462 1982 se
489 1945 660 1994 recipere
691 1945 1029 1995 persentiscerem)
1057 1957 1104 1983 ac
1131 1951 1284 1994 sumpta
1311 1944 1504 1982 medicina
1532 1943 1695 1981 domum
1723 1948 1928 1990 retractus,
1959 1938 2125 1977 valedixi

183 1996 255 2053 sub
290 1997 502 2037 meridiem.
543 1999 663 2036 Paulo
700 2005 790 2048 post
824 1999 956 2048 spiritu
983 1997 1044 2036 bis
1071 2004 1178 2035 terue
1206 1997 1344 2035 leniter
1371 2003 1561 2043 attracto,
1591 1990 1696 2033 a'nno
1725 1994 1858 2033 aetatis
1884 1993 2120 2043 quinquage-

184 2059 281 2085 simo
323 2049 487 2099 septimo
527 2051 696 2089 animam
735 2051 995 2100 placidissime
1038 2050 1201 2099 efflauit,
1244 2052 1278 2088 &
1310 2050 1349 2088 in
1377 2050 1473 2099 Dei,
1505 2049 1557 2086 ad
1585 2048 1758 2097 requiem
1786 2059 1896 2086 suam
1924 2051 2123 2083 aeternam

183 2102 398 2152 euocantis,
443 2115 579 2142 manus
618 2104 743 2142 libens
789 2103 969 2143 reddidit.
1012 2105 1127 2141 Haec
1170 2104 1225 2141 D.
1268 2105 1316 2141 F.
1364 2103 1573 2141 Gomarus.
1616 2100 1805 2152 Migrauit
1832 2101 1883 2137 D.
1910 2097 2043 2137 Iunius
2070 2097 2121 2134 ad

184 2152 397 2205 Christum,
429 2154 491 2193 die
518 2167 608 2195 xm.
635 2156 840 2208 Octobris,
873 2170 978 2196 anno
1018 2158 1129 2194 1602.
