2334 3020
234 66 279 98 2ss
870 61 1142 88 FRANCISCI
1178 62 1323 94 JUNII
1365 62 1494 89 VITA.

231 172 490 217 deuehamur?
518 177 796 220 momentoque
825 175 864 207 vt
891 167 1169 206 exscendamus
1196 165 1372 216 imperat.
1399 167 1558 206 Eximus
1587 180 1722 207 omnes
1751 170 1917 217 (eramus
1944 175 2073 208 autem
2087 171 2138 208 ad

235 230 360 280 capita
384 225 518 277 viginti
545 224 730 275 quinque)
758 224 794 260 δε
821 233 894 271 ego
922 233 1010 258 meo
1038 219 1174 258 ordine
1202 219 1311 268 quasi
1338 219 1485 258 medius
1512 233 1580 270 per
1608 221 1827 260 satellitium
1855 228 2027 272 transeo,
2043 223 2139 260 salu-

234 290 317 321 tato
353 281 571 327 Praefecto,
600 276 694 314 dum
721 274 783 312 ille
811 286 858 311 ex
880 284 1003 323 equo,
1033 271 1095 310 cui
1122 271 1330 321 insidebat,
1358 271 1563 311 demittens
1591 286 1671 312 sese
1696 274 1880 324 perualde
1907 275 2140 314 obseruabat

231 335 270 373 in
310 331 457 372 omneis
498 336 624 379 partes
669 325 980 377 diligentissime,
1020 335 1114 363 num
1139 323 1239 375 ‚quis
1266 327 1383 373 porro
1411 325 1451 362 in
1479 337 1526 363 eo
1553 325 1708 377 nauigio
1740 329 1846 376 (nam
1872 333 2018 365 tectum
2045 329 2141 376 erat)

230 387 405 425 latitaret.
447 381 640 422 Confidite
679 377 946 430 prouidentiae
987 376 1166 427 Domini,
1206 376 1272 425 qui
1291 376 1532 435 ‘ministratis
1573 379 1767 430 Domino,
1802 379 1902 417 &in
1928 379 2142 418 certissima

228 439 326 478 illius
367 436 524 476 veritate
561 447 608 472 ac
648 431 724 470 fide
763 429 1045 480 conquiescite:
1078 442 1168 467 nam
1196 428 1320 467 fidehs
1348 435 1404 467 est
1430 429 1643 482 Dominus,
1673 438 1802 471 custos
1829 432 1992 471 Israelis.
2035 432 2142 480 Quid

228 491 363 541 Brugis
405 485 570 527 accidit?
610 485 787 524 festiuum
825 489 882 521 est
923 481 1030 531 quod
1072 487 1294 520 narraturus
1331 493 1414 520 sum
1457 483 1506 521 de
1543 485 1657 522 rebus
1694 485 1810 531 meis,
1846 496 1964 535 quum
1998 486 2146 535 Brugas

225 543 364 582 inuitus
406 542 622 592 postulante
663 535 851 586 Brugensi
891 534 1090 584 Ecclesia,
1131 534 1318 572 suadente
1353 535 1389 571 &
1416 535 1595 574 hortante
1623 537 1841 588 Gandensi,
1869 537 2144 576 transiuissem.

227 599 398 635 Venerat
432 593 567 642 Brugis
609 589 843 628 Gandauum
880 587 1003 625 fidelis
1036 586 1112 625 Dei
1145 597 1277 625 seruus
1307 589 1474 625 Ioannes
1502 589 1738 639 Muntensis,
1767 602 1884 640 quem
1910 591 2026 640 paulo
2055 592 2143 629 ante

228 647 394 698 Hispani
433 646 580 695 aliquot
619 645 834 692 Brugarum
875 639 1028 679 incolae
1067 641 1090 677 a
1129 639 1322 678 concione
1363 640 1566 690 abreptum
1606 642 1742 681 misere
1783 642 2078 682 diuexauerant:
2108 644 2143 680 δι

231 706 448 752 spectactor
469 697 697 745 auditorque
720 696 843 732 fuerat
862 692 902 730 in
923 699 1118 731 conuentu
1139 692 1310 742 quodam
1334 693 1558 732 suburbano
1580 695 1604 731 a
1627 696 1949 735 Gandauensibus
1964 695 2144 734 fratribus

230 754 381 803 habito,
416 762 535 801 quum
562 750 698 787 vulnus
725 757 912 797 pergraue
940 745 1138 784 Ecclesiae
1167 745 1418 784 Gandauensi
1444 759 1513 796 per
1539 746 1838 796 imprudentiam
1865 750 2010 787 factum
2037 750 2144 786 Deus

231 807 360 855 aliquo
402 810 534 853 pacto,
577 813 674 850 ope,
714 798 894 841 consilio,
937 799 972 836 δε
1007 811 1126 848 opera
1152 805 1284 837 nostra
1310 798 1435 837 curari
1463 799 1659 838 voluisset.
1712 800 1788 838 Hic
1814 801 1989 851 exposita
2015 813 2144 839 rerum

230 857 482 908 Brugensium
511 854 736 893 difficultate
764 852 926 902 rogabat
955 851 1027 890 sibi
1055 851 1223 900 aliquem
1250 850 1425 902 adiungi,
1454 851 1520 901 qui
1547 852 1763 891 Ecclesiam
1791 853 1982 893 Gallicam
2009 853 2146 904 Brugis

232 914 419 950 solaretur
445 908 589 958 verbo,
621 908 656 944 δε
684 918 804 955 opere
832 904 1042 943 adiuuaret.
1083 903 1408 943 Gandauensibus
1434 906 1484 943 ab
1512 904 1643 955 inopia
1670 905 1937 945 Ministrorum
1965 920 2005 945 se
2033 918 2145 945 excu-

231 963 421 1011 santibus,
452 962 486 998 &
513 973 576 998 me
603 958 865 997 reuersionem
891 958 943 996 ad
971 956 1258 1007 Antuerpianos
1286 964 1467 1007 vrgente,
1496 957 1646 1007 Vtrique
1673 958 1910 1009 institerunt,
1937 966 1979 998 vt
1998 961 2145 1009 Brugas

230 1017 300 1055 iter
340 1017 528 1064 facerem,
569 1014 605 1050 δε
647 1011 796 1049 dierum
831 1009 980 1059 aliquot
1006 1021 1160 1049 vsuram
1188 1009 1385 1048 Ecclesiae
1411 1009 1466 1048 illi
1492 1010 1713 1050 tribuerem.
1767 1011 1916 1062 Negaui
1942 1014 2146 1050 facturum.

230 1067 444 1107 Muntensis
472 1079 518 1104 ex
544 1072 720 1114 tempore
747 1063 881 1102 nescio
910 1073 986 1113 qua
1013 1062 1242 1102 auctoritate
1270 1069 1438 1101 armatus
1459 1063 1512 1102 ita
1535 1077 1597 1102 me
1621 1063 1892 1115 compellauit,
1916 1071 1956 1103 vt
1979 1064 2145 1104 insolen-

230 1130 308 1161 tem
347 1119 515 1158 hominis
557 1130 776 1157 sermonem
816 1116 1045 1167 admirarer,
1086 1118 1122 1154 δε
1154 1129 1216 1154 me
1243 1117 1343 1154 vltro
1372 1116 1602 1155 subiicerem
1628 1117 1817 1155 voluntati
1843 1117 2027 1167 ipsorum.
2082 1117 2145 1156 Sic

230 1178 465 1224 Brugensem
506 1170 719 1209 Ecclesiam
759 1169 1009 1209 visitauimus.
1063 1169 1306 1208 Concionem
1347 1170 1397 1207 ad
1432 1170 1567 1208 vrbem
1595 1170 1673 1208 duo
1702 1169 1926 1209 habuimus:
1954 1171 2049 1209 alter
2073 1183 2148 1209 ser-

233 1240 348 1266 mone
391 1224 583 1272 Flandro,
624 1224 658 1260 &
690 1235 763 1273 ego
790 1221 957 1261 Gallico.
1011 1223 1105 1260 Erat
1133 1221 1267 1271 opinio
1295 1221 1457 1270 ciuium,
1486 1235 1566 1261 non
1594 1229 1723 1261 autem
1751 1236 1859 1273 mea,
1886 1236 2046 1273 vespere
2072 1235 2145 1262 nos

232 1281 272 1318 in
310 1280 444 1317 vrbem
485 1276 595 1315 facile
622 1287 881 1325 regressuros:
918 1276 953 1312 δι
981 1275 1100 1325 Angli
1125 1274 1289 1325 aliquot,
1317 1274 1384 1324 qui
1410 1275 1504 1313 mihi
1531 1275 1712 1324 aderant,
1742 1277 1910 1314 futurum
1937 1289 2008 1325 pro
2037 1282 2146 1314 certo

233 1333 527 1371 confirmabant.
580 1328 774 1367 Redituris
815 1327 854 1366 in
890 1330 986 1367 vrbe
1015 1327 1187 1378 ciuibus,
1214 1327 1461 1377 Magistratus
1487 1329 1537 1366 ad
1565 1334 1720 1377 portam
1746 1328 1869 1366 venit:
1898 1328 2003 1367 ciues
2030 1329 2148 1367 intro-

235 1385 366 1424 mittit:
395 1385 603 1433 collegam,
632 1392 749 1432 quem
778 1387 883 1419 certo
909 1380 1072 1419 consilio
1093 1379 1241 1430 praeire
1265 1379 1470 1427 iusseram,
1495 1381 1613 1430 sistit,
1628 1381 1847 1430 pedemque
1861 1383 2000 1420 referre
2020 1381 2146 1420 iubet:

235 1451 308 1489 ego
347 1448 467 1486 quum
506 1436 546 1473 id
586 1437 606 1473 e
634 1433 847 1484 longinquo
885 1433 1066 1472 vidissem
1094 1437 1199 1481 (nam
1227 1433 1284 1471 vir
1311 1440 1392 1471 erat
1419 1434 1518 1472 adeo
1547 1444 1752 1484 procerus,
1779 1440 1820 1472 vt
1847 1433 1996 1472 omneis
2025 1436 2145 1472 ferme

234 1498 317 1530 toto
345 1489 468 1539 capite
496 1489 705 1538 superaret)
733 1486 899 1524 valedixi
925 1486 1062 1536 Anglis
1089 1486 1238 1536 aliquot
1265 1485 1331 1535 qui
1361 1499 1423 1524 me
1450 1486 1678 1536 prosequuti
1705 1487 1855 1524 fuerant
1882 1486 2079 1536 proxime,
2102 1499 2148 1524 ac

234 1557 313 1582 non
355 1541 500 1580 accessi
540 1541 590 1578 ad
630 1541 764 1578 vrbem
792 1539 965 1589 propius.
1018 1541 1122 1577 Tum
1151 1539 1270 1577 duces
1297 1538 1411 1577 nobis
1439 1540 1578 1577 dantur
1607 1539 1673 1589 qui
1699 1538 1892 1588 praeirent
1919 1539 2008 1589 iter,
2035 1540 2071 1576 &
2100 1540 2149 1577 de

236 1596 399 1635 statione
431 1600 619 1633 nocturna
646 1591 911 1642 prospicerent
938 1592 976 1630 in
1004 1591 1245 1642 propinquo:
1275 1591 1440 1630 maxime
1468 1591 1557 1629 cfim
1586 1602 1751 1642 sequens
1778 1591 1860 1630 dies
1887 1599 1987 1630 esset
2012 1590 2147 1630 Domi-

233 1649 366 1697 nicus,
407 1658 486 1697 quo
527 1646 588 1684 die
629 1645 766 1685 iterum
807 1645 847 1683 in
873 1646 964 1684 loco
993 1645 1174 1683 habenda
1202 1644 1356 1683 concio.
1410 1647 1618 1694 Vtcunque
1649 1652 1778 1683 autem
1806 1645 1854 1682 de
1881 1644 2051 1694 hospitio
2079 1644 2150 1682 fuit

170 1746 175 1750 ἱ
233 1704 283 1741 ab
310 1701 381 1739 illis
408 1701 647 1749 laboratum,
676 1711 748 1736 nos
778 1700 931 1736 lucente
958 1699 1070 1736 Luna
1096 1697 1261 1747 amplius
1289 1697 1492 1735 dimidium
1515 1697 1639 1736 noctis
1660 1697 1948 1747 oberrauimus,
1971 1710 2017 1736 eo
2040 1697 2149 1746 quod

235 1753 372 1804 singuli
400 1765 472 1790 nos
503 1751 678 1801 excipere
706 1750 876 1801 hospitio
898 1757 1129 1797 metuerent,
1148 1749 1337 1800 reliquam
1356 1756 1506 1799 partem
1530 1749 1677 1799 noctis,
1709 1749 1946 1799 tuguriolum
1969 1749 2147 1799 precario

233 1806 337 1845 nacti
364 1804 590 1856 quieuimus.
629 1805 790 1842 Postero
819 1803 901 1854 die,
936 1803 1194 1842 concionibus
1220 1803 1272 1841 ad
1298 1803 1435 1841 vrbem
1461 1802 1619 1854 habitis,
1651 1803 1699 1841 de
1727 1802 1927 1841 communi
1953 1802 2150 1841 Ecclesiae

233 1857 437 1909 Brugensis
478 1856 639 1896 consilio
680 1856 719 1894 in
759 1856 1022 1906 propinquum
1057 1855 1219 1905 opidum
1246 1855 1496 1905 abducimur,
1525 1855 1586 1894 cui
1613 1868 1758 1894 nomen
1785 1861 1841 1893 est
1868 1857 1991 1903 Dam,
2019 1854 2151 1893 nescio

235 1924 311 1961 qua
350 1909 521 1949 crucifixi
562 1912 620 1959 (vt
659 1912 815 1957 vocant)
848 1908 1009 1947 historia
1035 1908 1112 1947 iam
1142 1907 1236 1947 olim
1264 1909 1522 1958 celebratum,
1552 1907 1619 1947 vbi
1646 1908 1697 1946 ad
1722 1908 1885 1947 biduum
1914 1907 2152 1957 quieuimus,

237 1967 272 2002 δε
311 1965 472 2002 honeste
513 1961 663 2012 excepti
703 1973 846 2000 sumus.
901 1963 994 2000 Erat
1033 1968 1162 2000 autem
1201 1961 1265 1999 die
1290 1962 1412 2000 altero
1440 1961 1582 2000 Comes
1608 1962 1875 2011 Egmontanus
1903 1961 2154 1999 Gubernator

236 2015 438 2055 Flandriae
465 2016 698 2054 aduenturus
725 2016 890 2065 Brugas,
918 2022 960 2053 vt
987 2027 1033 2052 ea
1058 2014 1098 2052 in
1130 2014 1226 2052 vrbe
1257 2020 1530 2067 componeret,
1560 2025 1660 2064 quae
1682 2013 1877 2063 religionis
1899 2024 2015 2051 causa
2037 2012 2154 2052 scissa

236 2070 483 2108 videbantur:
513 2074 748 2118 quapropter
774 2066 814 2105 in
843 2074 1085 2106 antecessum
1110 2066 1234 2116 pridie
1269 2066 1316 2116 (is
1343 2066 1425 2105 dies
1453 2073 1534 2104 erat
1559 2067 1708 2116 Lunae)
1736 2065 1873 2116 Brugis
1900 2066 2071 2104 edictum
2095 2072 2152 2104 est

236 2122 419 2160 mandato
446 2120 544 2158 illius
574 2119 614 2157 in
641 2126 756 2169 caput
785 2131 915 2158 meum
942 2121 1248 2170 promulgatum,
1277 2119 1308 2158 si
1336 2119 1422 2169 quis
1451 2132 1513 2156 me
1539 2118 1672 2157 viuum
1699 2119 1890 2168 traderet,
1917 2118 1953 2157 ei
1979 2120 2148 2157 florenos

238 2179 325 2213 800.
358 2174 416 2213 sin
443 2180 657 2223 mortuum,
686 2185 775 2219 400.
802 2172 848 2221 (si
874 2174 975 2211 bene
998 2172 1171 2220 memini)
1193 2179 1437 2210 numeratum
1461 2171 1517 2210 iri.
1545 2172 1783 2221 Egmontani
1802 2171 1843 2210 in
1856 2172 1994 2210 vrbem
2008 2171 2150 2209 aduen-

237 2235 277 2266 tu
318 2232 528 2276 coeperunt
566 2226 742 2263 laborare
781 2225 922 2276 nostri,
962 2225 1097 2263 incerti
1136 2225 1231 2276 quid
1272 2236 1349 2274 qua
1376 2224 1526 2263 ratione
1553 2235 1643 2262 cum
1665 2223 1732 2262 illo
1759 2230 1938 2275 agerent,
1967 2236 2014 2262 eo
2042 2224 2150 2273 quod

236 2292 353 2319 nemo
381 2285 464 2316 tum
489 2278 641 2327 aderat,
671 2277 778 2315 cuius
806 2290 963 2326 operam
990 2278 1029 2315 in
1055 2279 1129 2316 hac
1155 2290 1195 2316 re
1225 2289 1314 2316 cum
1341 2279 1465 2316 fructu
1482 2281 1537 2326 (vt
1551 2278 1739 2327 putabant
1752 2277 1838 2326 ipsi)
1853 2288 2046 2326 occupare
2060 2289 2148 2326 pos-

235 2339 333 2371 sent.
374 2331 499 2380 Capto
533 2329 662 2380 itaque
697 2341 786 2367 curn
820 2330 1146 2369 Gandauensibus
1173 2330 1355 2381 consilio,
1384 2342 1483 2380 quos
1511 2329 1550 2368 in
1577 2329 1660 2379 pari
1687 2341 1803 2368 causa
1829 2335 1919 2368 ante
1947 2328 2028 2368 dies
2056 2341 2146 2378 pau-

235 2387 344 2424 culos
372 2383 611 2432 adiuueram,
639 2382 783 2431 placuit
810 2382 990 2421 omnibus
1017 2396 1079 2421 me
1106 2382 1147 2420 in
1173 2384 1329 2433 vrbem,
1356 2383 1387 2422 si
1419 2394 1495 2432 qua
1521 2382 1669 2421 ratione
1695 2381 1777 2421 fieri
1798 2388 1950 2431 posset,
1973 2381 2147 2420 reuocari

234 2439 284 2476 ad
327 2450 388 2475 se:
429 2435 591 2473 nuncius
631 2435 842 2484 ablegatur.
882 2437 1035 2474 Interea
1075 2435 1168 2473 dum
1194 2436 1291 2474 haec
1319 2442 1543 2486 gererentur
1569 2434 1725 2485 Brugis,
1754 2434 1998 2472 Dammensis
2026 2434 2146 2484 Magi-

234 2497 371 2529 stratus
410 2500 482 2526 nos
524 2486 685 2525 accersit
725 2488 776 2525 ad
816 2500 856 2525 se
896 2487 934 2525 in
978 2487 1146 2527 Curiam.
1199 2490 1259 2526 Ex
1299 2490 1449 2538 collega
1488 2487 1673 2538 primum,
1715 2487 1782 2538 qui
1822 2488 1857 2525 &
1897 2486 2002 2525 cuias
2030 2494 2146 2538 esset,

234 2542 488 2582 sciscitantur:
531 2539 689 2589 cognito
730 2540 1008 2578 Brabantinum
1049 2553 1149 2589 esse,
1191 2541 1389 2579 dimittunt
1428 2541 1605 2578 liberum.
1659 2542 1720 2579 De
1760 2552 1822 2577 me
1849 2545 2146 2589 percunctantur

234 2595 418 2646 plurima,
460 2593 511 2631 ad
551 2591 680 2630 onmia
720 2591 963 2642 simpliciter,
993 2606 1040 2631 ex
1067 2593 1225 2631 veritate
1251 2605 1381 2632 rerum
1408 2595 1443 2631 δι
1471 2605 1585 2631 sensu
1613 2606 1702 2631 meo
1730 2591 1925 2641 respondi.
1966 2594 2068 2630 Tum
2095 2591 2149 2630 illi

236 2647 425 2698 capitibus
465 2646 530 2684 diu
570 2644 668 2682 inter
708 2656 747 2682 se
788 2645 957 2691 collatis,
991 2645 1257 2684 honestissime
1285 2645 1473 2695 alloquuti
1499 2652 1587 2683 sunt
1613 2659 1675 2684 me
1702 2644 1741 2682 in
1769 2646 1868 2682 hanc
1895 2644 2145 2683 sententiam:

235 2702 339 2740 nolle
367 2712 407 2737 se
437 2705 477 2737 vt
503 2698 542 2736 in
569 2696 780 2747 periculum
808 2699 910 2735 facto
937 2697 1110 2748 ipsorum
1137 2698 1332 2737 incidam:
1363 2701 1398 2737 δι
1427 2712 1467 2737 se
1495 2697 1661 2736 vicissim
1683 2697 1899 2743 confidere,
1925 2710 2004 2735 non
2028 2696 2145 2735 alium

2062 2752 2146 2789 fore
