<?xml version="1.0" encoding="UTF-8"?>
<!DOCTYPE html PUBLIC "-//W3C//DTD XHTML 1.0 Transitional//EN"
    "http://www.w3.org/TR/xhtml1/DTD/xhtml1-transitional.dtd">
<html xmlns="http://www.w3.org/1999/xhtml" xml:lang="en" lang="en">
 <head>
  <title>
</title>
<meta http-equiv="Content-Type" content="text/html;charset=utf-8" />
  <meta name='ocr-system' content='tesseract 3.04.00' />
  <meta name='ocr-capabilities' content='ocr_page ocr_carea ocr_par ocr_line ocrx_word'/>
</head>
<body>
  <div class='ocr_page' id='page_1' title='image "./opusculatheologi00juni/opusculatheologi00juni_0305.png"; bbox 0 0 2334 3020; ppageno 0'>
   <div class='ocr_carea' id='block_1_1' title="bbox 764 103 2076 143">
    <p class='ocr_par' dir='ltr' id='par_1_1' title="bbox 764 103 2076 143">
     <span class='ocr_line' id='line_1_1' title="bbox 764 103 2076 143; baseline -0.005 -7"><span class='ocrx_word' id='word_1_1' title='bbox 764 107 980 136; x_wconf 86' lang='lat' dir='ltr'><strong>THESES</strong></span> <span class='ocrx_word' id='word_1_2' title='bbox 1020 104 1451 134; x_wconf 77' lang='lat' dir='ltr'><strong>THEOLOGICAE.</strong></span> <span class='ocrx_word' id='word_1_3' title='bbox 2004 103 2076 143; x_wconf 85' lang='lat'><strong>273</strong></span> 
     </span>
    </p>
   </div>
   <div class='ocr_carea' id='block_1_2' title="bbox 143 210 2102 2722">
    <p class='ocr_par' dir='ltr' id='par_1_2' title="bbox 143 210 2080 483">
     <span class='ocr_line' id='line_1_2' title="bbox 143 210 2073 266; baseline -0.005 -7"><span class='ocrx_word' id='word_1_4' title='bbox 143 226 201 259; x_wconf 86' lang='lat' dir='ltr'><strong>est</strong></span> <span class='ocrx_word' id='word_1_5' title='bbox 227 220 383 259; x_wconf 88' lang='lat' dir='ltr'><strong>foedus:</strong></span> <span class='ocrx_word' id='word_1_6' title='bbox 431 218 566 257; x_wconf 74' lang='lat' dir='ltr'><strong>Genes.</strong></span> <span class='ocrx_word' id='word_1_7' title='bbox 606 227 665 265; x_wconf 91' lang='lat'><strong>17.</strong></span> <span class='ocrx_word' id='word_1_8' title='bbox 706 230 763 255; x_wconf 86' lang='lat'><strong>10.</strong></span> <span class='ocrx_word' id='word_1_9' title='bbox 799 217 936 266; x_wconf 86' lang='lat' dir='ltr'><strong>Agnus</strong></span> <span class='ocrx_word' id='word_1_10' title='bbox 963 221 1020 254; x_wconf 91' lang='lat' dir='ltr'><strong>est</strong></span> <span class='ocrx_word' id='word_1_11' title='bbox 1047 213 1250 253; x_wconf 85' lang='lat' dir='ltr'>transitus:</span> <span class='ocrx_word' id='word_1_12' title='bbox 1295 213 1419 250; x_wconf 74' lang='lat' dir='ltr'><strong>Eoeod.</strong></span> <span class='ocrx_word' id='word_1_13' title='bbox 1453 224 1511 249; x_wconf 90' lang='lat'><strong>12.</strong></span> <span class='ocrx_word' id='word_1_14' title='bbox 1542 224 1604 261; x_wconf 85' lang='lat'><strong>43.</strong></span> <span class='ocrx_word' id='word_1_15' title='bbox 1634 213 1746 249; x_wconf 91' lang='lat' dir='ltr'><strong>Petra</strong></span> <span class='ocrx_word' id='word_1_16' title='bbox 1775 217 1856 250; x_wconf 90' lang='lat' dir='ltr'><strong>erat</strong></span> <span class='ocrx_word' id='word_1_17' title='bbox 1884 210 2073 250; x_wconf 86' lang='lat' dir='ltr'><strong>Christus.</strong></span> 
     </span>
     <span class='ocr_line' id='line_1_3' title="bbox 145 264 2074 320; baseline -0.005 -9"><span class='ocrx_word' id='word_1_18' title='bbox 145 286 178 311; x_wconf 95' lang='lat'><strong>1.</strong></span> <span class='ocrx_word' id='word_1_19' title='bbox 211 273 382 311; x_wconf 73' lang='lat' dir='ltr'><strong>Corinth.</strong></span> <span class='ocrx_word' id='word_1_20' title='bbox 415 284 473 310; x_wconf 92' lang='lat'><strong>10.</strong></span> <span class='ocrx_word' id='word_1_21' title='bbox 503 284 539 319; x_wconf 92' lang='lat'><strong>4.</strong></span> <span class='ocrx_word' id='word_1_22' title='bbox 567 271 703 320; x_wconf 88' lang='lat' dir='ltr'><strong>Itaque</strong></span> <span class='ocrx_word' id='word_1_23' title='bbox 732 271 888 308; x_wconf 89' lang='lat' dir='ltr'><strong>firmum</strong></span> <span class='ocrx_word' id='word_1_24' title='bbox 916 275 1065 319; x_wconf 91' lang='lat' dir='ltr'><strong>manet,</strong></span> <span class='ocrx_word' id='word_1_25' title='bbox 1093 268 1239 306; x_wconf 89' lang='lat' dir='ltr'><strong>nullam</strong></span> <span class='ocrx_word' id='word_1_26' title='bbox 1259 264 1729 304; x_wconf 83' lang='lat' dir='ltr'><strong>transsubstantiationem</strong></span> <span class='ocrx_word' id='word_1_27' title='bbox 1745 264 1848 315; x_wconf 88' lang='lat' dir='ltr'><strong>fieri,</strong></span> <span class='ocrx_word' id='word_1_28' title='bbox 1877 265 2074 302; x_wconf 77' lang='lat' dir='ltr'><strong>nullamve</strong></span> 
     </span>
     <span class='ocr_line' id='line_1_4' title="bbox 144 316 2079 373; baseline -0.006 -8"><span class='ocrx_word' id='word_1_29' title='bbox 144 325 400 365; x_wconf 88' lang='lat' dir='ltr'><strong>differentiam</strong></span> <span class='ocrx_word' id='word_1_30' title='bbox 441 337 526 363; x_wconf 89' lang='lat' dir='ltr'><strong>esse</strong></span> <span class='ocrx_word' id='word_1_31' title='bbox 567 323 667 362; x_wconf 90' lang='lat' dir='ltr'><strong>inter</strong></span> <span class='ocrx_word' id='word_1_32' title='bbox 699 335 842 373; x_wconf 90' lang='lat' dir='ltr'><strong>panem</strong></span> <span class='ocrx_word' id='word_1_33' title='bbox 871 322 1049 370; x_wconf 85' lang='lat' dir='ltr'><strong>Coenae,</strong></span> <span class='ocrx_word' id='word_1_34' title='bbox 1091 322 1127 359; x_wconf 86' lang='lat'>&amp;</span> <span class='ocrx_word' id='word_1_35' title='bbox 1154 332 1296 370; x_wconf 91' lang='lat' dir='ltr'><strong>panem</strong></span> <span class='ocrx_word' id='word_1_36' title='bbox 1339 329 1614 369; x_wconf 90' lang='lat' dir='ltr'><strong>communem,</strong></span> <span class='ocrx_word' id='word_1_37' title='bbox 1644 318 1777 367; x_wconf 89' lang='lat' dir='ltr'><strong>quoad</strong></span> <span class='ocrx_word' id='word_1_38' title='bbox 1804 316 2079 367; x_wconf 72' lang='lat' dir='ltr'><strong>substantiam,</strong></span> 
     </span>
     <span class='ocr_line' id='line_1_5' title="bbox 145 369 2080 429; baseline -0.005 -12"><span class='ocrx_word' id='word_1_39' title='bbox 145 379 276 429; x_wconf 89' lang='lat' dir='ltr'><strong>quoad</strong></span> <span class='ocrx_word' id='word_1_40' title='bbox 317 377 591 428; x_wconf 88' lang='lat' dir='ltr'><strong>quantitatem,</strong></span> <span class='ocrx_word' id='word_1_41' title='bbox 635 383 701 414; x_wconf 90' lang='lat' dir='ltr'><strong>aut</strong></span> <span class='ocrx_word' id='word_1_42' title='bbox 740 376 873 426; x_wconf 90' lang='lat' dir='ltr'><strong>quoad</strong></span> <span class='ocrx_word' id='word_1_43' title='bbox 909 374 1116 425; x_wconf 81' lang='lat' dir='ltr'><strong>qualitates</strong></span> <span class='ocrx_word' id='word_1_44' title='bbox 1152 374 1348 412; x_wconf 88' lang='lat' dir='ltr'><strong>naturales</strong></span> <span class='ocrx_word' id='word_1_45' title='bbox 1389 371 1458 411; x_wconf 92' lang='lat' dir='ltr'><strong>sed</strong></span> <span class='ocrx_word' id='word_1_46' title='bbox 1485 372 1636 410; x_wconf 76' lang='lat' dir='ltr'><strong>tantum</strong></span> <span class='ocrx_word' id='word_1_47' title='bbox 1664 371 1798 421; x_wconf 91' lang='lat' dir='ltr'><strong>quoad</strong></span> <span class='ocrx_word' id='word_1_48' title='bbox 1828 369 2080 421; x_wconf 76' lang='lat' dir='ltr'><strong>relationem,</strong></span> 
     </span>
     <span class='ocr_line' id='line_1_6' title="bbox 143 430 904 483; baseline -0.007 -12"><span class='ocrx_word' id='word_1_49' title='bbox 143 434 221 471; x_wconf 93' lang='lat' dir='ltr'><strong>hoc</strong></span> <span class='ocrx_word' id='word_1_50' title='bbox 248 439 327 483; x_wconf 82' lang='lat' dir='ltr'><strong>est,</strong></span> <span class='ocrx_word' id='word_1_51' title='bbox 355 431 487 481; x_wconf 91' lang='lat' dir='ltr'><strong>quoad</strong></span> <span class='ocrx_word' id='word_1_52' title='bbox 513 443 624 469; x_wconf 91' lang='lat' dir='ltr'><strong>vsum</strong></span> <span class='ocrx_word' id='word_1_53' title='bbox 653 430 688 468; x_wconf 86' lang='lat'>&amp;</span> <span class='ocrx_word' id='word_1_54' title='bbox 717 431 904 468; x_wconf 85' lang='lat' dir='ltr'><strong>officium.</strong></span> 
     </span>
    </p>

    <p class='ocr_par' dir='ltr' id='par_1_3' title="bbox 143 476 2088 1227">
     <span class='ocr_line' id='line_1_7' title="bbox 202 476 2083 532; baseline -0.005 -8"><span class='ocrx_word' id='word_1_55' title='bbox 202 499 260 524; x_wconf 92' lang='lat'><strong>12.</strong></span> <span class='ocrx_word' id='word_1_56' title='bbox 316 485 519 524; x_wconf 89' lang='lat' dir='ltr'><strong>Secundus</strong></span> <span class='ocrx_word' id='word_1_57' title='bbox 561 495 670 522; x_wconf 92' lang='lat' dir='ltr'><strong>error</strong></span> <span class='ocrx_word' id='word_1_58' title='bbox 711 482 903 532; x_wconf 88' lang='lat' dir='ltr'><strong>originem</strong></span> <span class='ocrx_word' id='word_1_59' title='bbox 936 483 959 519; x_wconf 78' lang='lat' dir='ltr'><strong>a</strong></span> <span class='ocrx_word' id='word_1_60' title='bbox 996 480 1124 532; x_wconf 90' lang='lat' dir='ltr'><strong>primo</strong></span> <span class='ocrx_word' id='word_1_61' title='bbox 1153 479 1274 519; x_wconf 89' lang='lat' dir='ltr'><strong>ducit.</strong></span> <span class='ocrx_word' id='word_1_62' title='bbox 1302 480 1426 529; x_wconf 87' lang='lat' dir='ltr'><strong>Nam,</strong></span> <span class='ocrx_word' id='word_1_63' title='bbox 1463 478 1672 517; x_wconf 87' lang='lat' dir='ltr'><strong>statuendo</strong></span> <span class='ocrx_word' id='word_1_64' title='bbox 1700 490 1843 528; x_wconf 90' lang='lat' dir='ltr'><strong>panem</strong></span> <span class='ocrx_word' id='word_1_65' title='bbox 1872 476 1911 515; x_wconf 91' lang='lat' dir='ltr'><strong>in</strong></span> <span class='ocrx_word' id='word_1_66' title='bbox 1939 487 2083 526; x_wconf 90' lang='lat' dir='ltr'><strong>corpus</strong></span> 
     </span>
     <span class='ocr_line' id='line_1_8' title="bbox 146 529 2082 587; baseline -0.005 -10"><span class='ocrx_word' id='word_1_67' title='bbox 146 538 290 577; x_wconf 89' lang='lat' dir='ltr'><strong>Christi</strong></span> <span class='ocrx_word' id='word_1_68' title='bbox 315 536 693 587; x_wconf 85' lang='lat' dir='ltr'><strong>transsubstantiari,</strong></span> <span class='ocrx_word' id='word_1_69' title='bbox 722 536 965 575; x_wconf 90' lang='lat' dir='ltr'><strong>concludunt</strong></span> <span class='ocrx_word' id='word_1_70' title='bbox 993 534 1221 585; x_wconf 87' lang='lat' dir='ltr'><strong>sanguinem</strong></span> <span class='ocrx_word' id='word_1_71' title='bbox 1251 532 1394 571; x_wconf 83' lang='lat' dir='ltr'><strong>Christi</strong></span> <span class='ocrx_word' id='word_1_72' title='bbox 1423 544 1506 570; x_wconf 88' lang='lat' dir='ltr'><strong>esse</strong></span> <span class='ocrx_word' id='word_1_73' title='bbox 1534 531 1573 569; x_wconf 90' lang='lat' dir='ltr'><strong>in</strong></span> <span class='ocrx_word' id='word_1_74' title='bbox 1602 544 1770 581; x_wconf 92' lang='lat' dir='ltr'><strong>corpore</strong></span> <span class='ocrx_word' id='word_1_75' title='bbox 1798 543 1867 581; x_wconf 92' lang='lat' dir='ltr'><strong>per</strong></span> <span class='ocrx_word' id='word_1_76' title='bbox 1883 529 2082 568; x_wconf 92' lang='lat' dir='ltr'><strong>concomi-</strong></span> 
     </span>
     <span class='ocr_line' id='line_1_9' title="bbox 145 583 2082 641; baseline -0.005 -11"><span class='ocrx_word' id='word_1_77' title='bbox 145 592 325 630; x_wconf 87' lang='lat' dir='ltr'><strong>tantiam:</strong></span> <span class='ocrx_word' id='word_1_78' title='bbox 367 604 415 629; x_wconf 90' lang='lat' dir='ltr'><strong>ac</strong></span> <span class='ocrx_word' id='word_1_79' title='bbox 455 590 621 641; x_wconf 89' lang='lat' dir='ltr'><strong>proinde</strong></span> <span class='ocrx_word' id='word_1_80' title='bbox 663 602 736 628; x_wconf 90' lang='lat' dir='ltr'><strong>nos</strong></span> <span class='ocrx_word' id='word_1_81' title='bbox 765 587 923 639; x_wconf 90' lang='lat' dir='ltr'><strong>corpori</strong></span> <span class='ocrx_word' id='word_1_82' title='bbox 949 590 985 627; x_wconf 82' lang='lat'>&amp;</span> <span class='ocrx_word' id='word_1_83' title='bbox 1013 586 1190 638; x_wconf 87' lang='lat' dir='ltr'><strong>sanguini</strong></span> <span class='ocrx_word' id='word_1_84' title='bbox 1218 585 1533 635; x_wconf 89' lang='lat' dir='ltr'><strong>communicare,</strong></span> <span class='ocrx_word' id='word_1_85' title='bbox 1575 584 1887 634; x_wconf 88' lang='lat' dir='ltr'><strong>quotiescunque</strong></span> <span class='ocrx_word' id='word_1_86' title='bbox 1913 583 2082 621; x_wconf 87' lang='lat' dir='ltr'><strong>hostiam</strong></span> 
     </span>
     <span class='ocr_line' id='line_1_10' title="bbox 146 636 2083 693; baseline -0.005 -10"><span class='ocrx_word' id='word_1_87' title='bbox 146 645 454 689; x_wconf 86' lang='lat' dir='ltr'><strong>manducamus,</strong></span> <span class='ocrx_word' id='word_1_88' title='bbox 485 646 520 683; x_wconf 73' lang='grc' dir='ltr'><strong>δι</strong></span> <span class='ocrx_word' id='word_1_89' title='bbox 547 656 618 693; x_wconf 92' lang='lat' dir='ltr'><strong>per</strong></span> <span class='ocrx_word' id='word_1_90' title='bbox 646 654 890 692; x_wconf 88' lang='lat' dir='ltr'><strong>consequens</strong></span> <span class='ocrx_word' id='word_1_91' title='bbox 919 643 1105 692; x_wconf 91' lang='lat' dir='ltr'><strong>poculum</strong></span> <span class='ocrx_word' id='word_1_92' title='bbox 1132 639 1313 691; x_wconf 91' lang='lat' dir='ltr'><strong>praeberi</strong></span> <span class='ocrx_word' id='word_1_93' title='bbox 1339 638 1448 677; x_wconf 90' lang='lat' dir='ltr'><strong>laicis</strong></span> <span class='ocrx_word' id='word_1_94' title='bbox 1476 650 1556 676; x_wconf 91' lang='lat' dir='ltr'><strong>non</strong></span> <span class='ocrx_word' id='word_1_95' title='bbox 1586 650 1668 676; x_wconf 89' lang='lat' dir='ltr'><strong>esse</strong></span> <span class='ocrx_word' id='word_1_96' title='bbox 1692 650 1864 676; x_wconf 92' lang='lat' dir='ltr'><strong>necesse.</strong></span> <span class='ocrx_word' id='word_1_97' title='bbox 1893 636 1971 675; x_wconf 87' lang='lat' dir='ltr'><strong>Sed</strong></span> <span class='ocrx_word' id='word_1_98' title='bbox 1999 636 2083 686; x_wconf 89' lang='lat' dir='ltr'><strong>quis</strong></span> 
     </span>
     <span class='ocr_line' id='line_1_11' title="bbox 143 688 2082 746; baseline -0.005 -10"><span class='ocrx_word' id='word_1_99' title='bbox 143 698 246 736; x_wconf 92' lang='lat' dir='ltr'><strong>hanc</strong></span> <span class='ocrx_word' id='word_1_100' title='bbox 274 697 543 736; x_wconf 89' lang='lat' dir='ltr'><strong>auctoritatem</strong></span> <span class='ocrx_word' id='word_1_101' title='bbox 572 696 801 735; x_wconf 83' lang='lat' dir='ltr'><strong>mortalibus</strong></span> <span class='ocrx_word' id='word_1_102' title='bbox 825 695 978 746; x_wconf 75' lang='lat' dir='ltr'><strong>tribuit,</strong></span> <span class='ocrx_word' id='word_1_103' title='bbox 1008 708 1068 734; x_wconf 92' lang='lat' dir='ltr'><strong>res</strong></span> <span class='ocrx_word' id='word_1_104' title='bbox 1085 693 1236 733; x_wconf 88' lang='lat' dir='ltr'><strong>diuinas</strong></span> <span class='ocrx_word' id='word_1_105' title='bbox 1250 691 1450 743; x_wconf 90' lang='lat' dir='ltr'><strong>prohibito</strong></span> <span class='ocrx_word' id='word_1_106' title='bbox 1465 688 1681 730; x_wconf 86' lang='lat' dir='ltr'><strong>tractandi?</strong></span> <span class='ocrx_word' id='word_1_107' title='bbox 1696 691 1838 729; x_wconf 89' lang='lat' dir='ltr'><strong>Paulus</strong></span> <span class='ocrx_word' id='word_1_108' title='bbox 1860 690 1951 729; x_wconf 80' lang='lat' dir='ltr'><strong>Gal.</strong></span> <span class='ocrx_word' id='word_1_109' title='bbox 1967 702 2002 739; x_wconf 88' lang='lat'><strong>3.</strong></span> <span class='ocrx_word' id='word_1_110' title='bbox 2024 699 2082 739; x_wconf 90' lang='lat'><strong>15.</strong></span> 
     </span>
     <span class='ocr_line' id='line_1_12' title="bbox 147 742 2086 799; baseline -0.005 -10"><span class='ocrx_word' id='word_1_111' title='bbox 147 764 196 789; x_wconf 92' lang='lat' dir='ltr'><strong>ne</strong></span> <span class='ocrx_word' id='word_1_112' title='bbox 224 750 394 790; x_wconf 91' lang='lat' dir='ltr'><strong>hominis</strong></span> <span class='ocrx_word' id='word_1_113' title='bbox 423 750 582 799; x_wconf 91' lang='lat' dir='ltr'><strong>quidem</strong></span> <span class='ocrx_word' id='word_1_114' title='bbox 611 755 844 788; x_wconf 86' lang='lat' dir='ltr'><strong>testamento</strong></span> <span class='ocrx_word' id='word_1_115' title='bbox 873 755 957 786; x_wconf 89' lang='lat' dir='ltr'><strong>rato</strong></span> <span class='ocrx_word' id='word_1_116' title='bbox 986 750 1068 786; x_wconf 90' lang='lat' dir='ltr'><strong>vult</strong></span> <span class='ocrx_word' id='word_1_117' title='bbox 1097 747 1189 786; x_wconf 86' lang='lat' dir='ltr'><strong>addi</strong></span> <span class='ocrx_word' id='word_1_118' title='bbox 1216 759 1333 797; x_wconf 89' lang='lat' dir='ltr'><strong>posse</strong></span> <span class='ocrx_word' id='word_1_119' title='bbox 1349 753 1414 784; x_wconf 88' lang='lat' dir='ltr'><strong>aut</strong></span> <span class='ocrx_word' id='word_1_120' title='bbox 1430 744 1551 783; x_wconf 91' lang='lat' dir='ltr'><strong>deleri</strong></span> <span class='ocrx_word' id='word_1_121' title='bbox 1565 744 1765 795; x_wconf 88' lang='lat' dir='ltr'><strong>quidpiam</strong></span> <span class='ocrx_word' id='word_1_122' title='bbox 1785 757 1794 782; x_wconf 76' lang='grc' dir='ltr'>ε</span> <span class='ocrx_word' id='word_1_123' title='bbox 1818 744 1942 782; x_wconf 81' lang='lat' dir='ltr'><strong>multo</strong></span> <span class='ocrx_word' id='word_1_124' title='bbox 1958 742 2086 780; x_wconf 91' lang='lat' dir='ltr'><strong>minus</strong></span> 
     </span>
     <span class='ocr_line' id='line_1_13' title="bbox 144 796 2084 852; baseline -0.005 -9"><span class='ocrx_word' id='word_1_125' title='bbox 144 811 378 843; x_wconf 87' lang='lat' dir='ltr'><strong>testamento</strong></span> <span class='ocrx_word' id='word_1_126' title='bbox 406 804 470 852; x_wconf 91' lang='lat' dir='ltr'><strong>filij</strong></span> <span class='ocrx_word' id='word_1_127' title='bbox 501 804 596 852; x_wconf 87' lang='lat' dir='ltr'><strong>Dei,</strong></span> <span class='ocrx_word' id='word_1_128' title='bbox 639 802 748 842; x_wconf 91' lang='lat' dir='ltr'><strong>cuius</strong></span> <span class='ocrx_word' id='word_1_129' title='bbox 789 801 923 840; x_wconf 87' lang='lat' dir='ltr'><strong>vltima</strong></span> <span class='ocrx_word' id='word_1_130' title='bbox 963 803 1142 840; x_wconf 89' lang='lat' dir='ltr'><strong>voluntas</strong></span> <span class='ocrx_word' id='word_1_131' title='bbox 1183 800 1298 839; x_wconf 90' lang='lat' dir='ltr'><strong>nobis</strong></span> <span class='ocrx_word' id='word_1_132' title='bbox 1339 799 1378 837; x_wconf 90' lang='lat' dir='ltr'><strong>in</strong></span> <span class='ocrx_word' id='word_1_133' title='bbox 1407 798 1623 848; x_wconf 88' lang='lat' dir='ltr'><strong>Euangelio</strong></span> <span class='ocrx_word' id='word_1_134' title='bbox 1651 798 1822 836; x_wconf 89' lang='lat' dir='ltr'><strong>reuelata</strong></span> <span class='ocrx_word' id='word_1_135' title='bbox 1851 803 1909 835; x_wconf 89' lang='lat' dir='ltr'><strong>est</strong></span> <span class='ocrx_word' id='word_1_136' title='bbox 1936 796 2084 834; x_wconf 62' lang='lat' dir='ltr'><strong>slffattlz.</strong></span> 
     </span>
     <span class='ocr_line' id='line_1_14' title="bbox 147 849 2085 907; baseline -0.005 -12"><span class='ocrx_word' id='word_1_137' title='bbox 147 859 207 896; x_wconf 87' lang='lat'><strong>26.</strong></span> <span class='ocrx_word' id='word_1_138' title='bbox 241 859 301 896; x_wconf 90' lang='lat'><strong>26.</strong></span> <span class='ocrx_word' id='word_1_139' title='bbox 333 869 394 906; x_wconf 81' lang='lat'><strong>27.</strong></span> <span class='ocrx_word' id='word_1_140' title='bbox 424 863 465 894; x_wconf 87' lang='lat' dir='ltr'><strong>vt</strong></span> <span class='ocrx_word' id='word_1_141' title='bbox 505 856 763 907; x_wconf 82' lang='lat' dir='ltr'><strong>accipiamus,</strong></span> <span class='ocrx_word' id='word_1_142' title='bbox 805 855 987 905; x_wconf 89' lang='lat' dir='ltr'><strong>edamus,</strong></span> <span class='ocrx_word' id='word_1_143' title='bbox 1017 856 1052 894; x_wconf 73' lang='grc' dir='ltr'><strong>δι</strong></span> <span class='ocrx_word' id='word_1_144' title='bbox 1080 853 1263 893; x_wconf 90' lang='lat' dir='ltr'><strong>bibamus</strong></span> <span class='ocrx_word' id='word_1_145' title='bbox 1305 865 1370 899; x_wconf 90' lang='lat' dir='ltr'><strong>ea,</strong></span> <span class='ocrx_word' id='word_1_146' title='bbox 1411 863 1511 902; x_wconf 85' lang='lat' dir='ltr'><strong>quae</strong></span> <span class='ocrx_word' id='word_1_147' title='bbox 1552 850 1667 889; x_wconf 89' lang='lat' dir='ltr'><strong>nobis</strong></span> <span class='ocrx_word' id='word_1_148' title='bbox 1703 850 1967 901; x_wconf 90' lang='lat' dir='ltr'><strong>porriguntur.</strong></span> <span class='ocrx_word' id='word_1_149' title='bbox 1999 849 2085 886; x_wconf 93' lang='lat' dir='ltr'><strong>Nec</strong></span> 
     </span>
     <span class='ocr_line' id='line_1_15' title="bbox 144 903 2085 958; baseline -0.005 -9"><span class='ocrx_word' id='word_1_150' title='bbox 144 912 277 949; x_wconf 91' lang='lat' dir='ltr'><strong>locum</strong></span> <span class='ocrx_word' id='word_1_151' title='bbox 319 911 466 949; x_wconf 91' lang='lat' dir='ltr'><strong>habere</strong></span> <span class='ocrx_word' id='word_1_152' title='bbox 506 910 625 948; x_wconf 92' lang='lat' dir='ltr'><strong>debet</strong></span> <span class='ocrx_word' id='word_1_153' title='bbox 664 910 763 948; x_wconf 92' lang='lat' dir='ltr'><strong>haec</strong></span> <span class='ocrx_word' id='word_1_154' title='bbox 805 907 1023 958; x_wconf 88' lang='lat' dir='ltr'><strong>cauillatio,</strong></span> <span class='ocrx_word' id='word_1_155' title='bbox 1063 908 1141 945; x_wconf 92' lang='lat' dir='ltr'><strong>hoc</strong></span> <span class='ocrx_word' id='word_1_156' title='bbox 1184 907 1312 945; x_wconf 90' lang='lat' dir='ltr'><strong>solum</strong></span> <span class='ocrx_word' id='word_1_157' title='bbox 1339 905 1572 956; x_wconf 87' lang='lat' dir='ltr'><strong>imperatum</strong></span> <span class='ocrx_word' id='word_1_158' title='bbox 1600 904 1716 943; x_wconf 87' lang='lat' dir='ltr'><strong>fuisse</strong></span> <span class='ocrx_word' id='word_1_159' title='bbox 1744 903 1963 953; x_wconf 86' lang='lat' dir='ltr'><strong>discipulis:</strong></span> <span class='ocrx_word' id='word_1_160' title='bbox 1993 915 2085 940; x_wconf 91' lang='lat' dir='ltr'><strong>nam</strong></span> 
     </span>
     <span class='ocr_line' id='line_1_16' title="bbox 145 956 2086 1014; baseline -0.006 -11"><span class='ocrx_word' id='word_1_161' title='bbox 145 964 284 1002; x_wconf 90' lang='lat' dir='ltr'><strong>eadem</strong></span> <span class='ocrx_word' id='word_1_162' title='bbox 311 963 484 1014; x_wconf 89' lang='lat' dir='ltr'><strong>ratione,</strong></span> <span class='ocrx_word' id='word_1_163' title='bbox 520 962 629 1002; x_wconf 89' lang='lat' dir='ltr'><strong>Laici</strong></span> <span class='ocrx_word' id='word_1_164' title='bbox 657 975 756 1013; x_wconf 90' lang='lat' dir='ltr'><strong>quos</strong></span> <span class='ocrx_word' id='word_1_165' title='bbox 784 969 930 1000; x_wconf 85' lang='lat' dir='ltr'><strong>vocant</strong></span> <span class='ocrx_word' id='word_1_166' title='bbox 958 968 1086 1000; x_wconf 89' lang='lat' dir='ltr'><strong>essent</strong></span> <span class='ocrx_word' id='word_1_167' title='bbox 1114 959 1273 998; x_wconf 89' lang='lat' dir='ltr'><strong>arcendi</strong></span> <span class='ocrx_word' id='word_1_168' title='bbox 1300 962 1323 997; x_wconf 76' lang='lat' dir='ltr'><strong>a</strong></span> <span class='ocrx_word' id='word_1_169' title='bbox 1352 957 1633 997; x_wconf 90' lang='lat' dir='ltr'><strong>communione</strong></span> <span class='ocrx_word' id='word_1_170' title='bbox 1662 956 1851 1006; x_wconf 90' lang='lat' dir='ltr'><strong>corporis.</strong></span> <span class='ocrx_word' id='word_1_171' title='bbox 1881 957 2086 994; x_wconf 78' lang='lat' dir='ltr'><strong>Praeterea</strong></span> 
     </span>
     <span class='ocr_line' id='line_1_17' title="bbox 144 1008 2085 1069; baseline -0.005 -14"><span class='ocrx_word' id='word_1_172' title='bbox 144 1018 389 1068; x_wconf 89' lang='lat' dir='ltr'><strong>notandum,</strong></span> <span class='ocrx_word' id='word_1_173' title='bbox 417 1029 562 1069; x_wconf 88' lang='lat' dir='ltr'><strong>corpus</strong></span> <span class='ocrx_word' id='word_1_174' title='bbox 590 1016 733 1055; x_wconf 91' lang='lat' dir='ltr'><strong>Christi</strong></span> <span class='ocrx_word' id='word_1_175' title='bbox 760 1014 876 1054; x_wconf 84' lang='lat' dir='ltr'><strong>nobis</strong></span> <span class='ocrx_word' id='word_1_176' title='bbox 904 1014 943 1052; x_wconf 91' lang='lat' dir='ltr'><strong>in</strong></span> <span class='ocrx_word' id='word_1_177' title='bbox 971 1027 1096 1053; x_wconf 92' lang='lat' dir='ltr'><strong>coena</strong></span> <span class='ocrx_word' id='word_1_178' title='bbox 1123 1012 1274 1063; x_wconf 89' lang='lat' dir='ltr'><strong>offerri,</strong></span> <span class='ocrx_word' id='word_1_179' title='bbox 1303 1020 1493 1062; x_wconf 90' lang='lat' dir='ltr'><strong>quatenus</strong></span> <span class='ocrx_word' id='word_1_180' title='bbox 1521 1017 1739 1060; x_wconf 90' lang='lat' dir='ltr'><strong>mortuum,</strong></span> <span class='ocrx_word' id='word_1_181' title='bbox 1770 1012 1806 1049; x_wconf 67' lang='grc' dir='ltr'><strong>δε</strong></span> <span class='ocrx_word' id='word_1_182' title='bbox 1834 1019 2030 1059; x_wconf 85' lang='lat' dir='ltr'><strong>exsangue</strong></span> <span class='ocrx_word' id='word_1_183' title='bbox 2046 1008 2085 1046; x_wconf 91' lang='lat' dir='ltr'><strong>in</strong></span> 
     </span>
     <span class='ocr_line' id='line_1_18' title="bbox 144 1060 2086 1120; baseline -0.005 -11"><span class='ocrx_word' id='word_1_184' title='bbox 144 1082 263 1109; x_wconf 91' lang='lat' dir='ltr'><strong>cruce</strong></span> <span class='ocrx_word' id='word_1_185' title='bbox 306 1072 484 1109; x_wconf 87' lang='lat' dir='ltr'><strong>oblatum</strong></span> <span class='ocrx_word' id='word_1_186' title='bbox 524 1069 594 1108; x_wconf 86' lang='lat' dir='ltr'><strong>fuit</strong></span> <span class='ocrx_word' id='word_1_187' title='bbox 630 1082 702 1120; x_wconf 92' lang='lat' dir='ltr'><strong>pro</strong></span> <span class='ocrx_word' id='word_1_188' title='bbox 729 1068 862 1115; x_wconf 86' lang='lat' dir='ltr'><strong>nobis,</strong></span> <span class='ocrx_word' id='word_1_189' title='bbox 905 1069 941 1106; x_wconf 87' lang='lat'>&amp;</span> <span class='ocrx_word' id='word_1_190' title='bbox 970 1067 1199 1118; x_wconf 88' lang='lat' dir='ltr'><strong>sanguinem</strong></span> <span class='ocrx_word' id='word_1_191' title='bbox 1228 1067 1309 1105; x_wconf 89' lang='lat' dir='ltr'><strong>eius</strong></span> <span class='ocrx_word' id='word_1_192' title='bbox 1336 1078 1410 1104; x_wconf 93' lang='lat' dir='ltr'><strong>nos</strong></span> <span class='ocrx_word' id='word_1_193' title='bbox 1436 1064 1593 1113; x_wconf 85' lang='lat' dir='ltr'><strong>bibere,</strong></span> <span class='ocrx_word' id='word_1_194' title='bbox 1633 1076 1714 1102; x_wconf 87' lang='lat' dir='ltr'><strong>non</strong></span> <span class='ocrx_word' id='word_1_195' title='bbox 1743 1063 1934 1113; x_wconf 78' lang='lat' dir='ltr'><strong>quatenus</strong></span> <span class='ocrx_word' id='word_1_196' title='bbox 1962 1069 2019 1100; x_wconf 92' lang='lat' dir='ltr'><strong>est</strong></span> <span class='ocrx_word' id='word_1_197' title='bbox 2046 1060 2086 1099; x_wconf 89' lang='lat' dir='ltr'><strong>in</strong></span> 
     </span>
     <span class='ocr_line' id='line_1_19' title="bbox 144 1116 2088 1174; baseline -0.005 -12"><span class='ocrx_word' id='word_1_198' title='bbox 144 1123 254 1162; x_wconf 89' lang='lat' dir='ltr'><strong>venis</strong></span> <span class='ocrx_word' id='word_1_199' title='bbox 282 1124 478 1174; x_wconf 88' lang='lat' dir='ltr'><strong>corporis,</strong></span> <span class='ocrx_word' id='word_1_200' title='bbox 509 1124 578 1162; x_wconf 93' lang='lat' dir='ltr'><strong>sed</strong></span> <span class='ocrx_word' id='word_1_201' title='bbox 607 1126 685 1172; x_wconf 76' lang='lat' dir='ltr'><strong>qua</strong></span> <span class='ocrx_word' id='word_1_202' title='bbox 713 1123 855 1161; x_wconf 85' lang='lat' dir='ltr'><strong>effusus</strong></span> <span class='ocrx_word' id='word_1_203' title='bbox 883 1121 964 1159; x_wconf 86' lang='lat' dir='ltr'><strong>fuit.</strong></span> <span class='ocrx_word' id='word_1_204' title='bbox 1003 1123 1097 1160; x_wconf 92' lang='lat' dir='ltr'><strong>Hoc</strong></span> <span class='ocrx_word' id='word_1_205' title='bbox 1123 1126 1182 1158; x_wconf 89' lang='lat' dir='ltr'><strong>est</strong></span> <span class='ocrx_word' id='word_1_206' title='bbox 1209 1118 1365 1170; x_wconf 88' lang='lat' dir='ltr'><strong>sanguis</strong></span> <span class='ocrx_word' id='word_1_207' title='bbox 1394 1117 1533 1167; x_wconf 87' lang='lat' dir='ltr'><strong>(inquit</strong></span> <span class='ocrx_word' id='word_1_208' title='bbox 1548 1116 1744 1168; x_wconf 90' lang='lat' dir='ltr'><strong>Christus,</strong></span> <span class='ocrx_word' id='word_1_209' title='bbox 1772 1117 1913 1155; x_wconf 74' lang='lat' dir='ltr'><strong>Matth.</strong></span> <span class='ocrx_word' id='word_1_210' title='bbox 1931 1117 1992 1153; x_wconf 90' lang='lat'><strong>26.</strong></span> <span class='ocrx_word' id='word_1_211' title='bbox 2011 1117 2088 1163; x_wconf 87' lang='lat'><strong>28.)</strong></span> 
     </span>
     <span class='ocr_line' id='line_1_20' title="bbox 145 1174 1372 1227; baseline -0.005 -11"><span class='ocrx_word' id='word_1_212' title='bbox 145 1177 212 1227; x_wconf 92' lang='lat' dir='ltr'><strong>qui</strong></span> <span class='ocrx_word' id='word_1_213' title='bbox 239 1190 311 1227; x_wconf 93' lang='lat' dir='ltr'><strong>pro</strong></span> <span class='ocrx_word' id='word_1_214' title='bbox 341 1177 472 1215; x_wconf 91' lang='lat' dir='ltr'><strong>multis</strong></span> <span class='ocrx_word' id='word_1_215' title='bbox 500 1177 710 1215; x_wconf 89' lang='lat' dir='ltr'><strong>effunditur</strong></span> <span class='ocrx_word' id='word_1_216' title='bbox 737 1175 777 1213; x_wconf 90' lang='lat' dir='ltr'><strong>in</strong></span> <span class='ocrx_word' id='word_1_217' title='bbox 805 1174 1075 1214; x_wconf 88' lang='lat' dir='ltr'><strong>remissionem</strong></span> <span class='ocrx_word' id='word_1_218' title='bbox 1104 1179 1372 1224; x_wconf 88' lang='lat' dir='ltr'><strong>peccatorum.</strong></span> 
     </span>
    </p>

    <p class='ocr_par' dir='ltr' id='par_1_4' title="bbox 143 1221 2091 1760">
     <span class='ocr_line' id='line_1_21' title="bbox 203 1221 2087 1280; baseline -0.006 -11"><span class='ocrx_word' id='word_1_219' title='bbox 203 1243 262 1280; x_wconf 84' lang='lat'><strong>13.</strong></span> <span class='ocrx_word' id='word_1_220' title='bbox 317 1230 473 1268; x_wconf 92' lang='lat' dir='ltr'><strong>Tertius</strong></span> <span class='ocrx_word' id='word_1_221' title='bbox 502 1229 671 1279; x_wconf 89' lang='lat' dir='ltr'><strong>denique</strong></span> <span class='ocrx_word' id='word_1_222' title='bbox 700 1241 808 1268; x_wconf 92' lang='lat' dir='ltr'><strong>error</strong></span> <span class='ocrx_word' id='word_1_223' title='bbox 836 1227 1006 1266; x_wconf 87' lang='lat' dir='ltr'><strong>nascitur</strong></span> <span class='ocrx_word' id='word_1_224' title='bbox 1033 1240 1081 1266; x_wconf 86' lang='lat' dir='ltr'><strong>ex</strong></span> <span class='ocrx_word' id='word_1_225' title='bbox 1108 1227 1264 1265; x_wconf 92' lang='lat' dir='ltr'><strong>duobus</strong></span> <span class='ocrx_word' id='word_1_226' title='bbox 1292 1222 1629 1276; x_wconf 87' lang='lat' dir='ltr'><strong>praecedentibus.</strong></span> <span class='ocrx_word' id='word_1_227' title='bbox 1660 1236 1753 1261; x_wconf 88' lang='lat' dir='ltr'><strong>narn</strong></span> <span class='ocrx_word' id='word_1_228' title='bbox 1781 1221 1892 1260; x_wconf 89' lang='lat' dir='ltr'><strong>iactis</strong></span> <span class='ocrx_word' id='word_1_229' title='bbox 1918 1222 1979 1260; x_wconf 91' lang='lat' dir='ltr'><strong>his</strong></span> <span class='ocrx_word' id='word_1_230' title='bbox 2006 1222 2087 1259; x_wconf 90' lang='lat' dir='ltr'><strong>fun-</strong></span> 
     </span>
     <span class='ocr_line' id='line_1_22' title="bbox 144 1275 2088 1334; baseline -0.005 -12"><span class='ocrx_word' id='word_1_231' title='bbox 144 1282 360 1334; x_wconf 89' lang='lat' dir='ltr'><strong>damentis,</strong></span> <span class='ocrx_word' id='word_1_232' title='bbox 389 1297 529 1333; x_wconf 87' lang='lat' dir='ltr'><strong>panem</strong></span> <span class='ocrx_word' id='word_1_233' title='bbox 560 1281 916 1321; x_wconf 86' lang='lat' dir='ltr'><strong>transsubstantiari</strong></span> <span class='ocrx_word' id='word_1_234' title='bbox 939 1281 978 1319; x_wconf 93' lang='lat' dir='ltr'><strong>in</strong></span> <span class='ocrx_word' id='word_1_235' title='bbox 1002 1292 1145 1330; x_wconf 88' lang='lat' dir='ltr'><strong>corpus</strong></span> <span class='ocrx_word' id='word_1_236' title='bbox 1160 1279 1325 1329; x_wconf 89' lang='lat' dir='ltr'><strong>Christi,</strong></span> <span class='ocrx_word' id='word_1_237' title='bbox 1354 1277 1496 1316; x_wconf 91' lang='lat' dir='ltr'><strong>deinde</strong></span> <span class='ocrx_word' id='word_1_238' title='bbox 1521 1275 1751 1326; x_wconf 89' lang='lat' dir='ltr'><strong>sanguinem</strong></span> <span class='ocrx_word' id='word_1_239' title='bbox 1767 1288 1850 1314; x_wconf 85' lang='lat' dir='ltr'><strong>esse</strong></span> <span class='ocrx_word' id='word_1_240' title='bbox 1865 1275 1905 1313; x_wconf 93' lang='lat' dir='ltr'><strong>in</strong></span> <span class='ocrx_word' id='word_1_241' title='bbox 1920 1286 2088 1324; x_wconf 89' lang='lat' dir='ltr'><strong>corpore</strong></span> 
     </span>
     <span class='ocr_line' id='line_1_23' title="bbox 144 1327 2087 1387; baseline -0.006 -11"><span class='ocrx_word' id='word_1_242' title='bbox 144 1350 214 1387; x_wconf 90' lang='lat' dir='ltr'><strong>per</strong></span> <span class='ocrx_word' id='word_1_243' title='bbox 241 1336 606 1387; x_wconf 88' lang='lat' dir='ltr'><strong>concomitantiam,</strong></span> <span class='ocrx_word' id='word_1_244' title='bbox 636 1335 900 1384; x_wconf 88' lang='lat' dir='ltr'><strong>concludunt,</strong></span> <span class='ocrx_word' id='word_1_245' title='bbox 927 1334 1103 1372; x_wconf 91' lang='lat' dir='ltr'><strong>infideles</strong></span> <span class='ocrx_word' id='word_1_246' title='bbox 1131 1333 1341 1384; x_wconf 84' lang='lat' dir='ltr'><strong>participes</strong></span> <span class='ocrx_word' id='word_1_247' title='bbox 1368 1330 1451 1369; x_wconf 91' lang='lat' dir='ltr'><strong>fieri</strong></span> <span class='ocrx_word' id='word_1_248' title='bbox 1474 1329 1651 1380; x_wconf 89' lang='lat' dir='ltr'><strong>corporis</strong></span> <span class='ocrx_word' id='word_1_249' title='bbox 1667 1328 1916 1380; x_wconf 88' lang='lat' dir='ltr'><strong>&amp;sanguinis</strong></span> <span class='ocrx_word' id='word_1_250' title='bbox 1932 1327 2087 1367; x_wconf 88' lang='lat' dir='ltr'><strong>Christi.</strong></span> 
     </span>
     <span class='ocr_line' id='line_1_24' title="bbox 144 1382 2088 1440; baseline -0.006 -10"><span class='ocrx_word' id='word_1_251' title='bbox 144 1391 254 1440; x_wconf 88' lang='lat' dir='ltr'><strong>quod</strong></span> <span class='ocrx_word' id='word_1_252' title='bbox 295 1393 414 1440; x_wconf 78' lang='lat' dir='ltr'><strong>quam</strong></span> <span class='ocrx_word' id='word_1_253' title='bbox 443 1391 491 1429; x_wconf 89' lang='lat' dir='ltr'><strong>sit</strong></span> <span class='ocrx_word' id='word_1_254' title='bbox 517 1393 540 1428; x_wconf 79' lang='lat' dir='ltr'><strong>a</strong></span> <span class='ocrx_word' id='word_1_255' title='bbox 568 1389 729 1428; x_wconf 90' lang='lat' dir='ltr'><strong>veritate</strong></span> <span class='ocrx_word' id='word_1_256' title='bbox 766 1388 958 1439; x_wconf 86' lang='lat' dir='ltr'><strong>alienum,</strong></span> <span class='ocrx_word' id='word_1_257' title='bbox 999 1394 1106 1437; x_wconf 89' lang='lat' dir='ltr'><strong>patet</strong></span> <span class='ocrx_word' id='word_1_258' title='bbox 1139 1400 1187 1425; x_wconf 86' lang='lat' dir='ltr'><strong>ex</strong></span> <span class='ocrx_word' id='word_1_259' title='bbox 1219 1385 1484 1435; x_wconf 88' lang='lat' dir='ltr'><strong>sequentibus.</strong></span> <span class='ocrx_word' id='word_1_260' title='bbox 1514 1383 1668 1433; x_wconf 91' lang='lat' dir='ltr'><strong>Primo,</strong></span> <span class='ocrx_word' id='word_1_261' title='bbox 1697 1382 1810 1433; x_wconf 90' lang='lat' dir='ltr'><strong>quia,</strong></span> <span class='ocrx_word' id='word_1_262' title='bbox 1839 1383 1928 1420; x_wconf 72' lang='lat' dir='ltr'><strong>solz.</strong></span> <span class='ocrx_word' id='word_1_263' title='bbox 1957 1383 1993 1419; x_wconf 91' lang='lat'><strong>6.</strong></span> <span class='ocrx_word' id='word_1_264' title='bbox 2026 1382 2088 1430; x_wconf 88' lang='lat'><strong>56.</strong></span> 
     </span>
     <span class='ocr_line' id='line_1_25' title="bbox 145 1435 2090 1493; baseline -0.006 -11"><span class='ocrx_word' id='word_1_265' title='bbox 145 1443 320 1493; x_wconf 81' lang='lat' dir='ltr'><strong>quisquis</strong></span> <span class='ocrx_word' id='word_1_266' title='bbox 349 1443 429 1482; x_wconf 90' lang='lat' dir='ltr'><strong>edit</strong></span> <span class='ocrx_word' id='word_1_267' title='bbox 457 1456 616 1482; x_wconf 87' lang='lat' dir='ltr'><strong>carnem</strong></span> <span class='ocrx_word' id='word_1_268' title='bbox 644 1455 773 1481; x_wconf 91' lang='lat' dir='ltr'><strong>meam</strong></span> <span class='ocrx_word' id='word_1_269' title='bbox 802 1441 943 1491; x_wconf 86' lang='lat' dir='ltr'><strong>(inquit</strong></span> <span class='ocrx_word' id='word_1_270' title='bbox 969 1441 1162 1489; x_wconf 89' lang='lat' dir='ltr'><strong>Christus)</strong></span> <span class='ocrx_word' id='word_1_271' title='bbox 1190 1441 1226 1478; x_wconf 89' lang='lat'>&amp;</span> <span class='ocrx_word' id='word_1_272' title='bbox 1255 1438 1355 1478; x_wconf 90' lang='lat' dir='ltr'><strong>bibit</strong></span> <span class='ocrx_word' id='word_1_273' title='bbox 1384 1449 1517 1476; x_wconf 90' lang='lat' dir='ltr'><strong>meum</strong></span> <span class='ocrx_word' id='word_1_274' title='bbox 1532 1436 1783 1487; x_wconf 83' lang='lat' dir='ltr'><strong>sanguinem,</strong></span> <span class='ocrx_word' id='word_1_275' title='bbox 1804 1435 1845 1473; x_wconf 91' lang='lat' dir='ltr'><strong>in</strong></span> <span class='ocrx_word' id='word_1_276' title='bbox 1861 1448 1924 1473; x_wconf 90' lang='lat' dir='ltr'><strong>me</strong></span> <span class='ocrx_word' id='word_1_277' title='bbox 1940 1440 2090 1484; x_wconf 84' lang='lat' dir='ltr'><strong>manet,</strong></span> 
     </span>
     <span class='ocr_line' id='line_1_26' title="bbox 145 1488 2091 1547; baseline -0.006 -11"><span class='ocrx_word' id='word_1_278' title='bbox 145 1499 181 1535; x_wconf 84' lang='lat'>&amp;</span> <span class='ocrx_word' id='word_1_279' title='bbox 209 1509 283 1547; x_wconf 90' lang='lat' dir='ltr'><strong>ego</strong></span> <span class='ocrx_word' id='word_1_280' title='bbox 313 1496 353 1535; x_wconf 92' lang='lat' dir='ltr'><strong>in</strong></span> <span class='ocrx_word' id='word_1_281' title='bbox 382 1510 447 1535; x_wconf 90' lang='lat' dir='ltr'><strong>eo:</strong></span> <span class='ocrx_word' id='word_1_282' title='bbox 491 1503 530 1534; x_wconf 89' lang='lat' dir='ltr'><strong>at</strong></span> <span class='ocrx_word' id='word_1_283' title='bbox 558 1496 689 1535; x_wconf 90' lang='lat' dir='ltr'><strong>dicere</strong></span> <span class='ocrx_word' id='word_1_284' title='bbox 720 1495 918 1534; x_wconf 88' lang='lat' dir='ltr'><strong>Christum</strong></span> <span class='ocrx_word' id='word_1_285' title='bbox 960 1506 1119 1533; x_wconf 90' lang='lat' dir='ltr'><strong>manere</strong></span> <span class='ocrx_word' id='word_1_286' title='bbox 1146 1493 1186 1531; x_wconf 90' lang='lat' dir='ltr'><strong>in</strong></span> <span class='ocrx_word' id='word_1_287' title='bbox 1214 1491 1457 1542; x_wconf 86' lang='lat' dir='ltr'><strong>infidelibus,</strong></span> <span class='ocrx_word' id='word_1_288' title='bbox 1486 1492 1523 1529; x_wconf 89' lang='lat'>&amp;</span> <span class='ocrx_word' id='word_1_289' title='bbox 1551 1489 1728 1528; x_wconf 89' lang='lat' dir='ltr'><strong>infideles</strong></span> <span class='ocrx_word' id='word_1_290' title='bbox 1756 1488 1796 1527; x_wconf 93' lang='lat' dir='ltr'><strong>in</strong></span> <span class='ocrx_word' id='word_1_291' title='bbox 1825 1488 2004 1537; x_wconf 90' lang='lat' dir='ltr'><strong>Christo,</strong></span> <span class='ocrx_word' id='word_1_292' title='bbox 2034 1494 2091 1525; x_wconf 90' lang='lat' dir='ltr'><strong>est</strong></span> 
     </span>
     <span class='ocr_line' id='line_1_27' title="bbox 145 1540 2089 1600; baseline -0.005 -12"><span class='ocrx_word' id='word_1_293' title='bbox 145 1550 438 1600; x_wconf 88' lang='lat' dir='ltr'><strong>blasphemum:</strong></span> <span class='ocrx_word' id='word_1_294' title='bbox 469 1551 598 1600; x_wconf 84' lang='lat' dir='ltr'><strong>Ergo,</strong></span> <span class='ocrx_word' id='word_1_295' title='bbox 627 1550 663 1587; x_wconf 65' lang='grc' dir='ltr'><strong>δε</strong></span> <span class='ocrx_word' id='word_1_296' title='bbox 691 1549 823 1587; x_wconf 89' lang='lat' dir='ltr'><strong>dicere</strong></span> <span class='ocrx_word' id='word_1_297' title='bbox 852 1548 1027 1586; x_wconf 85' lang='lat' dir='ltr'><strong>infideles</strong></span> <span class='ocrx_word' id='word_1_298' title='bbox 1056 1546 1294 1585; x_wconf 89' lang='lat' dir='ltr'><strong>manducare</strong></span> <span class='ocrx_word' id='word_1_299' title='bbox 1310 1558 1468 1584; x_wconf 90' lang='lat' dir='ltr'><strong>carnem</strong></span> <span class='ocrx_word' id='word_1_300' title='bbox 1485 1543 1670 1583; x_wconf 85' lang='lat' dir='ltr'><strong>&amp;bibere</strong></span> <span class='ocrx_word' id='word_1_301' title='bbox 1687 1542 1916 1593; x_wconf 89' lang='lat' dir='ltr'><strong>sanguinem</strong></span> <span class='ocrx_word' id='word_1_302' title='bbox 1932 1540 2089 1580; x_wconf 89' lang='lat' dir='ltr'><strong>Christi.</strong></span> 
     </span>
     <span class='ocr_line' id='line_1_28' title="bbox 145 1594 2090 1653; baseline -0.006 -11"><span class='ocrx_word' id='word_1_303' title='bbox 145 1603 352 1652; x_wconf 82' lang='lat' dir='ltr'><strong>Secundo,</strong></span> <span class='ocrx_word' id='word_1_304' title='bbox 392 1604 479 1641; x_wconf 79' lang='lat' dir='ltr'><strong>solz.</strong></span> <span class='ocrx_word' id='word_1_305' title='bbox 510 1605 546 1641; x_wconf 90' lang='lat'><strong>6.</strong></span> <span class='ocrx_word' id='word_1_306' title='bbox 577 1614 638 1653; x_wconf 89' lang='lat'><strong>54.</strong></span> <span class='ocrx_word' id='word_1_307' title='bbox 667 1601 734 1652; x_wconf 92' lang='lat' dir='ltr'><strong>qui</strong></span> <span class='ocrx_word' id='word_1_308' title='bbox 765 1602 1005 1640; x_wconf 87' lang='lat' dir='ltr'><strong>manducant</strong></span> <span class='ocrx_word' id='word_1_309' title='bbox 1031 1600 1231 1640; x_wconf 88' lang='lat' dir='ltr'><strong>Christum</strong></span> <span class='ocrx_word' id='word_1_310' title='bbox 1271 1599 1419 1638; x_wconf 90' lang='lat' dir='ltr'><strong>habent</strong></span> <span class='ocrx_word' id='word_1_311' title='bbox 1461 1597 1580 1635; x_wconf 90' lang='lat' dir='ltr'><strong>vitam</strong></span> <span class='ocrx_word' id='word_1_312' title='bbox 1611 1603 1821 1635; x_wconf 87' lang='lat' dir='ltr'><strong>aeternam.</strong></span> <span class='ocrx_word' id='word_1_313' title='bbox 1862 1594 1976 1645; x_wconf 92' lang='lat' dir='ltr'><strong>Impij</strong></span> <span class='ocrx_word' id='word_1_314' title='bbox 2007 1606 2090 1632; x_wconf 91' lang='lat' dir='ltr'><strong>non</strong></span> 
     </span>
     <span class='ocr_line' id='line_1_29' title="bbox 143 1647 2087 1706; baseline -0.005 -11"><span class='ocrx_word' id='word_1_315' title='bbox 143 1657 289 1695; x_wconf 85' lang='lat' dir='ltr'><strong>habent</strong></span> <span class='ocrx_word' id='word_1_316' title='bbox 315 1657 436 1695; x_wconf 86' lang='lat' dir='ltr'><strong>vitam</strong></span> <span class='ocrx_word' id='word_1_317' title='bbox 464 1664 674 1695; x_wconf 86' lang='lat' dir='ltr'><strong>aeternam.</strong></span> <span class='ocrx_word' id='word_1_318' title='bbox 704 1657 830 1706; x_wconf 87' lang='lat' dir='ltr'><strong>Ergo,</strong></span> <span class='ocrx_word' id='word_1_319' title='bbox 860 1657 944 1693; x_wconf 82' lang='lat' dir='ltr'><strong>&amp;c.</strong></span> <span class='ocrx_word' id='word_1_320' title='bbox 974 1654 1130 1703; x_wconf 82' lang='lat' dir='ltr'><strong>Tertio,</strong></span> <span class='ocrx_word' id='word_1_321' title='bbox 1160 1665 1304 1704; x_wconf 90' lang='lat' dir='ltr'><strong>corpus</strong></span> <span class='ocrx_word' id='word_1_322' title='bbox 1320 1651 1464 1691; x_wconf 88' lang='lat' dir='ltr'><strong>Christi</strong></span> <span class='ocrx_word' id='word_1_323' title='bbox 1478 1662 1682 1700; x_wconf 88' lang='lat' dir='ltr'><strong>nunquam</strong></span> <span class='ocrx_word' id='word_1_324' title='bbox 1698 1647 2087 1699; x_wconf 73' lang='lat' dir='ltr'><strong>separaturaspiritu</strong></span> 
     </span>
     <span class='ocr_line' id='line_1_30' title="bbox 144 1703 1839 1760; baseline -0.005 -12"><span class='ocrx_word' id='word_1_325' title='bbox 144 1710 180 1748; x_wconf 86' lang='lat'>&amp;</span> <span class='ocrx_word' id='word_1_326' title='bbox 208 1710 349 1748; x_wconf 90' lang='lat' dir='ltr'><strong>virtute</strong></span> <span class='ocrx_word' id='word_1_327' title='bbox 378 1709 533 1760; x_wconf 84' lang='lat' dir='ltr'><strong>diuina,</strong></span> <span class='ocrx_word' id='word_1_328' title='bbox 562 1723 609 1749; x_wconf 90' lang='lat' dir='ltr'><strong>ac</strong></span> <span class='ocrx_word' id='word_1_329' title='bbox 637 1709 804 1759; x_wconf 87' lang='lat' dir='ltr'><strong>proinde</strong></span> <span class='ocrx_word' id='word_1_330' title='bbox 835 1721 973 1747; x_wconf 90' lang='lat' dir='ltr'><strong>omnes</strong></span> <span class='ocrx_word' id='word_1_331' title='bbox 1001 1714 1198 1746; x_wconf 89' lang='lat' dir='ltr'><strong>sumentes</strong></span> <span class='ocrx_word' id='word_1_332' title='bbox 1228 1718 1373 1757; x_wconf 90' lang='lat' dir='ltr'><strong>corpus</strong></span> <span class='ocrx_word' id='word_1_333' title='bbox 1406 1703 1553 1744; x_wconf 86' lang='lat' dir='ltr'><strong>Christi</strong></span> <span class='ocrx_word' id='word_1_334' title='bbox 1580 1703 1839 1742; x_wconf 90' lang='lat' dir='ltr'><strong>viuificantur.</strong></span> 
     </span>
    </p>

    <p class='ocr_par' dir='ltr' id='par_1_5' title="bbox 143 1754 2098 2401">
     <span class='ocr_line' id='line_1_31' title="bbox 203 1754 2092 1812; baseline -0.005 -11"><span class='ocrx_word' id='word_1_335' title='bbox 203 1776 261 1810; x_wconf 87' lang='lat'><strong>14.</strong></span> <span class='ocrx_word' id='word_1_336' title='bbox 317 1764 401 1801; x_wconf 91' lang='lat' dir='ltr'><strong>Nec</strong></span> <span class='ocrx_word' id='word_1_337' title='bbox 442 1770 574 1802; x_wconf 89' lang='lat' dir='ltr'><strong>tamen</strong></span> <span class='ocrx_word' id='word_1_338' title='bbox 611 1762 783 1812; x_wconf 88' lang='lat' dir='ltr'><strong>sequitur</strong></span> <span class='ocrx_word' id='word_1_339' title='bbox 822 1762 943 1800; x_wconf 88' lang='lat' dir='ltr'><strong>fidem</strong></span> <span class='ocrx_word' id='word_1_340' title='bbox 984 1763 1161 1811; x_wconf 87' lang='lat' dir='ltr'><strong>efficere,</strong></span> <span class='ocrx_word' id='word_1_341' title='bbox 1202 1767 1243 1799; x_wconf 90' lang='lat' dir='ltr'><strong>vt</strong></span> <span class='ocrx_word' id='word_1_342' title='bbox 1285 1770 1429 1809; x_wconf 84' lang='lat' dir='ltr'><strong>corpus</strong></span> <span class='ocrx_word' id='word_1_343' title='bbox 1465 1757 1513 1796; x_wconf 90' lang='lat' dir='ltr'><strong>sit</strong></span> <span class='ocrx_word' id='word_1_344' title='bbox 1540 1769 1724 1807; x_wconf 89' lang='lat' dir='ltr'><strong>praesens</strong></span> <span class='ocrx_word' id='word_1_345' title='bbox 1752 1755 1792 1794; x_wconf 91' lang='lat' dir='ltr'><strong>in</strong></span> <span class='ocrx_word' id='word_1_346' title='bbox 1821 1754 1964 1794; x_wconf 65' lang='lat' dir='ltr'><strong>coena:</strong></span> <span class='ocrx_word' id='word_1_347' title='bbox 1994 1755 2092 1792; x_wconf 86' lang='lat' dir='ltr'><strong>haec</strong></span> 
     </span>
     <span class='ocr_line' id='line_1_32' title="bbox 146 1809 2091 1867; baseline -0.005 -12"><span class='ocrx_word' id='word_1_348' title='bbox 146 1816 321 1855; x_wconf 87' lang='lat' dir='ltr'><strong>efficacia</strong></span> <span class='ocrx_word' id='word_1_349' title='bbox 362 1823 420 1855; x_wconf 92' lang='lat' dir='ltr'><strong>est</strong></span> <span class='ocrx_word' id='word_1_350' title='bbox 461 1816 646 1867; x_wconf 87' lang='lat' dir='ltr'><strong>Spiritus:</strong></span> <span class='ocrx_word' id='word_1_351' title='bbox 689 1816 769 1855; x_wconf 81' lang='lat' dir='ltr'><strong>imo</strong></span> <span class='ocrx_word' id='word_1_352' title='bbox 812 1815 909 1854; x_wconf 90' lang='lat' dir='ltr'><strong>fides</strong></span> <span class='ocrx_word' id='word_1_353' title='bbox 950 1814 1090 1865; x_wconf 88' lang='lat' dir='ltr'><strong>recipit</strong></span> <span class='ocrx_word' id='word_1_354' title='bbox 1117 1814 1176 1865; x_wconf 89' lang='lat' dir='ltr'><strong>id,</strong></span> <span class='ocrx_word' id='word_1_355' title='bbox 1217 1814 1328 1864; x_wconf 87' lang='lat' dir='ltr'><strong>quod</strong></span> <span class='ocrx_word' id='word_1_356' title='bbox 1367 1812 1407 1850; x_wconf 91' lang='lat' dir='ltr'><strong>in</strong></span> <span class='ocrx_word' id='word_1_357' title='bbox 1435 1810 1572 1850; x_wconf 71' lang='lat' dir='ltr'><strong>Coena</strong></span> <span class='ocrx_word' id='word_1_358' title='bbox 1600 1809 1716 1848; x_wconf 91' lang='lat' dir='ltr'><strong>nobis</strong></span> <span class='ocrx_word' id='word_1_359' title='bbox 1745 1810 1918 1855; x_wconf 68' lang='lat' dir='ltr'><strong>offertur,</strong></span> <span class='ocrx_word' id='word_1_360' title='bbox 1947 1819 2091 1858; x_wconf 90' lang='lat' dir='ltr'><strong>corpus</strong></span> 
     </span>
     <span class='ocr_line' id='line_1_33' title="bbox 144 1859 2092 1917; baseline -0.005 -9"><span class='ocrx_word' id='word_1_361' title='bbox 144 1869 292 1908; x_wconf 87' lang='lat' dir='ltr'><strong>scilicet</strong></span> <span class='ocrx_word' id='word_1_362' title='bbox 321 1869 475 1909; x_wconf 89' lang='lat' dir='ltr'><strong>Christi.</strong></span> <span class='ocrx_word' id='word_1_363' title='bbox 504 1870 734 1908; x_wconf 87' lang='lat' dir='ltr'><strong>Notandum</strong></span> <span class='ocrx_word' id='word_1_364' title='bbox 763 1868 868 1907; x_wconf 91' lang='lat' dir='ltr'><strong>enim</strong></span> <span class='ocrx_word' id='word_1_365' title='bbox 897 1869 1151 1907; x_wconf 86' lang='lat' dir='ltr'><strong>Sacramenta</strong></span> <span class='ocrx_word' id='word_1_366' title='bbox 1178 1866 1387 1917; x_wconf 89' lang='lat' dir='ltr'><strong>dupliciter</strong></span> <span class='ocrx_word' id='word_1_367' title='bbox 1415 1864 1704 1904; x_wconf 88' lang='lat' dir='ltr'><strong>consideranda</strong></span> <span class='ocrx_word' id='word_1_368' title='bbox 1732 1875 1834 1913; x_wconf 86' lang='lat' dir='ltr'><strong>esse,</strong></span> <span class='ocrx_word' id='word_1_369' title='bbox 1859 1862 2030 1913; x_wconf 75' lang='lat' dir='ltr'><strong>primum</strong></span> <span class='ocrx_word' id='word_1_370' title='bbox 2053 1859 2092 1898; x_wconf 93' lang='lat' dir='ltr'><strong>in</strong></span> 
     </span>
     <span class='ocr_line' id='line_1_34' title="bbox 143 1916 2093 1973; baseline -0.006 -11"><span class='ocrx_word' id='word_1_371' title='bbox 143 1923 183 1961; x_wconf 92' lang='lat' dir='ltr'><strong>in</strong></span> <span class='ocrx_word' id='word_1_372' title='bbox 211 1936 274 1973; x_wconf 87' lang='lat' dir='ltr'><strong>se,</strong></span> <span class='ocrx_word' id='word_1_373' title='bbox 303 1924 479 1962; x_wconf 84' lang='lat' dir='ltr'><strong>secundo</strong></span> <span class='ocrx_word' id='word_1_374' title='bbox 507 1923 548 1961; x_wconf 89' lang='lat' dir='ltr'><strong>in</strong></span> <span class='ocrx_word' id='word_1_375' title='bbox 576 1923 712 1972; x_wconf 87' lang='lat' dir='ltr'><strong>nobis,</strong></span> <span class='ocrx_word' id='word_1_376' title='bbox 742 1924 804 1962; x_wconf 91' lang='lat' dir='ltr'><strong>vel</strong></span> <span class='ocrx_word' id='word_1_377' title='bbox 831 1922 871 1960; x_wconf 91' lang='lat' dir='ltr'><strong>in</strong></span> <span class='ocrx_word' id='word_1_378' title='bbox 898 1934 970 1961; x_wconf 86' lang='lat' dir='ltr'><strong>vsu</strong></span> <span class='ocrx_word' id='word_1_379' title='bbox 991 1921 1180 1972; x_wconf 91' lang='lat' dir='ltr'><strong>ipsorum.</strong></span> <span class='ocrx_word' id='word_1_380' title='bbox 1209 1919 1378 1958; x_wconf 88' lang='lat' dir='ltr'><strong>Ratione</strong></span> <span class='ocrx_word' id='word_1_381' title='bbox 1394 1920 1739 1957; x_wconf 84' lang='lat' dir='ltr'><strong>Sacramentorum</strong></span> <span class='ocrx_word' id='word_1_382' title='bbox 1754 1916 1794 1954; x_wconf 89' lang='lat' dir='ltr'><strong>in</strong></span> <span class='ocrx_word' id='word_1_383' title='bbox 1810 1928 1873 1965; x_wconf 85' lang='lat' dir='ltr'><strong>se,</strong></span> <span class='ocrx_word' id='word_1_384' title='bbox 1899 1916 2093 1953; x_wconf 87' lang='lat' dir='ltr'><strong>adunatur</strong></span> 
     </span>
     <span class='ocr_line' id='line_1_35' title="bbox 144 1969 2092 2027; baseline -0.005 -12"><span class='ocrx_word' id='word_1_385' title='bbox 144 1979 235 2015; x_wconf 78' lang='lat' dir='ltr'><strong>vere</strong></span> <span class='ocrx_word' id='word_1_386' title='bbox 274 1989 417 2027; x_wconf 91' lang='lat' dir='ltr'><strong>corpus</strong></span> <span class='ocrx_word' id='word_1_387' title='bbox 446 1977 591 2016; x_wconf 90' lang='lat' dir='ltr'><strong>Christi</strong></span> <span class='ocrx_word' id='word_1_388' title='bbox 618 1976 711 2027; x_wconf 86' lang='lat' dir='ltr'><strong>pani</strong></span> <span class='ocrx_word' id='word_1_389' title='bbox 740 1979 776 2015; x_wconf 85' lang='lat'>&amp;</span> <span class='ocrx_word' id='word_1_390' title='bbox 803 1976 916 2014; x_wconf 87' lang='lat' dir='ltr'><strong>vino:</strong></span> <span class='ocrx_word' id='word_1_391' title='bbox 962 1988 1044 2014; x_wconf 92' lang='lat' dir='ltr'><strong>non</strong></span> <span class='ocrx_word' id='word_1_392' title='bbox 1074 1982 1207 2014; x_wconf 90' lang='lat' dir='ltr'><strong>tamen</strong></span> <span class='ocrx_word' id='word_1_393' title='bbox 1236 1972 1503 2024; x_wconf 81' lang='lat' dir='ltr'><strong>corporaliter.</strong></span> <span class='ocrx_word' id='word_1_394' title='bbox 1545 1971 1715 2020; x_wconf 79' lang='lat' dir='ltr'><strong>Verum,</strong></span> <span class='ocrx_word' id='word_1_395' title='bbox 1743 1976 1785 2007; x_wconf 93' lang='lat' dir='ltr'><strong>vt</strong></span> <span class='ocrx_word' id='word_1_396' title='bbox 1813 1969 1931 2007; x_wconf 90' lang='lat' dir='ltr'><strong>totius</strong></span> <span class='ocrx_word' id='word_1_397' title='bbox 1959 1969 2092 2006; x_wconf 89' lang='lat' dir='ltr'><strong>Sacra-</strong></span> 
     </span>
     <span class='ocr_line' id='line_1_36' title="bbox 144 2021 2095 2081; baseline -0.005 -13"><span class='ocrx_word' id='word_1_398' title='bbox 144 2030 266 2068; x_wconf 90' lang='lat' dir='ltr'><strong>menti</strong></span> <span class='ocrx_word' id='word_1_399' title='bbox 292 2031 358 2069; x_wconf 91' lang='lat' dir='ltr'><strong>fiat</strong></span> <span class='ocrx_word' id='word_1_400' title='bbox 383 2030 469 2080; x_wconf 87' lang='lat' dir='ltr'><strong>quis</strong></span> <span class='ocrx_word' id='word_1_401' title='bbox 496 2029 714 2081; x_wconf 90' lang='lat' dir='ltr'><strong>particeps,</strong></span> <span class='ocrx_word' id='word_1_402' title='bbox 743 2029 893 2080; x_wconf 90' lang='lat' dir='ltr'><strong>aliquid</strong></span> <span class='ocrx_word' id='word_1_403' title='bbox 922 2028 1130 2079; x_wconf 89' lang='lat' dir='ltr'><strong>requiritur</strong></span> <span class='ocrx_word' id='word_1_404' title='bbox 1157 2030 1180 2066; x_wconf 82' lang='lat' dir='ltr'><strong>a</strong></span> <span class='ocrx_word' id='word_1_405' title='bbox 1208 2034 1318 2078; x_wconf 90' lang='lat' dir='ltr'><strong>parte</strong></span> <span class='ocrx_word' id='word_1_406' title='bbox 1346 2025 1492 2076; x_wconf 87' lang='lat' dir='ltr'><strong>ipsius,</strong></span> <span class='ocrx_word' id='word_1_407' title='bbox 1520 2023 1704 2062; x_wconf 90' lang='lat' dir='ltr'><strong>nimirum</strong></span> <span class='ocrx_word' id='word_1_408' title='bbox 1732 2023 1842 2061; x_wconf 90' lang='lat' dir='ltr'><strong>fides.</strong></span> <span class='ocrx_word' id='word_1_409' title='bbox 1877 2021 2095 2060; x_wconf 87' lang='lat' dir='ltr'><strong>Exhibetur</strong></span> 
     </span>
     <span class='ocr_line' id='line_1_37' title="bbox 147 2074 2094 2134; baseline -0.005 -12"><span class='ocrx_word' id='word_1_410' title='bbox 147 2096 240 2134; x_wconf 89' lang='lat' dir='ltr'><strong>ergo</strong></span> <span class='ocrx_word' id='word_1_411' title='bbox 270 2095 360 2122; x_wconf 91' lang='lat' dir='ltr'><strong>cum</strong></span> <span class='ocrx_word' id='word_1_412' title='bbox 388 2097 488 2134; x_wconf 89' lang='lat' dir='ltr'><strong>pane</strong></span> <span class='ocrx_word' id='word_1_413' title='bbox 516 2085 552 2122; x_wconf 89' lang='lat'>&amp;</span> <span class='ocrx_word' id='word_1_414' title='bbox 579 2083 673 2122; x_wconf 88' lang='lat' dir='ltr'><strong>vino</strong></span> <span class='ocrx_word' id='word_1_415' title='bbox 703 2095 846 2133; x_wconf 91' lang='lat' dir='ltr'><strong>corpus</strong></span> <span class='ocrx_word' id='word_1_416' title='bbox 875 2082 1041 2133; x_wconf 88' lang='lat' dir='ltr'><strong>Christi,</strong></span> <span class='ocrx_word' id='word_1_417' title='bbox 1083 2081 1235 2120; x_wconf 88' lang='lat' dir='ltr'><strong>ratione</strong></span> <span class='ocrx_word' id='word_1_418' title='bbox 1279 2076 1520 2118; x_wconf 87' lang='lat' dir='ltr'><strong>Sacramenti</strong></span> <span class='ocrx_word' id='word_1_419' title='bbox 1548 2077 1588 2115; x_wconf 91' lang='lat' dir='ltr'><strong>in</strong></span> <span class='ocrx_word' id='word_1_420' title='bbox 1617 2089 1657 2115; x_wconf 92' lang='lat' dir='ltr'><strong>se</strong></span> <span class='ocrx_word' id='word_1_421' title='bbox 1686 2074 1946 2125; x_wconf 88' lang='lat' dir='ltr'><strong>considerati,</strong></span> <span class='ocrx_word' id='word_1_422' title='bbox 1975 2074 2094 2113; x_wconf 87' lang='lat' dir='ltr'><strong>etiam</strong></span> 
     </span>
     <span class='ocr_line' id='line_1_38' title="bbox 144 2128 2094 2178; baseline -0.006 -3"><span class='ocrx_word' id='word_1_423' title='bbox 144 2136 307 2175; x_wconf 90' lang='lat' dir='ltr'><strong>infideli:</strong></span> <span class='ocrx_word' id='word_1_424' title='bbox 350 2144 482 2176; x_wconf 88' lang='lat' dir='ltr'><strong>tamen</strong></span> <span class='ocrx_word' id='word_1_425' title='bbox 524 2138 613 2176; x_wconf 79' lang='lat' dir='ltr'><strong>cum</strong></span> <span class='ocrx_word' id='word_1_426' title='bbox 652 2143 806 2175; x_wconf 89' lang='lat' dir='ltr'><strong>constet</strong></span> <span class='ocrx_word' id='word_1_427' title='bbox 839 2135 1016 2174; x_wconf 89' lang='lat' dir='ltr'><strong>infideles</strong></span> <span class='ocrx_word' id='word_1_428' title='bbox 1059 2134 1217 2174; x_wconf 87' lang='lat' dir='ltr'><strong>destitui</strong></span> <span class='ocrx_word' id='word_1_429' title='bbox 1254 2135 1289 2172; x_wconf 86' lang='lat'>&amp;</span> <span class='ocrx_word' id='word_1_430' title='bbox 1318 2140 1424 2172; x_wconf 91' lang='lat' dir='ltr'><strong>recta</strong></span> <span class='ocrx_word' id='word_1_431' title='bbox 1454 2133 1676 2176; x_wconf 77' lang='lat' dir='ltr'><strong>voluntate,</strong></span> <span class='ocrx_word' id='word_1_432' title='bbox 1710 2131 1746 2168; x_wconf 73' lang='grc' dir='ltr'><strong>δε</strong></span> <span class='ocrx_word' id='word_1_433' title='bbox 1774 2128 1943 2178; x_wconf 88' lang='lat' dir='ltr'><strong>instru(f.</strong></span> <span class='ocrx_word' id='word_1_434' title='bbox 1977 2128 2094 2177; x_wconf 86' lang='lat'>1738)</span> 
     </span>
     <span class='ocr_line' id='line_1_39' title="bbox 146 2180 2096 2241; baseline -0.006 -12"><span class='ocrx_word' id='word_1_435' title='bbox 146 2197 303 2241; x_wconf 85' lang='lat' dir='ltr'><strong>mento,</strong></span> <span class='ocrx_word' id='word_1_436' title='bbox 334 2203 414 2241; x_wconf 92' lang='lat' dir='ltr'><strong>quo</strong></span> <span class='ocrx_word' id='word_1_437' title='bbox 443 2203 523 2229; x_wconf 86' lang='lat' dir='ltr'><strong>vno</strong></span> <span class='ocrx_word' id='word_1_438' title='bbox 551 2189 674 2241; x_wconf 89' lang='lat' dir='ltr'><strong>recipi</strong></span> <span class='ocrx_word' id='word_1_439' title='bbox 701 2196 852 2241; x_wconf 85' lang='lat' dir='ltr'><strong>potest,</strong></span> <span class='ocrx_word' id='word_1_440' title='bbox 888 2202 935 2227; x_wconf 89' lang='lat' dir='ltr'><strong>ac</strong></span> <span class='ocrx_word' id='word_1_441' title='bbox 964 2190 1083 2228; x_wconf 92' lang='lat' dir='ltr'><strong>debet</strong></span> <span class='ocrx_word' id='word_1_442' title='bbox 1112 2199 1257 2238; x_wconf 89' lang='lat' dir='ltr'><strong>corpus</strong></span> <span class='ocrx_word' id='word_1_443' title='bbox 1288 2185 1453 2235; x_wconf 90' lang='lat' dir='ltr'><strong>Christi,</strong></span> <span class='ocrx_word' id='word_1_444' title='bbox 1490 2196 1633 2233; x_wconf 89' lang='lat' dir='ltr'><strong>nempe</strong></span> <span class='ocrx_word' id='word_1_445' title='bbox 1661 2184 1762 2233; x_wconf 92' lang='lat' dir='ltr'><strong>fide,</strong></span> <span class='ocrx_word' id='word_1_446' title='bbox 1791 2195 1873 2221; x_wconf 89' lang='lat' dir='ltr'><strong>non</strong></span> <span class='ocrx_word' id='word_1_447' title='bbox 1901 2189 1959 2220; x_wconf 90' lang='lat' dir='ltr'><strong>est</strong></span> <span class='ocrx_word' id='word_1_448' title='bbox 1987 2180 2096 2231; x_wconf 84' lang='lat' dir='ltr'><strong>quod</strong></span> 
     </span>
     <span class='ocr_line' id='line_1_40' title="bbox 145 2233 2094 2295; baseline -0.005 -14"><span class='ocrx_word' id='word_1_449' title='bbox 145 2245 277 2282; x_wconf 90' lang='lat' dir='ltr'><strong>Deum</strong></span> <span class='ocrx_word' id='word_1_450' title='bbox 319 2243 518 2295; x_wconf 79' lang='lat' dir='ltr'><strong>incusent,</strong></span> <span class='ocrx_word' id='word_1_451' title='bbox 560 2243 670 2294; x_wconf 88' lang='lat' dir='ltr'><strong>quasi</strong></span> <span class='ocrx_word' id='word_1_452' title='bbox 711 2257 794 2283; x_wconf 91' lang='lat' dir='ltr'><strong>non</strong></span> <span class='ocrx_word' id='word_1_453' title='bbox 837 2243 1093 2293; x_wconf 88' lang='lat' dir='ltr'><strong>praebentem</strong></span> <span class='ocrx_word' id='word_1_454' title='bbox 1131 2242 1240 2292; x_wconf 92' lang='lat' dir='ltr'><strong>quod</strong></span> <span class='ocrx_word' id='word_1_455' title='bbox 1269 2238 1458 2290; x_wconf 86' lang='lat' dir='ltr'><strong>promisit.</strong></span> <span class='ocrx_word' id='word_1_456' title='bbox 1499 2239 1635 2276; x_wconf 81' lang='lat' dir='ltr'><strong>Manet</strong></span> <span class='ocrx_word' id='word_1_457' title='bbox 1663 2236 1811 2275; x_wconf 90' lang='lat' dir='ltr'><strong>interea</strong></span> <span class='ocrx_word' id='word_1_458' title='bbox 1838 2236 1896 2275; x_wconf 84' lang='lat' dir='ltr'><strong>vis</strong></span> <span class='ocrx_word' id='word_1_459' title='bbox 1923 2233 2094 2285; x_wconf 88' lang='lat' dir='ltr'><strong>mysterij</strong></span> 
     </span>
     <span class='ocr_line' id='line_1_41' title="bbox 146 2288 2098 2347; baseline -0.005 -12"><span class='ocrx_word' id='word_1_460' title='bbox 146 2296 319 2347; x_wconf 91' lang='lat' dir='ltr'><strong>integra,</strong></span> <span class='ocrx_word' id='word_1_461' title='bbox 349 2298 599 2347; x_wconf 88' lang='lat' dir='ltr'><strong>quantumuis</strong></span> <span class='ocrx_word' id='word_1_462' title='bbox 627 2310 716 2335; x_wconf 90' lang='lat' dir='ltr'><strong>eam</strong></span> <span class='ocrx_word' id='word_1_463' title='bbox 743 2297 909 2347; x_wconf 80' lang='lat' dir='ltr'><strong>impius,</strong></span> <span class='ocrx_word' id='word_1_464' title='bbox 940 2295 1074 2346; x_wconf 90' lang='lat' dir='ltr'><strong>quoad</strong></span> <span class='ocrx_word' id='word_1_465' title='bbox 1101 2295 1141 2334; x_wconf 93' lang='lat' dir='ltr'><strong>in</strong></span> <span class='ocrx_word' id='word_1_466' title='bbox 1169 2308 1210 2334; x_wconf 88' lang='lat' dir='ltr'><strong>se</strong></span> <span class='ocrx_word' id='word_1_467' title='bbox 1239 2301 1316 2344; x_wconf 78' lang='lat' dir='ltr'><strong>est,</strong></span> <span class='ocrx_word' id='word_1_468' title='bbox 1344 2290 1541 2331; x_wconf 86' lang='lat' dir='ltr'><strong>exinanire</strong></span> <span class='ocrx_word' id='word_1_469' title='bbox 1569 2291 1743 2340; x_wconf 83' lang='lat' dir='ltr'><strong>studeat3</strong></span> <span class='ocrx_word' id='word_1_470' title='bbox 1771 2302 1847 2328; x_wconf 87' lang='lat' dir='ltr'><strong>nec</strong></span> <span class='ocrx_word' id='word_1_471' title='bbox 1870 2288 1952 2327; x_wconf 88' lang='lat' dir='ltr'><strong>eius</strong></span> <span class='ocrx_word' id='word_1_472' title='bbox 1973 2288 2098 2337; x_wconf 88' lang='lat' dir='ltr'><strong>ingra-</strong></span> 
     </span>
     <span class='ocr_line' id='line_1_42' title="bbox 146 2342 1815 2401; baseline -0.005 -13"><span class='ocrx_word' id='word_1_473' title='bbox 146 2350 311 2389; x_wconf 88' lang='lat' dir='ltr'><strong>titudine</strong></span> <span class='ocrx_word' id='word_1_474' title='bbox 338 2350 488 2401; x_wconf 90' lang='lat' dir='ltr'><strong>aliquid</strong></span> <span class='ocrx_word' id='word_1_475' title='bbox 515 2350 667 2390; x_wconf 91' lang='lat' dir='ltr'><strong>detrahi</strong></span> <span class='ocrx_word' id='word_1_476' title='bbox 694 2357 759 2388; x_wconf 89' lang='lat' dir='ltr'><strong>aut</strong></span> <span class='ocrx_word' id='word_1_477' title='bbox 788 2349 1019 2389; x_wconf 88' lang='lat' dir='ltr'><strong>intercidere</strong></span> <span class='ocrx_word' id='word_1_478' title='bbox 1048 2356 1179 2398; x_wconf 87' lang='lat' dir='ltr'><strong>potest</strong></span> <span class='ocrx_word' id='word_1_479' title='bbox 1207 2348 1257 2386; x_wconf 95' lang='lat' dir='ltr'><strong>de</strong></span> <span class='ocrx_word' id='word_1_480' title='bbox 1284 2346 1361 2384; x_wconf 89' lang='lat' dir='ltr'><strong>fide</strong></span> <span class='ocrx_word' id='word_1_481' title='bbox 1390 2343 1696 2396; x_wconf 88' lang='lat' dir='ltr'><strong>promissionum</strong></span> <span class='ocrx_word' id='word_1_482' title='bbox 1727 2342 1815 2381; x_wconf 93' lang='lat' dir='ltr'><strong>Dei.</strong></span> 
     </span>
    </p>

    <p class='ocr_par' dir='ltr' id='par_1_6' title="bbox 147 2394 2102 2722">
     <span class='ocr_line' id='line_1_43' title="bbox 205 2394 2096 2454; baseline -0.005 -12"><span class='ocrx_word' id='word_1_483' title='bbox 205 2414 262 2453; x_wconf 88' lang='lat'><strong>15.</strong></span> <span class='ocrx_word' id='word_1_484' title='bbox 319 2406 430 2442; x_wconf 81' lang='lat' dir='ltr'><strong>Finis</strong></span> <span class='ocrx_word' id='word_1_485' title='bbox 472 2404 570 2443; x_wconf 90' lang='lat' dir='ltr'><strong>alius</strong></span> <span class='ocrx_word' id='word_1_486' title='bbox 606 2403 834 2454; x_wconf 87' lang='lat' dir='ltr'><strong>primarius,</strong></span> <span class='ocrx_word' id='word_1_487' title='bbox 874 2403 972 2441; x_wconf 87' lang='lat' dir='ltr'><strong>alius</strong></span> <span class='ocrx_word' id='word_1_488' title='bbox 999 2401 1265 2442; x_wconf 87' lang='lat' dir='ltr'><strong>secundarius.</strong></span> <span class='ocrx_word' id='word_1_489' title='bbox 1293 2399 1522 2438; x_wconf 72' lang='lat' dir='ltr'><strong>Primarius</strong></span> <span class='ocrx_word' id='word_1_490' title='bbox 1551 2403 1609 2436; x_wconf 86' lang='lat' dir='ltr'><strong>est</strong></span> <span class='ocrx_word' id='word_1_491' title='bbox 1636 2403 1677 2435; x_wconf 93' lang='lat' dir='ltr'><strong>vt</strong></span> <span class='ocrx_word' id='word_1_492' title='bbox 1704 2397 1780 2435; x_wconf 91' lang='lat' dir='ltr'><strong>hac</strong></span> <span class='ocrx_word' id='word_1_493' title='bbox 1806 2394 1962 2434; x_wconf 90' lang='lat' dir='ltr'><strong>actione</strong></span> <span class='ocrx_word' id='word_1_494' title='bbox 1989 2406 2096 2432; x_wconf 91' lang='lat' dir='ltr'><strong>com-</strong></span> 
     </span>
     <span class='ocr_line' id='line_1_44' title="bbox 149 2450 2099 2505; baseline -0.005 -11"><span class='ocrx_word' id='word_1_495' title='bbox 149 2458 408 2496; x_wconf 89' lang='lat' dir='ltr'><strong>monefiamus</strong></span> <span class='ocrx_word' id='word_1_496' title='bbox 437 2457 637 2496; x_wconf 85' lang='lat' dir='ltr'><strong>Christum</strong></span> <span class='ocrx_word' id='word_1_497' title='bbox 679 2464 879 2496; x_wconf 90' lang='lat' dir='ltr'><strong>mortuum</strong></span> <span class='ocrx_word' id='word_1_498' title='bbox 921 2469 1005 2495; x_wconf 89' lang='lat' dir='ltr'><strong>esse</strong></span> <span class='ocrx_word' id='word_1_499' title='bbox 1040 2468 1113 2505; x_wconf 89' lang='lat' dir='ltr'><strong>pro</strong></span> <span class='ocrx_word' id='word_1_500' title='bbox 1152 2454 1281 2494; x_wconf 89' lang='lat' dir='ltr'><strong>nobis.</strong></span> <span class='ocrx_word' id='word_1_501' title='bbox 1322 2453 1515 2502; x_wconf 87' lang='lat' dir='ltr'><strong>Carnem,</strong></span> <span class='ocrx_word' id='word_1_502' title='bbox 1544 2452 1580 2489; x_wconf 88' lang='lat'>&amp;</span> <span class='ocrx_word' id='word_1_503' title='bbox 1609 2450 1839 2500; x_wconf 86' lang='lat' dir='ltr'><strong>sanguinem</strong></span> <span class='ocrx_word' id='word_1_504' title='bbox 1873 2459 1986 2488; x_wconf 92' lang='lat' dir='ltr'><strong>suum</strong></span> <span class='ocrx_word' id='word_1_505' title='bbox 2014 2459 2099 2485; x_wconf 88' lang='lat' dir='ltr'><strong>esse</strong></span> 
     </span>
     <span class='ocr_line' id='line_1_45' title="bbox 147 2499 2099 2562; baseline -0.005 -14"><span class='ocrx_word' id='word_1_506' title='bbox 147 2512 238 2549; x_wconf 79' lang='lat' dir='ltr'><strong>vere</strong></span> <span class='ocrx_word' id='word_1_507' title='bbox 280 2511 432 2562; x_wconf 88' lang='lat' dir='ltr'><strong>cibum,</strong></span> <span class='ocrx_word' id='word_1_508' title='bbox 474 2513 510 2550; x_wconf 67' lang='grc' dir='ltr'><strong>δι</strong></span> <span class='ocrx_word' id='word_1_509' title='bbox 551 2518 691 2561; x_wconf 91' lang='lat' dir='ltr'><strong>potum</strong></span> <span class='ocrx_word' id='word_1_510' title='bbox 732 2517 913 2550; x_wconf 89' lang='lat' dir='ltr'><strong>nostrum</strong></span> <span class='ocrx_word' id='word_1_511' title='bbox 949 2508 1211 2560; x_wconf 86' lang='lat' dir='ltr'><strong>spiritualem,</strong></span> <span class='ocrx_word' id='word_1_512' title='bbox 1253 2510 1289 2547; x_wconf 68' lang='grc' dir='ltr'><strong>δε</strong></span> <span class='ocrx_word' id='word_1_513' title='bbox 1325 2519 1398 2545; x_wconf 92' lang='lat' dir='ltr'><strong>nos</strong></span> <span class='ocrx_word' id='word_1_514' title='bbox 1426 2503 1708 2544; x_wconf 91' lang='lat' dir='ltr'><strong>communione</strong></span> <span class='ocrx_word' id='word_1_515' title='bbox 1738 2502 1884 2542; x_wconf 89' lang='lat' dir='ltr'><strong>Christi</strong></span> <span class='ocrx_word' id='word_1_516' title='bbox 1911 2499 2099 2540; x_wconf 85' lang='lat' dir='ltr'><strong>viuificari</strong></span> 
     </span>
     <span class='ocr_line' id='line_1_46' title="bbox 149 2555 2099 2614; baseline -0.005 -13"><span class='ocrx_word' id='word_1_517' title='bbox 149 2562 376 2603; x_wconf 87' lang='lat' dir='ltr'><strong>sentiamus.</strong></span> <span class='ocrx_word' id='word_1_518' title='bbox 421 2566 682 2603; x_wconf 75' lang='lat' dir='ltr'><strong>secundarius</strong></span> <span class='ocrx_word' id='word_1_519' title='bbox 710 2571 784 2614; x_wconf 87' lang='lat' dir='ltr'><strong>est,</strong></span> <span class='ocrx_word' id='word_1_520' title='bbox 813 2570 854 2602; x_wconf 93' lang='lat' dir='ltr'><strong>vt</strong></span> <span class='ocrx_word' id='word_1_521' title='bbox 882 2562 930 2602; x_wconf 92' lang='lat' dir='ltr'><strong>sit</strong></span> <span class='ocrx_word' id='word_1_522' title='bbox 957 2561 1178 2602; x_wconf 89' lang='lat' dir='ltr'><strong>testificatio</strong></span> <span class='ocrx_word' id='word_1_523' title='bbox 1207 2560 1361 2600; x_wconf 85' lang='lat' dir='ltr'><strong>debitae</strong></span> <span class='ocrx_word' id='word_1_524' title='bbox 1390 2556 1634 2609; x_wconf 86' lang='lat' dir='ltr'><strong>gratitudinis</strong></span> <span class='ocrx_word' id='word_1_525' title='bbox 1663 2569 1754 2607; x_wconf 86' lang='lat' dir='ltr'><strong>erga</strong></span> <span class='ocrx_word' id='word_1_526' title='bbox 1782 2555 1980 2595; x_wconf 91' lang='lat' dir='ltr'><strong>Christum</strong></span> <span class='ocrx_word' id='word_1_527' title='bbox 2008 2566 2099 2592; x_wconf 91' lang='lat' dir='ltr'><strong>con-</strong></span> 
     </span>
     <span class='ocr_line' id='line_1_47' title="bbox 149 2606 2102 2668; baseline -0.005 -14"><span class='ocrx_word' id='word_1_528' title='bbox 149 2616 280 2655; x_wconf 88' lang='lat' dir='ltr'><strong>iuncta</strong></span> <span class='ocrx_word' id='word_1_529' title='bbox 309 2629 400 2656; x_wconf 91' lang='lat' dir='ltr'><strong>cum</strong></span> <span class='ocrx_word' id='word_1_530' title='bbox 435 2617 588 2657; x_wconf 87' lang='lat' dir='ltr'><strong>solenni</strong></span> <span class='ocrx_word' id='word_1_531' title='bbox 616 2617 827 2668; x_wconf 90' lang='lat' dir='ltr'><strong>gratiarum</strong></span> <span class='ocrx_word' id='word_1_532' title='bbox 856 2615 1022 2655; x_wconf 90' lang='lat' dir='ltr'><strong>actionis</strong></span> <span class='ocrx_word' id='word_1_533' title='bbox 1050 2615 1145 2654; x_wconf 91' lang='lat' dir='ltr'><strong>ritu:</strong></span> <span class='ocrx_word' id='word_1_534' title='bbox 1185 2614 1439 2664; x_wconf 77' lang='lat' dir='ltr'><strong>Symbolum,</strong></span> <span class='ocrx_word' id='word_1_535' title='bbox 1467 2613 1503 2650; x_wconf 85' lang='lat'>&amp;</span> <span class='ocrx_word' id='word_1_536' title='bbox 1531 2611 1672 2661; x_wconf 88' lang='lat' dir='ltr'><strong>pignus</strong></span> <span class='ocrx_word' id='word_1_537' title='bbox 1699 2617 1856 2648; x_wconf 90' lang='lat' dir='ltr'><strong>mutuae</strong></span> <span class='ocrx_word' id='word_1_538' title='bbox 1885 2606 2102 2655; x_wconf 86' lang='lat' dir='ltr'><strong>charitatis,</strong></span> 
     </span>
     <span class='ocr_line' id='line_1_48' title="bbox 147 2662 1855 2722; baseline -0.005 -13"><span class='ocrx_word' id='word_1_539' title='bbox 147 2669 349 2709; x_wconf 90' lang='lat' dir='ltr'><strong>vinculum</strong></span> <span class='ocrx_word' id='word_1_540' title='bbox 379 2670 623 2722; x_wconf 90' lang='lat' dir='ltr'><strong>dilectionis,</strong></span> <span class='ocrx_word' id='word_1_541' title='bbox 652 2671 687 2709; x_wconf 89' lang='lat'>&amp;</span> <span class='ocrx_word' id='word_1_542' title='bbox 716 2678 814 2710; x_wconf 87' lang='lat' dir='ltr'><strong>nota</strong></span> <span class='ocrx_word' id='word_1_543' title='bbox 840 2669 918 2721; x_wconf 69' lang='lat' dir='ltr'><strong>qua</strong></span> <span class='ocrx_word' id='word_1_544' title='bbox 945 2669 1126 2708; x_wconf 90' lang='lat' dir='ltr'><strong>Ecclesia</strong></span> <span class='ocrx_word' id='word_1_545' title='bbox 1157 2668 1234 2706; x_wconf 89' lang='lat' dir='ltr'><strong>Dei</strong></span> <span class='ocrx_word' id='word_1_546' title='bbox 1265 2668 1316 2706; x_wconf 90' lang='lat' dir='ltr'><strong>ab</strong></span> <span class='ocrx_word' id='word_1_547' title='bbox 1348 2664 1568 2704; x_wconf 89' lang='lat' dir='ltr'><strong>infidelibus</strong></span> <span class='ocrx_word' id='word_1_548' title='bbox 1595 2662 1855 2714; x_wconf 87' lang='lat' dir='ltr'><strong>distinguitur.</strong></span> 
     </span>
    </p>
   </div>
   <div class='ocr_carea' id='block_1_3' title="bbox 1078 2812 2101 2871">
    <p class='ocr_par' dir='ltr' id='par_1_7' title="bbox 1078 2812 2101 2871">
     <span class='ocr_line' id='line_1_49' title="bbox 1078 2812 2101 2871; baseline -0.008 -14"><span class='ocrx_word' id='word_1_549' title='bbox 1078 2832 1126 2871; x_wconf 84' lang='lat'><strong>35</strong></span> <span class='ocrx_word' id='word_1_550' title='bbox 1866 2816 1973 2853; x_wconf 84' lang='lat' dir='ltr'><strong>Lm.</strong></span> <span class='ocrx_word' id='word_1_551' title='bbox 2014 2814 2051 2850; x_wconf 88' lang='lat' dir='ltr'>D</span> <span class='ocrx_word' id='word_1_552' title='bbox 2067 2812 2101 2849; x_wconf 88' lang='grc' dir='ltr'>Ε</span> 
     </span>
    </p>
   </div>
  </div>
 </body>
</html>
