2334 3020
237 119 310 153 144
866 113 1085 142 THEsEs
1125 113 1553 142 THEOLOGICAE.

231 225 267 261 &
295 222 349 261 rei
377 222 495 272 ipsius
524 220 692 269 aliquam
721 219 1021 269 explicationem
1049 219 1228 269 religiose
1257 232 1342 258 esse
1375 219 1414 258 in
1442 218 1619 258 Ecclesia
1648 218 2158 259 seruandas:&doctrinam

233 277 354 322 hanc,
392 281 434 312 vt
467 272 649 311 omnibus
678 272 878 310 seruandis
902 272 1178 319 necessariam,
1208 279 1344 310 contra
1373 273 1547 311 omnium
1574 278 1651 309 tam
1680 278 1854 309 veterum
1883 274 1999 321 quam
2029 286 2158 312 recen-

231 328 324 365 tium
364 325 647 364 haereticorum
684 323 947 374 blasphemias
984 331 1068 362 toto
1107 331 1266 374 pectore
1293 326 1616 375 amplectendam.
1660 324 1732 362 Cui
1761 324 1825 362 vni
1854 326 1889 362 &
1916 324 2039 362 Trino
2067 327 2155 364 Deo

229 380 353 427 Patri,
385 379 504 427 Filio,
533 379 568 415 &
597 376 753 426 Spiritui
782 378 927 414 Sancto
956 376 1004 414 sit
1030 377 1158 415 honos
1186 378 1221 414 &
1250 377 1385 426 gloria.

586 667 694 704 XIII.
749 666 836 703 DE
878 665 1201 703 PERSONA
1243 665 1499 703 PATRIS
1541 667 1576 703 &
1616 666 1805 715 FILIJ.

301 785 520 827 Vuitatem
553 785 769 825 esseutiae
801 784 849 825 iu
879 784 1086 837 personis
1119 783 1263 825 tribus
1280 784 1585 833 subsistentis,
1610 784 1856 826 trinitatem
1867 792 2163 839 personarum

230 845 278 885 iu
311 858 377 893 se,
416 859 501 885 uon
543 847 674 885 extra
716 845 928 885 essentiae
969 844 1184 885 vnitatem
1227 844 1577 894 subsistentium,
1615 845 1813 886 vidimus
1847 846 2134 886 communiter
2146 860 2160 886 :

230 905 403 945 ordinis
436 905 640 946 instituti
670 905 790 946 ratio
815 904 1038 958 postulat,
1072 911 1122 945 vt
1152 918 1235 957 quo
1261 904 1467 958 plenius,
1507 906 1551 945 <⁰9⁴
1576 904 1786 958 planius,
1820 918 1930 958 quae
1960 906 2008 946 de
2032 912 2161 947 mate-

229 965 342 1006 riali
379 965 640 1018 leeelogz'ae
672 972 851 1007 uestrae
889 968 1047 1005 caussa
1079 965 1127 1005 iu
1168 965 1214 1005 T.
1248 964 1309 1006 Ν.
1344 966 1388 1005 &
1428 965 1475 1007 V.
1508 965 1631 1005 uobis
1663 966 1863 1006 reuelata
1878 973 2001 1016 suut,
2021 966 2164 1019 expli-

228 1039 392 1073 cemus,
425 1026 477 1065 de
508 1026 652 1066 tribus
680 1026 881 1077 personis
913 1025 1112 1078 deinceps
1143 1038 1332 1078 agamus
1363 1025 1678 1078 singulariter.

1055 1165 1273 1202 THESIS
1315 1176 1341 1203 1.

287 1298 319 1323 1.
374 1285 514 1321 PATER
541 1289 599 1321 est
633 1295 800 1332 persona
827 1282 953 1332 prima
981 1283 1020 1320 S.
1048 1280 1266 1331 Trinitatis,
1305 1285 1470 1332 ἄναρχος
1497 1283 1520 1318 ὲ.
1548 1293 1589 1319 se
1617 1294 1699 1320 non
1725 1282 1776 1320 ab
1798 1281 1874 1319 alio
1891 1281 2078 1330 existens,
2094 1294 2163 1331 per

231 1351 292 1385 se,
332 1337 372 1374 in
412 1349 471 1386 se,
506 1336 545 1374 in
586 1336 728 1374 vnitate
762 1334 950 1373 essentiae
987 1334 1128 1384 filium,
1165 1333 1374 1383 imaginem
1402 1346 1534 1384 suam,
1569 1335 1768 1373 aeternum
1795 1334 1980 1385 gignens,
2008 1335 2044 1372 δι
2072 1347 2162 1372 cum

231 1390 330 1428 Filio
360 1389 543 1438 Spiritum
571 1389 757 1426 Sanctum
787 1387 948 1438 spirans.

286 1456 318 1480 2.
374 1444 532 1480 Patrem
562 1443 651 1479 cum
680 1441 863 1491 dicimus,
891 1453 970 1478 non
995 1439 1221 1489 respicimus
1245 1442 1299 1489 (vt
1323 1452 1370 1477 ex
1385 1438 1646 1489 descriptione
1662 1441 1735 1478 hac
1749 1440 2025 1489 qualicumque
2040 1441 2162 1489 patet)

229 1494 479 1544 relationem,
507 1506 623 1544 quam
651 1501 850 1532 creaturae
877 1494 1023 1531 habent
1049 1493 1100 1530 ad
1128 1499 1345 1531 creatorem
1372 1503 1486 1530 suum
1516 1494 1577 1541 (ea
1600 1491 1704 1530 enim
1728 1499 1785 1531 est
1798 1494 1850 1530 ad
1864 1494 1992 1531 Deum
2008 1494 2162 1530 Patrem

231 1547 504 1594 essentialiter,
548 1554 588 1585 vt
627 1548 735 1584 Deus
776 1559 874 1584 vnus
911 1553 968 1584 est
1005 1545 1189 1595 essentia,
1228 1545 1405 1594 personis
1442 1545 1583 1595 trinus,
1619 1547 1750 1591 Pater,
1785 1545 1903 1584 Filius
1931 1547 1966 1583 &
1996 1544 2159 1595 Spiritus

231 1602 410 1649 Sanctus)
447 1600 516 1638 sed
544 1599 773 1638 relationem
803 1611 920 1647 quam
948 1600 1067 1636 habet
1093 1597 1192 1635 filius
1221 1599 1421 1636 aeternum
1457 1598 1608 1647 genitus
1637 1598 1688 1636 ad
1715 1600 1868 1636 Patrem
1896 1597 2160 1647 personaliter.

231 1655 324 1692 Hoc
357 1664 586 1702 monemus,
621 1651 942 1701 quandoquidem
969 1650 1155 1689 haeretici
1183 1663 1340 1700 omnes,
1368 1650 1435 1699 qui
1463 1650 1546 1699 Filij
1575 1653 1610 1688 &
1639 1650 1800 1700 Spiritus
1829 1650 1951 1689 sancti
1978 1650 2161 1688 deitatem

230 1713 484 1756 oppugnant,
510 1705 765 1755 posteriorem
792 1705 894 1742 hanc
924 1703 1152 1742 relationem
1179 1710 1383 1753 negantes,
1413 1704 1502 1741 cum
1530 1705 1686 1741 Patrem
1714 1705 1839 1741 solum
1869 1715 2003 1742 verum
2030 1704 2159 1741 Deum

231 1772 314 1798 esse
342 1766 538 1808 asserunt,
566 1758 656 1796 licet
682 1757 888 1796 nobiscum
916 1756 1138 1795 consentire
1165 1755 1392 1805 videantur,
1421 1768 1556 1794 reuera
1583 1763 1714 1794 tamen
1742 1755 2066 1805 aequiuocatione
2096 1757 2162 1793 fal-

231 1814 334 1850 lunt:
377 1823 505 1860 neque
546 1811 649 1849 enim
689 1810 850 1848 nomine
887 1809 1007 1848 Patris
1044 1821 1254 1859 personam
1281 1814 1449 1859 certam,
1485 1821 1584 1858 quae
1612 1820 1702 1847 cum
1728 1808 1828 1847 Filio
1857 1810 1892 1846 &
1920 1810 1987 1859 Sp.
2015 1809 2160 1846 Sancto

232 1867 337 1903 solus
380 1876 492 1903 verus
533 1865 639 1902 Deus
681 1863 749 1914 sit,
789 1861 1024 1912 intelligunt:
1059 1862 1128 1900 sed
1169 1861 1296 1911 ipsum
1333 1872 1583 1900 communem
1613 1861 1789 1900 omnium
1817 1863 1968 1911 Deum,
1996 1861 2036 1899 in
2061 1873 2162 1910 quo,

233 1931 302 1967 per
343 1929 459 1967 quem
501 1918 535 1955 δι
571 1924 732 1966 propter
767 1928 883 1965 quem
924 1922 1012 1953 sunt
1052 1914 1205 1965 onmia,
1245 1925 1412 1963 eumque
1454 1915 1603 1964 solum,
1646 1914 1809 1952 exclusis
1835 1915 1935 1953 Filio
1963 1915 1999 1951 ἃ
2029 1915 2094 1963 Sp.
2123 1914 2162 1953 S.

230 1972 417 2008 lehouam
447 1983 531 2008 esse
559 1976 746 2008 asserunt.
788 1969 870 2007 Nos
899 1971 991 2006 vero
1020 1969 1174 2005 Patrem
1202 1968 1287 2016 (sed
1315 1979 1406 2005 cum
1434 1966 1534 2005 Filio
1565 1968 1600 2004 &
1628 1968 1693 2017 Sp.
1709 1968 1870 2015 Sancto)
1886 1968 2012 2006 solum
2027 1977 2162 2005 verum

232 2025 362 2061 Deum
405 2035 507 2073 esse,
549 2023 584 2060 δι
626 2034 833 2072 personam
874 2023 898 2058 a
938 2020 1060 2071 Filio,
1100 2022 1136 2058 δι
1173 2019 1316 2070 Spiritu
1343 2020 1487 2057 Sancto
1514 2019 1667 2058 realiter
1696 2019 1937 2071 distinctam,
1966 2021 2098 2058 sancte
2125 2020 2161 2056 &

235 2075 412 2126 religiose
440 2089 488 2114 ex
517 2077 659 2114 Sancta
687 2074 883 2124 Scriptura
911 2075 1161 2111 affirmamus.

260 2142 320 2178 ,3.
375 2130 530 2167 Patrem
557 2140 693 2167 verum
724 2129 853 2165 Deum
882 2139 984 2171 esse,
1013 2127 1204 2165 edocente
1231 2126 1309 2163 hoc
1339 2124 1538 2174 Scriptura
1565 2126 1604 2163 S.
1627 2124 1860 2164 testimoniis
1875 2124 2054 2175 infinitis,
2070 2125 2160 2162 cum

231 2183 485 2231 profiteantur
526 2195 661 2219 omnes
703 2180 810 2229 (licet
849 2179 891 2228 (f.
925 2181 1052 2226 1627.)
1091 2178 1166 2216 alia
1193 2185 1308 2226 atque
1337 2176 1411 2215 alia
1438 2177 1601 2226 ratione)
1630 2191 1702 2216 nec
1729 2185 1891 2230 negent,
1918 2177 1992 2217 nisi
2020 2177 2066 2226 ij,
2095 2176 2162 2226 qui

232 2247 306 2272 nec
347 2241 526 2283 naturae,
567 2247 641 2272 nec
682 2233 903 2282 Scripturae
945 2231 1154 2281 quicquam
1190 2231 1403 2269 tribuentes
1431 2231 1561 2268 Deum
1589 2243 1672 2269 esse
1697 2238 1862 2281 negant,
1890 2244 1971 2269 non
1999 2230 2160 2268 demon-

233 2294 411 2326 stramus
449 2288 661 2324 Personam
688 2288 782 2324 vero
811 2298 895 2323 esse
922 2287 945 2322 a
972 2284 1071 2323 Filio
1100 2284 1253 2322 realiter
1280 2282 1500 2322 distinctam
1528 2283 1752 2322 testimonio
1781 2284 1816 2321 δι
1845 2284 1996 2322 ratione
2023 2283 2160 2332 proba-

233 2351 338 2389 mus,
366 2340 436 2377 sed
463 2340 583 2378 verbo
612 2341 763 2378 tantum
791 2350 881 2376 vno.

286 2406 323 2439 4.
377 2395 588 2430 Personam
631 2406 708 2430 esse
747 2391 864 2429 docet
903 2390 1118 2439 Apostolus
1159 2390 1210 2427 ad
1237 2390 1363 2427 Hebr.
1398 2402 1430 2426 1.
1461 2389 1550 2426 cnm
1579 2388 1699 2427 filium
1727 2388 1820 2427 dicit
1847 2393 2066 2439 χαρακτῆρα
2093 2391 2159 2434 τῆς

235 2445 450 2488 ὗποςάσεος
487 2449 553 2482 τοῦ
591 2445 743 2494 πατρὸς.
789 2442 970 2481 Similiter
1007 2442 1105 2480 ratio
1145 2455 1191 2480 ex
1232 2441 1456 2480 definitione
1491 2454 1681 2490 personae
1709 2442 1926 2491 desumpta.
1968 2439 2160 2478 Definitur

233 2501 326 2534 vero
362 2510 530 2547 persona
564 2496 828 2547 subsistentia,
858 2507 957 2544 quae
985 2494 1285 2545 proprietatibus
1312 2493 1388 2532 suis
1416 2493 1734 2532 characteristicis
1761 2507 1830 2532 seu
1856 2491 2159 2531 indiuidualibus

233 2549 272 2587 in
313 2563 391 2587 vno
427 2550 557 2599 aliquo
595 2548 799 2587 indiuiduo
835 2547 1074 2596 intelligente
1108 2555 1165 2586 est
1194 2546 1468 2592 determinata,
1498 2546 1551 2584 ita
1578 2553 1727 2594 tamen,
1755 2554 1797 2585 ut
1821 2546 1977 2585 alterius
2005 2557 2086 2583 non
2113 2544 2160 2582 sit

233 2615 335 2651 pars.
377 2604 490 2641 Haec
516 2606 610 2641 vero
639 2601 813 2640 definitio
842 2601 930 2638 cum
959 2600 1063 2638 Patri
1091 2600 1321 2650 conueniat,
1349 2598 1485 2648 quidni
1512 2600 1665 2638 Patrem
1693 2612 1900 2649 personam
1929 2593 2120 2636 dicimus?

288 2666 322 2704 5.
378 2656 589 2693 Personam
631 2658 654 2693 a
694 2654 792 2692 Filio
829 2652 1050 2691 distinctam
1087 2666 1170 2691 esse
1199 2656 1295 2702 (non
1323 2651 1537 2691 secundum
1566 2665 1668 2702 esse,
1697 2653 1806 2701 quod
1835 2662 2063 2700 commune,
2091 2649 2160 2688 sed

234 2706 465 2756 subsistere,
499 2709 607 2756 quod
636 2707 823 2756 cuiusque
850 2719 1039 2755 personae
1067 2706 1284 2755 proprium)
1313 2704 1509 2754 Scriptura
1536 2704 1670 2743 itidem
1698 2705 1827 2743 multis
1853 2705 1892 2742 in
1920 2703 2017 2741 locis
2044 2703 2162 2740 docet

236 2759 467 2808 clarissime,
512 2763 626 2799 loun.
659 2774 691 2798 1.
726 2774 756 2797 1.
789 2761 847 2797 18.
877 2760 926 2796 ὃν
961 2772 1018 2805 14.
1054 2772 1114 2797 10.
1157 2765 1274 2806 atque
1308 2758 1407 2796 adeo
1443 2757 1481 2795 in
1519 2756 1563 2794 iis
1592 2757 1794 2808 omnibus,
1822 2757 1860 2795 in
1884 2756 2024 2805 quibus
2050 2757 2162 2792 Pater

2062 2807 2158 2845 alius
