2334 3020
239 124 314 162 152*
877 120 1089 146 THESES
1131 120 1559 148 THEOLOGICAE.

726 260 815 298 XV.
870 261 956 298 DE
998 261 1416 300 CREATIONE
1456 263 1710 301 MVNDI.

298 390 326 414 1¹
385 376 489 414 Sicut
516 377 554 413 in
583 376 807 414 hominibus
837 377 981 425 duplex
1008 377 1206 415 actionum
1233 389 1355 427 genus
1384 380 1642 417 obseruarunt
1668 379 1919 429 Philosophi:
1938 391 2057 418 vnum
2072 380 2180 429 quod

242 435 394 478 praeter
434 429 630 466 actionem
663 430 812 466 nullum
849 436 939 478 post
972 442 1013 467 se
1045 441 1143 479 opus
1172 430 1353 480 relinquit
1382 432 1433 468 ad
1466 431 1615 481 agentis
1646 432 1928 483 perfectionem
1961 432 2177 481 pertinens:

241 483 418 519 Alterum
446 482 554 530 quod
582 492 680 530 opus
708 488 796 531 post
824 494 864 519 se
891 482 1091 532 relinquit,
1120 489 1254 532 estque
1278 483 1333 521 rei
1361 485 1486 522 factae
1507 485 1770 534 potiusquam
1794 484 1942 535 agentis
1966 485 2177 534 perfectio:

242 545 409 583 quorum
437 535 514 572 hoc
543 533 709 584 externi,
738 534 832 572 illud
846 534 986 572 interni
1001 535 1128 584 operis
1143 535 1301 574 nomine
1316 535 1579 586 significarunt
1594 551 1602 575 :
1619 538 1670 575 ita
1686 538 1800 576 etiam
1815 545 2022 587 Vtrumque
2036 537 2076 575 in
2090 539 2178 575 Deo

243 588 497 637 contemplari
524 587 631 637 licet,
659 589 748 624 cum
775 590 811 625 Sc
839 588 986 625 Iehoua
1015 587 1062 625 sit
1091 589 1126 625 &
1154 595 1262 626 actus
1290 600 1430 639 purus,
1458 589 1525 638 qui
1548 591 1598 628 ab
1622 597 1779 629 aeterno
1803 603 1955 640 semper
1970 589 2177 641 intelligat,

243 639 353 689 velit,
377 647 500 678 amet:
531 642 566 677 δε
593 651 722 677 rerum
746 640 923 678 omnium
936 640 1120 678 'conditor
1135 643 1170 679 Sc
1184 641 1376 691 princeps.
1404 643 1466 679 De
1481 653 1650 690 quorum
1667 643 1793 693 primo
1809 645 1899 681 cum
1915 642 2178 693 superioribus

246 693 418 730 thesibus
445 700 576 730 actum
604 692 669 742 sit,
697 693 793 731 ordo
821 692 1013 731 institutus
1044 695 1240 743 postulare
1262 693 1415 732 videtur
1438 701 1479 732 vt
1494 695 1543 732 ad
1559 707 1721 745 operum
1735 695 1812 734 Dei
1825 703 2074 734 externorum
2087 708 2179 733 con-

246 744 555 795 templationem,
584 745 724 794 quibus
752 758 834 784 sese
860 748 896 784 &
924 757 1032 784 suam
1060 753 1238 784 naturam
1253 746 1367 785 nobis
1382 749 1701 797 cognoscendam
1716 748 1911 799 exhibuit,
1926 757 2178 787 transeamus.

304 811 338 837 2.
391 798 565 848 Operum
592 799 667 836 Dei
696 806 942 837 externorum
970 799 1049 837 duo
1078 807 1166 837 sunt
1194 799 1591 850 prima&praecipua
1605 814 1766 851 genera:
1784 812 1950 851 quorum
1964 809 2172 850 Vtrumque

245 850 284 887 in
326 851 448 889 varias
489 854 607 901 porro
649 852 796 901 species
837 851 1086 891 distribuitur.
1128 852 1269 891 Prioris
1303 852 1455 902 generis
1491 866 1612 903 opera
1648 862 1736 892 sunt
1764 854 1829 893 illa
1857 867 1957 904 quae
1984 854 2167 892 dicuntur

243 903 458 941 Creationis
486 906 522 942 δε
550 904 868 943 Conseruationis
899 905 1034 943 mundi
1060 905 1099 943 in
1128 913 1265 943 natura
1293 916 1438 944 rerum:
1455 907 1684 955 posterioris
1709 920 1828 957 opera
1841 907 2121 957 redemptionis
2140 908 2176 945 δε

243 955 389 1006 gratiae
416 957 467 994 ad
493 957 709 995 Ecclesiam
737 958 980 1007 pertinentia.
1014 958 1146 1009 Opera
1178 958 1392 996 Creationis
1419 960 1479 996 vel
1508 966 1595 998 sunt
1622 961 1755 1010 δρατὰ,
1771 967 1813 998 ut
1830 959 1894 998 hic
1910 960 2081 998 mundus
2095 959 2175 998 siue

242 1016 380 1047 natura
408 1009 585 1048 inferior:
613 1012 676 1048 vel
704 1011 870 1061 ἀόρατα,
897 1018 940 1049 vt
966 1014 1121 1049 coelum
1149 1012 1379 1062 beatorum,
1406 1012 1572 1064 Angeli,
1601 1013 1752 1051 animae
1779 1012 2002 1051 hominum:
2026 1012 2076 1051 de
2094 1012 2174 1062 qui-

245 1063 337 1113 bus,
372 1069 563 1111 quatenus
595 1064 667 1101 sub
695 1062 1048 1102 considerationem
1076 1063 1283 1103 creationis
1310 1064 1474 1115 cadunt,
1504 1078 1550 1104 ex
1581 1066 1703 1104 verbo
1732 1065 1807 1103 Dei
1837 1065 1962 1103 acturi
1990 1076 2134 1103 sumus.

297 1129 333 1164 3.
389 1115 567 1166 Creatio,
596 1123 654 1154 est
681 1115 783 1154 actio
811 1117 886 1154 Dei
909 1124 1088 1168 externa,
1117 1128 1194 1166 qua
1222 1116 1446 1155 immediate
1479 1131 1547 1168 per
1576 1131 1616 1156 se
1645 1130 1705 1156 res
1732 1121 1756 1156 a
1783 1130 1865 1156 non
1892 1131 1974 1157 esse
2002 1118 2052 1155 ad
2067 1130 2172 1169 esse,

244 1167 326 1206 sine
355 1168 603 1219 alteratione,
631 1181 702 1218 pro
732 1179 799 1206 sua
826 1168 947 1208 libera
973 1172 1173 1209 voluntate
1200 1169 1402 1220 produxit:
1436 1170 1554 1220 idque
1582 1177 1647 1209 aut
1672 1172 1777 1209 nulla
1803 1182 1962 1221 prorsus
1986 1171 2175 1221 praeexis-

244 1227 350 1259 tente
391 1221 550 1259 materia
591 1222 756 1260 fundens
798 1234 867 1271 per
905 1225 1088 1262 verbum:
1130 1230 1195 1261 aut
1234 1224 1274 1261 in
1311 1222 1513 1262 materiam
1541 1224 1618 1262 iam
1646 1227 1669 1262 a
1697 1236 1737 1262 se
1765 1231 1934 1262 creatam
1957 1225 2123 1263 formam
2152 1226 2174 1262 e

246 1273 368 1311 nihilo
397 1281 566 1313 creatam
593 1275 832 1313 inducendo.

296 1340 333 1373 4.
392 1327 541 1365 Caussa
568 1328 785 1366 Creationis
813 1328 1004 1378 Efficiens
1033 1335 1090 1367 est
1117 1330 1241 1381 Deus,
1270 1336 1311 1368 vt
1339 1328 1573 1380 principium
1604 1336 1806 1368 externum
1835 1340 2173 1380 agens,mouens,

243 1381 484 1429 exemplare,
513 1382 549 1418 ἃ
576 1381 690 1419 finale
717 1391 845 1419 rerum
873 1382 1070 1431 omnium,
1098 1383 1233 1434 Pater,
1260 1381 1398 1433 Filius,
1428 1383 1463 1420 &
1490 1383 1652 1433 Spiritus
1682 1384 1847 1421 Sanctus
1875 1383 2040 1421 essentia
2055 1393 2174 1434 vnu8,

243 1437 419 1486 personis
447 1437 581 1476 trinus.
615 1439 725 1475 Finis
753 1438 911 1488 duplex:
941 1439 1037 1477 alius
1065 1428 1118 1479 οὗ
1145 1439 1272 1490 cuius,
1299 1441 1395 1479 alius
1423 1430 1460 1497 (ᾖ
1488 1440 1569 1479 cui:
1599 1441 1709 1478 illum
1736 1441 1854 1478 finem
1887 1440 2036 1490 operis3
2065 1440 2170 1477 hunc

243 1491 361 1528 finem
388 1491 585 1539 operantis
611 1498 755 1529 vocant
783 1492 953 1530 scholae.
981 1494 1091 1531 Finis
1121 1493 1336 1532 Creationis
1362 1484 1415 1535 οἶ
1443 1494 1625 1533 naturalis
1653 1500 1730 1543 est,
1751 1505 1892 1543 nempe
1907 1499 1948 1531 vt
1962 1492 2172 1531 commode

243 1547 459 1585 secundum
486 1554 664 1586 naturam
693 1561 732 1586 se
760 1549 930 1587 habeant
958 1551 1111 1588 omnia:
1150 1550 1254 1590 Finis
1283 1540 1321 1591 αἶ
1349 1551 1538 1592 Coelestis
1566 1553 1602 1590 &
1629 1550 1815 1602 Diuinus‚
1832 1557 1872 1588 vt
1894 1550 2044 1601 singula
2058 1560 2172 1599 quae-

243 1609 319 1648 que
346 1600 385 1637 in
413 1607 549 1639 natura
575 1601 650 1639 Dei
677 1601 824 1651 gloriae
853 1601 1077 1642 inseruiant.
1293 1593 1301 1607 ι

296 1662 331 1702 5.
383 1654 562 1691 Materia
589 1654 807 1693 Creationis
835 1667 916 1693 non
944 1655 1018 1694 nisi
1043 1655 1156 1695 huius
1184 1658 1340 1709 mundi7
1370 1666 1426 1698 est
1449 1659 1584 1708 ingens
1605 1656 1670 1694 illa
1684 1666 1966 1707 massa‚quam
1983 1655 2165 1694 dixerunt

241 1705 362 1743 chaos
393 1706 590 1757 informis,
629 1707 737 1745 omni
763 1708 904 1746 virtute
931 1708 1032 1746 intus
1059 1721 1203 1756 vacua,
1237 1713 1271 1749 &
1301 1711 1492 1762 indigesta
1518 1712 1656 1748 moles:
1686 1712 1708 1747 a
1736 1711 1823 1748 Deo
1852 1721 1899 1747 ex
1922 1708 2043 1747 nihilo
2074 1721 2169 1746 con-

241 1757 321 1795 dita
348 1759 433 1796 solo
461 1766 622 1809 potente
651 1762 793 1810 verbo7
822 1773 868 1798 ex
896 1773 972 1810 qua
999 1761 1164 1800 visibilia
1192 1764 1324 1802 omnia
1352 1766 1607 1803 educerentur
1635 1776 1683 1800 ex
1705 1761 1926 1812 priuatione
1950 1761 1989 1799 in
2004 1762 2170 1799 formam

241 1812 456 1849 naturalem
493 1824 614 1850 suam.
655 1812 801 1851 'Forma
838 1821 895 1851 est
930 1814 1087 1865 modUS,
1122 1816 1352 1868 multitudo,
1389 1816 1610 1867 diuersitas,
1645 1817 1743 1854 ordo
1773 1826 1901 1853 rerum
1929 1813 2104 1853 omnium
2131 1813 2171 1851 in

240 1863 388 1902 mundo
415 1864 680 1916 existentium,
708 1867 757 1904 ab
788 1879 886 1918 vno,
914 1867 1063 1917 primo,
1095 1879 1248 1907 summo
1278 1871 1313 1907 δι
1339 1869 1622 1920 perfectissimo
1650 1870 1771 1915 Eme,
1800 1881 1872 1917 pro
1906 1867 2027 1905 libera
2054 1866 2171 1916 ipsius

239 1918 441 1955 uoluntate
469 1920 504 1956 δι
532 1918 680 1957 infinita
706 1919 882 1958 bonitate
911 1920 1177 1970 sapientiaque
1204 1924 1392 1972 profecta.

292 1971 328 2007 6.
383 1971 530 2008 Rerum
557 1979 774 2010 creatarum
796 1973 938 2022 duplex
958 1975 1081 2011 ratio:
1106 1974 1330 2025 ἐπουράνιος
1349 1975 1663 2026 supercaelestiS,
1680 1977 1715 2012 &
1731 1972 1997 2012 Elementaris.
2028 1971 2167 2022 Super-

241 2024 408 2061 caelestis
435 2025 523 2061 cum
552 2025 600 2062 sit
627 2024 847 2075 inuisibilis7
876 2039 949 2064 nec
977 2026 1152 2065 sensibus
1181 2029 1373 2080 obnoxia,
1403 2043 1448 2068 ex
1475 2029 1559 2066 solo
1587 2029 1709 2066 verbo
1734 2026 1807 2065 Dei
1835 2027 2006 2064 reuelato
2030 2037 2079 2063 an
2101 2024 2169 2075 sit,

239 2076 507 2127 v(f.1634.)b1',
536 2077 630 2127 quid
656 2091 703 2116 ac
730 2078 851 2127 qualis
880 2078 928 2116 sit
954 2079 1126 2117 discitur.
1156 2080 1252 2118 Esse
1280 2082 1523 2132 Angelorum
1549 2083 1584 2119 &
1607 2081 1812 2118 beatorum
1826 2078 2032 2117 hominum
2047 2077 2169 2116 domi-

239 2126 393 2178 cilium,
436 2130 543 2178 quod
585 2131 789 2169 beatorum
831 2134 981 2170 caelum
1017 2133 1202 2182 appellari
1241 2134 1462 2185 consueuit,
1495 2145 1612 2172 nemo
1641 2133 1726 2183 pius
1754 2143 1927 2182 vnquam
1957 2130 2166 2181 dubitauit7

241 2192 331 2218 cum
370 2188 428 2219 tot
464 2185 499 2220 &
535 2190 643 2221 tanta
671 2185 720 2222 de
748 2184 815 2222 illo
843 2185 882 2222 in
911 2185 1027 2223 sacris
1057 2185 1175 2223 literis
1203 2188 1443 2236 reperiantur
1470 2186 1710 2236 testimonia3
1737 2193 1779 2224 vt
1807 2186 1889 2223 sine
1919 2196 2068 2223 summa
2096 2183 2169 2221 im-

239 2232 380 2282 pietate
408 2235 444 2271 &
470 2234 710 2285 impudentia
737 2237 869 2286 negari
894 2250 974 2276 non
1000 2239 1132 2288 possit.
1170 2239 1240 2276 Est
1267 2247 1395 2279 autem
1423 2240 1486 2278 hic
1513 2241 1621 2277 locus
1654 2239 1808 2289 νοητὸς,
1838 2250 1953 2287 supra
1981 2238 2052 2275 hos
2082 2235 2167 2274 visi-

240 2285 336 2324 biles
376 2287 411 2324 &
451 2288 614 2327 mobiles
655 2291 790 2340 orbes,
827 2290 955 2340 primo
997 2291 1205 2329 creationis
1244 2292 1307 2330 die
1347 2296 1369 2330 a
1407 2294 1493 2330 Deo
1534 2304 1581 2330 ex
1618 2291 1739 2329 nihilo
1774 2293 1897 2329 factus
1934 2291 2166 2338 collocatus,

239 2340 427 2377 firmatus:
471 2340 742 2391 incorporeus,
783 2343 1106 2394 incorruptibilis„
1139 2344 1371 2395 immobilis,
1410 2345 1506 2383 nulli
1536 2343 1777 2394 corruptioni
1807 2350 1871 2382 aut
1900 2342 2069 2393 passioni
2097 2342 2166 2379 ob-

237 2392 395 2430 noxius:
424 2394 634 2445 maximus,
662 2395 941 2447 lucidissimus,
970 2410 1017 2435 ac
1044 2399 1158 2435 verus
1187 2397 1377 2448 ὅλυμπος,
1407 2397 1710 2448 pulcherrimus,
1740 2396 2055 2435 amoenissimus:
2085 2407 2165 2432 om-

238 2443 346 2481 nium
387 2446 553 2496 denique
594 2459 660 2485 sua
700 2456 835 2486 natura
874 2452 908 2487 δι
951 2463 1019 2499 per
1048 2463 1087 2488 se
1129 2449 1392 2502 felicissimus,
1429 2451 1537 2500 quod
1575 2450 1613 2487 in
1644 2462 1691 2488 eo
1716 2451 1821 2488 Deus
1850 2462 1932 2487 sese
1962 2447 2165 2486 visendum

237 2498 399 2545 praebet
425 2500 611 2538 maxime:
654 2502 812 2539 Incolae
840 2502 982 2552 Angeli
1007 2505 1042 2541 δι
1069 2502 1173 2540 beati
1201 2515 1348 2541 omnes,

293 2560 326 2597 7.
380 2552 640 2591 Elementarz's
678 2554 864 2601 mundus„
901 2556 962 2593 vel
998 2562 1056 2593 est
1084 2555 1276 2605 superior7
1304 2558 1365 2594 vel
1394 2556 1565 2595 inferior.
1610 2555 1799 2606 Superior
1828 2562 1885 2594 est
1913 2553 2072 2593 visibilis
2101 2551 2165 2590 illa

234 2615 323 2651 pars
347 2605 502 2656 mundi,
531 2617 648 2655 quam
676 2607 905 2656 spectabiles
933 2609 1047 2647 orbes
1077 2615 1291 2658 occupant,
1321 2621 1368 2647 ex
1389 2610 1528 2661 eadem
1550 2608 1711 2646 materia
1732 2608 1880 2659 prima⁷
1896 2621 1943 2646 ex
1958 2617 2035 2656 qua
2050 2605 2164 2644 etiam

235 2655 382 2704 reliqua
417 2658 627 2710 elementa,
661 2666 860 2711 constans,
899 2661 934 2698 ὅτ
963 2663 1075 2700 coelo
1105 2660 1247 2699 extimo
1274 2662 1496 2700 terminata:
1527 2661 1635 2710 quod
1664 2663 1819 2699 coelum
1848 2667 1908 2699 est
1935 2657 2164 2709 simplicissi-

236 2718 363 2759 mum,
390 2712 776 2758 praestantissimum,
806 2715 1002 2763 longeque
1031 2715 1080 2752 ab
1108 2713 1189 2752 aliis
1217 2714 1413 2753 diuersum
1442 2725 1607 2764 corpus7
1636 2716 1659 2750 ὲι
1688 2715 1776 2752 Deo
1800 2726 1849 2752 ex
1864 2712 2026 2752 materia
2039 2710 2164 2761 prima
2213 2765 2218 2769 .

232 2760 361 2809 primo
389 2762 453 2800 die
481 2772 672 2815 creatum,
701 2767 916 2804 alterationi
944 2769 980 2804 &
1009 2766 1249 2817 corruptioni
1277 2779 1347 2816 per
1365 2781 1406 2807 se
1421 2767 1658 2817 obnoxium,
1674 2766 1726 2805 ita
1740 2774 1854 2806 tenue
1870 2774 1912 2805 vt
1927 2765 1975 2825 sit
1987 2766 2164 2854 figmum2

1929 2825 1982 2857 lta
2037 2827 2163 2854 rmum
