2334 3020
825 123 1045 150 THESES
1087 116 1519 149 THEOLOGICAFJ.
2071 125 2141 161 143

207 230 346 270 creatis
387 233 617 281 hypostases
658 231 682 267 a
722 243 762 268 se
800 229 949 269 diuisae
976 234 1085 276 sunt,
1114 227 1153 266 id
1182 226 1397 266 conditioni
1426 227 1595 277 ipsarum
1632 227 1760 266 finitae
1787 226 2038 266 tribuendum
2068 235 2142 266 est:

207 283 355 322 infinita
393 285 486 322 vero
523 282 709 332 essentia,
742 282 773 321 si
808 283 1046 322 diuideretur
1083 281 1297 319 secundum
1332 293 1541 331 personas
1571 281 1647 318 iam
1677 293 1725 319 ex
1751 282 1854 318 facto
1883 280 2031 319 infinita
2058 293 2142 319 esse

209 336 420 375 desineret.
463 343 601 374 contra
640 338 735 374 vero
778 336 869 386 quia
912 334 1060 373 infinita
1095 341 1172 395 est,
1209 346 1377 383 persona
1404 346 1480 371 vna
1508 341 1565 372 est
1591 334 1628 372 in
1659 336 1780 372 altera
1807 334 2142 383 quemadmodum

209 389 366 428 dicebat
407 388 597 428 Christus.
638 391 748 427 Ioan.
783 403 840 436 14.
869 390 959 437 Ego
986 401 1067 426 sum
1096 401 1135 425 m
1163 389 1304 437 Patre,
1341 387 1391 424 ἕν’
1418 387 1540 425 Pater
1568 401 1607 425 m
1635 400 1712 424 me:
1740 398 1859 436 quam
1887 400 1968 425 rem
1997 387 2138 425 Graeci

207 448 336 492 patres
363 440 577 490 ἐνέλληλον
604 441 933 492 ἑμποριχώρησιν,
957 439 1185 479 Scholastici
1213 445 1387 477 mutuam
1416 439 1825 478 circumincessionem
1853 441 2108 489 appellarunt.

265 508 324 532 10.
381 494 497 532 Vnde
533 499 641 532 certo
682 502 836 532 constat
871 506 1056 543 personas
1098 506 1178 531 non
1220 505 1302 531 esse
1344 492 1486 531 diuisas
1527 495 1550 530 a
1577 505 1639 543 se,
1673 493 1742 532 sed
1768 492 1970 531 distinctas
1998 494 2138 531 solum.

206 549 336 596 Atque
364 545 560 584 distinctio
590 548 687 585 haec
714 547 775 585 vel
803 553 861 585 est
891 557 1147 596 personarum
1178 551 1355 595 respectu
1384 546 1592 596 essentiae,
1618 547 1678 585 vel
1691 557 1948 596 personarum
1965 545 2065 584 inter
2079 558 2140 595 se,

207 601 268 638 vel
298 599 464 648 denique
490 607 647 637 actuum
675 600 951 649 personalium.
980 601 1175 638 Personae
1197 599 1248 637 ab
1277 598 1462 648 essentia,
1487 599 1553 637 vbi
1576 611 1667 637 cum
1689 598 1854 637 essentia
1870 599 2141 636 tantummodo

210 658 509 703 comparantur,
550 652 700 691 ratione
741 654 890 691 tantum
934 651 1138 690 differunt:
1176 665 1266 690 narn
1303 663 1472 701 persona
1500 651 1537 690 in
1567 653 1655 690 Deo
1682 651 1777 690 nihil
1803 651 1908 688 aliud
1938 659 1996 689 est
2023 653 2142 701 quam

207 705 290 755 ipsa
333 703 497 743 essentia
538 705 699 755 Diuina,
741 706 811 744 sed
848 705 885 743 in
923 706 1158 755 proprietate
1186 717 1254 742 sua
1282 704 1615 755 characteristica,
1658 706 1693 743 δι
1727 704 1912 743 distincto
1942 703 2143 754 ὗπάρξᾱως

207 759 332 809 τρόπῳ
361 757 618 796 considerata.
648 760 842 797 Personae
871 761 963 796 vero
992 759 1089 796 inter
1119 771 1158 797 se
1189 770 1269 795 non
1297 757 1446 795 ratione
1475 760 1647 807 tantum,
1676 758 1745 796 sed
1760 756 1887 807 reipsa
1901 756 2142 806 distinguun-

207 818 287 860 tur,
322 810 361 848 in
399 821 476 860 qua
516 811 766 850 distinctione
794 811 886 850 reali
915 812 1125 850 fundantur
1152 811 1211 849 illa
1243 810 1376 848 omnia
1404 811 1454 848 de
1483 810 1625 860 quibus
1654 810 1837 860 diximus,
1865 809 2144 859 proprietates,

206 862 431 909 relationes,
455 867 720 914 γνωρίσματα,
749 865 822 903 &c.
849 864 1140 902 distinctionem
1169 865 1270 901 hanc
1297 865 1510 901 ostendunt
1539 863 1702 913 plurima
1730 864 1764 901 S.
1798 863 2017 912 Scripturae
2034 864 2141 912 loca,

205 916 329 954 Pron.
359 919 395 954 8.
427 930 487 962 24.
516 927 628 954 joan.
661 928 696 965 5.
730 920 789 957 18.
820 931 881 966 23.
913 919 973 955 26.
1002 918 1129 958 Hebr.
1164 929 1249 965 1.3.
1277 917 1391 954 [aaa.
1427 926 1484 965 15.
1511 918 1571 955 26.
1602 915 1730 954 Primo
1760 929 1806 954 ea
1833 928 1933 964 quae
1949 915 2139 965 originem

204 967 289 1017 Filij
320 971 343 1006 a
372 970 503 1018 Patre,
532 969 566 1006 δε
595 969 750 1015 spiritus
779 970 901 1008 sancti
938 971 988 1008 ab
1018 977 1182 1019 Vtroque
1210 976 1410 1007 testantur.
1440 981 1519 1007 non
1549 977 1676 1018 potest
1704 969 1806 1007 enim
1836 969 1939 1006 idem
1962 971 2038 1006 ase
2055 968 2140 1018 ipso

208 1021 385 1071 produci.
428 1022 633 1071 Secundo,
668 1022 708 1060 in
744 1023 884 1072 quibus
917 1036 1108 1073 personae
1142 1026 1165 1060 a
1192 1034 1232 1060 se
1260 1021 1359 1059 aliae
1387 1029 1598 1071 vocantur,
1627 1029 1666 1059 vt
1697 1023 1807 1059 [mm.
1839 1032 1874 1070 5.
1904 1022 2017 1059 Pater
2045 1022 2141 1060 alius

206 1074 335 1125 testis,
359 1077 382 1112 a
405 1074 506 1123 filio,
535 1074 689 1124 spiritus
717 1084 874 1114 sanctus
901 1076 998 1114 alius
1026 1075 1264 1125 παράκλητος
1293 1075 1342 1112 ab
1365 1080 1553 1124 Vtroque,
1577 1076 1690 1112 [ean.
1712 1087 1770 1120 14.
1800 1074 1978 1123 Denique
1993 1075 2142 1112 formae

208 1127 416 1177 loquendi,
460 1126 527 1165 vbi
555 1127 655 1165 filius
683 1128 824 1167 dicitur
850 1130 954 1178 apud
984 1138 1154 1178 patrem,
1182 1129 1228 1164 ln
1255 1126 1340 1164 sinu
1367 1126 1512 1175 Patris,
1541 1128 1642 1165 Cum
1668 1134 1799 1177 patre,
1828 1129 1863 1165 δί
1891 1126 2047 1164 similes.
2091 1129 2144 1165 At

208 1183 327 1229 quam
354 1179 485 1229 inepte
510 1181 637 1218 forent
664 1181 737 1219 liae
764 1182 1031 1230 loquutiones,
1059 1180 1091 1218 si
1118 1179 1242 1229 (quod
1271 1179 1366 1217 olim
1393 1182 1612 1228 nugabatur
1641 1179 1845 1228 Sabellius)
1869 1180 1966 1217 haec
1991 1182 2143 1218 tantum

211 1232 367 1271 diuersa
395 1240 524 1271 essent
550 1233 662 1271 vnius
690 1233 745 1272 rei
772 1233 957 1272 nomina?

264 1299 323 1324 11.
378 1287 499 1324 Actus
527 1287 750 1335 personales
777 1286 859 1336 (qui
886 1288 936 1325 ad
964 1286 1065 1324 intra
1094 1287 1301 1333 vocantur)
1331 1297 1411 1323 non
1439 1285 1561 1334 magis
1576 1285 1859 1323 communicari
1873 1284 1954 1322 aliis
1970 1285 2145 1334 personis

209 1345 391 1388 possunt,
419 1341 538 1388 quam
566 1352 734 1388 persona
763 1353 838 1378 vna
865 1339 948 1378 fieri
976 1345 1104 1389 potest
1132 1338 1226 1387 alia,
1256 1339 1391 1386 quales
1421 1345 1510 1376 sunt
1538 1338 1661 1376 Patris
1676 1338 2146 1388 gignere&conspirare,

207 1390 291 1439 Filij
320 1391 426 1441 gigni
454 1394 488 1429 δι
517 1392 756 1441 conspirare,
785 1392 938 1442 spiritus
965 1391 1088 1430 sancti
1115 1391 1334 1441 procedere
1362 1393 1412 1429 ab
1438 1398 1623 1441 Vtroque,
1641 1398 1681 1429 vt
1695 1391 1822 1429 Latini
1836 1393 2146 1441 loquuntur,vel

208 1446 231 1482 a
259 1445 370 1482 Patre
398 1456 467 1493 per
495 1443 637 1493 filium,
666 1453 706 1483 vt
735 1445 891 1484 Graeci.
920 1445 1035 1483 Vnde
1058 1444 1229 1493 sequitur
1246 1445 1318 1482 hos
1332 1452 1442 1482 actus
1458 1458 1536 1482 non
1553 1444 1803 1483 deliberantis
1819 1457 1901 1484 esse
1917 1445 2146 1495 voluntatis,

208 1498 279 1535 sed
306 1504 478 1535 naturae.
507 1496 538 1534 si
565 1497 668 1535 enim
697 1497 948 1536 deliberantis
978 1497 1186 1536 voluntatis
1218 1504 1365 1547 essent,
1399 1498 1475 1535 iam
1505 1510 1585 1535 non
1613 1499 1664 1535 ad
1691 1499 1812 1547 intra,
1842 1498 1910 1535 sed
1939 1498 1989 1536 ad
2018 1504 2143 1536 extra:

208 1562 288 1587 non
316 1549 461 1599 proprij
492 1550 689 1601 personis,
718 1551 787 1589 sed
816 1563 1044 1590 communes
1073 1548 1280 1589 essentiae:
1310 1563 1390 1588 non
1414 1550 1653 1589 necessitatis
1669 1550 1853 1589 naturalis
1867 1551 1933 1588 sed
1949 1551 2145 1601 potentiae

207 1601 353 1641 liberae
379 1602 566 1641 euadent:
595 1616 642 1640 ex
671 1603 811 1652 quibus
839 1604 1003 1653 Filium,
1030 1617 1077 1642 ac
1106 1603 1281 1653 spiritum
1309 1611 1508 1654 sanctum,
1538 1605 1574 1641 δε
1598 1611 1817 1642 creaturam
1845 1617 1947 1654 esse,
1975 1604 2143 1642 &etiam

207 1668 288 1694 non
317 1667 402 1694 esse
428 1668 544 1705 posse
573 1663 810 1705 sequeretur.
849 1659 909 1695 Ex
936 1664 1100 1707 vtroque
1127 1663 1258 1695 autem
1286 1657 1364 1695 hoc
1392 1657 1509 1696 etiam
1536 1657 1758 1696 necessario
1787 1656 2003 1706 colligitur,
2032 1664 2141 1695 actus

206 1709 279 1746 hos
306 1714 386 1746 tam
414 1707 564 1747 ratione
591 1709 787 1760 principij,
818 1713 937 1760 quam
965 1710 1051 1748 finis
1080 1711 1123 1759 (f.
1156 1711 1283 1758 1626.)
1312 1723 1395 1748 esse
1423 1718 1602 1749 aeternos
1626 1712 1661 1748 δι
1678 1711 1952 1750 indesinentes,
1984 1710 2141 1749 S1en1m

207 1762 324 1800 finem
355 1762 596 1812 habuerunt,
631 1763 835 1812 quomodo
864 1777 946 1802 non
973 1763 1088 1802 fuerit
1115 1770 1209 1801 tunc
1236 1763 1398 1812 aliquod
1427 1775 1507 1813 quo
1535 1765 1726 1814 producta
1749 1763 2031 1813 perfectionem
2060 1776 2144 1802 esse

206 1813 264 1852 sui
290 1815 435 1853 habere
463 1813 703 1865 coeperunt?
730 1817 936 1866 quomodo
964 1817 1074 1866 quod
1101 1817 1221 1854 finem
1248 1817 1367 1855 habet
1395 1829 1476 1854 non
1504 1817 1632 1866 potuit
1659 1817 1776 1855 etiam
1798 1818 1942 1855 habere
1968 1815 2142 1855 initium?

206 1867 410 1917 quomodo
445 1867 612 1917 denique
644 1882 725 1908 non
757 1869 870 1908 fuerit
898 1869 974 1908 Dei
1002 1868 1253 1919 producentis
1280 1871 1316 1908 &
1347 1870 1566 1930 producere
1595 1870 1804 1909 desinentis
1833 1869 2018 1908 mutatio?
2058 1871 2143 1908 Nec

207 1920 296 1959 ideo
332 1927 463 1959 tamen
500 1921 710 1961 successiui
743 1930 831 1961 sunt
858 1930 967 1962 actus
995 1922 1055 1961 hi:
1087 1923 1178 1972 quia
1205 1924 1240 1961 &
1269 1922 1486 1961 aeternitati
1514 1923 1553 1961 id
1581 1930 1771 1974 repugnat
1798 1935 1897 1973 quae
1919 1930 2002 1961 tota
2029 1923 2144 1961 simul

207 1980 264 2012 est
291 1974 397 2023 quod
426 1981 502 2013 est:
534 1975 570 2012 δε
598 1982 758 2014 naturae
784 1976 838 2014 rei
866 1975 1194 2026 simplicissimae,
1224 1977 1332 2014 cuius
1360 1977 1566 2026 productio
1595 1977 1632 2015 in
1661 1976 1866 2015 effectione
1895 1978 2088 2026 perfecta,
2103 1976 2143 2014 in

207 2027 347 2065 effectu
381 2030 476 2065 vero
505 2035 693 2078 perpetua
721 2036 799 2079 est,
828 2042 919 2068 nam
948 2029 979 2067 si
1007 2042 1093 2068 esse
1122 2028 1385 2068 successiuum
1414 2030 1597 2081 haberet,
1626 2030 1703 2068 iam
1733 2030 1953 2068 necessario
1982 2030 2145 2080 simplex

208 2093 290 2118 esse
318 2079 521 2119 desineret.

264 2146 322 2171 12.
376 2135 445 2172 Est
474 2134 509 2171 &
537 2134 643 2173 aliud
670 2147 791 2185 genus
821 2136 1023 2174 actionum
1051 2135 1291 2180 diuinarum,
1313 2148 1382 2185 per
1396 2136 1503 2185 quod
1519 2149 1710 2186 personae
1724 2135 1840 2174 nobis
1855 2136 2143 2191 distinguuntur

208 2185 246 2223 in
275 2187 312 2225 S.
339 2186 478 2232 literis,
507 2199 639 2226 earum
668 2188 815 2227 scilicet
843 2201 944 2248 quae
971 2202 1046 2228 nec
1074 2192 1181 2227 mere
1209 2182 1432 2227 essentiales
1461 2197 1568 2238 sunt,
1584 2202 1658 2227 nec
1673 2192 1780 2227 mere
1796 2191 2037 2239 personales:
2055 2188 2145 2238 quia

207 2252 230 2276 a
272 2239 474 2278 communi
509 2240 699 2289 termino,
743 2242 910 2281 essentia
950 2242 1116 2291 scilicet,
1154 2242 1204 2280 ad
1242 2253 1495 2280 communem
1523 2242 1755 2292 terminum,
1784 2250 2000 2281 creaturam
2029 2250 2143 2291 puta,

208 2293 468 2331 communiter
505 2306 586 2332 non
616 2295 817 2333 desinunt:
847 2296 916 2334 sed
946 2295 1062 2344 medij
1090 2294 1244 2355 generis
1275 2303 1385 2345 sunt,
1414 2307 1515 2355 quae
1543 2295 1702 2355 quidem
1730 2295 1769 2333 in
1799 2295 2007 2334 terminum
2036 2308 2142 2333 com-

209 2357 388 2396 munem,
416 2345 456 2384 id
484 2353 541 2384 est
569 2355 787 2385 creaturam
820 2350 1061 2395 defe1·,untur
1091 2349 1127 2385 &
1154 2349 1192 2386 in
1223 2348 1364 2397 quibus
1392 2347 1626 2399 principium
1655 2355 1766 2387 actus
1795 2356 1853 2387 est
1877 2349 1996 2387 virtus
2012 2348 2144 2386 diuina

208 2399 468 2438 communiter
496 2412 536 2438 se
564 2400 615 2438 ad
643 2413 781 2439 omnes
806 2414 993 2452 personas
1021 2402 1190 2452 habens,
1223 2401 1292 2439 sed
1319 2408 1449 2439 tamen
1477 2401 1664 2440 terminus
1679 2401 2009 2452 principalis,per
2024 2413 2141 2450 quem

208 2451 367 2490 effectus
393 2452 447 2490 illi
474 2452 584 2502 quasi
611 2454 716 2492 foras
742 2461 997 2504 promanant,
1025 2463 1084 2493 est
1111 2466 1290 2504 persona.
1319 2465 1397 2503 qua
1425 2454 1574 2493 ratione
1602 2462 1753 2505 patrem
1768 2462 2005 2494 creatorem:
2022 2454 2142 2492 filium

206 2503 450 2543 incarnatum
479 2513 717 2545 seruatorem
746 2509 782 2546 δι
811 2509 1118 2558 redemptorem:
1148 2507 1324 2557 spiritum
1347 2507 1654 2547 sanctificantem
1678 2509 1938 2558 appellamus:
1955 2507 2144 2546 &similia

208 2558 339 2596 multa.
383 2559 454 2597 Est
485 2559 520 2596 &
556 2558 668 2597 tertia
703 2574 751 2599 ex
778 2561 837 2599 his
865 2572 1122 2621 personarum
1150 2559 1369 2611 distinctio,
1406 2562 1515 2611 quod
1543 2562 1759 2600 secundum
1786 2561 1962 2600 ordinem
1992 2560 2144 2600 essendi

206 2609 390 2660 illamque
427 2618 629 2661 paternam
672 2616 894 2663 οἰκονομίαν
936 2614 1047 2652 vnius
1082 2615 1133 2652 ab
1161 2614 1254 2665 alia,
1281 2613 1335 2652 ita
1362 2613 1479 2652 etiam
1506 2615 1606 2653 ordo
1635 2614 1866 2653 numerandi
1892 2627 2077 2664 personas
2105 2613 2145 2651 in

206 2663 245 2701 S.
276 2663 473 2713 Scriptura
500 2665 580 2703 fere
608 2666 850 2706 obseruetur.

258 2716 477 2756 Asserimus
517 2730 612 2767 ergo
656 2719 690 2756 &
732 2732 851 2758 voces
892 2719 1178 2770 suprapositas,
1216 2733 1307 2758 cum
1340 2732 1411 2758 eae
1437 2720 1578 2770 partim
1605 2723 1628 2759 a
1656 2720 1854 2770 Scriptura
1882 2720 1977 2770 sint,
2004 2720 2143 2771 partim

205 2771 299 2807 vero
327 2770 544 2808 necessaria
571 2770 723 2810 ratione
753 2772 843 2811 inde
873 2774 1143 2824 deducantur,
1172 2773 1209 2811 in
1238 2775 1313 2812 hoc
1344 2773 1529 2822 mysterio
1558 2775 1608 2812 ad
1629 2773 1891 2812 detectionem
1907 2773 2144 2821 haeresium,

2022 2829 2058 2865 &
2087 2826 2142 2864 rei
