2334 3020
264 75 342 121 380
813 80 880 105 DE
920 79 1197 106 POLITIAE
1238 80 1403 106 MOSIS
1444 80 1635 107 OBSER.

313 191 459 227 Eorum
487 191 598 238 vero,
630 198 729 236 quae
757 188 914 225 obiecto
943 187 1215 226 ceremonialia
1242 194 1349 236 sunt,
1378 189 1556 237 exempla
1584 187 1621 225 in
1649 189 1734 238 lege
1763 188 1888 226 Mosis
1916 195 2048 226 extant
2077 189 2174 228 innu

262 255 387 290 mera,
416 242 451 278 ἃ
480 252 580 289 quae
608 252 723 277 nemo
749 240 902 290 ignorat
929 253 1012 278 esse
1041 240 1332 279 ceremonialia:
1360 241 1459 279 adeo
1488 253 1557 290 per
1585 253 1625 278 se
1653 241 1812 279 euidens
1841 248 1899 279 est
1926 243 1962 279 &
1990 242 2118 290 palam
2149 242 2188 280 in

262 295 382 333 oculis
411 293 585 331 omnium
613 292 788 342 exposita
814 292 969 331 illorum
996 292 1108 332 ratio.
1137 294 1250 342 Quae
1279 292 1411 331 omnia
1439 293 1510 331 etsi
1536 300 1673 332 natura
1699 304 1767 331 sua
1795 295 1950 332 fuerunt
1972 295 2195 345 mutabilia,

261 355 302 385 vt
342 349 431 384 ante
471 345 655 396 diximus,
691 352 822 384 tamen
854 345 971 383 etiam
999 345 1215 384 secundum
1243 352 1420 396 tempora
1446 358 1518 396 pro
1547 346 1775 385 conditione
1804 348 1840 384 &
1868 347 1990 385 modo
2018 346 2193 397 ipsorum

263 399 516 438 mutationem
545 397 785 438 subiuerunt.
811 400 961 437 Eorum
987 398 1091 437 enim
1122 398 1195 437 alia
1217 398 1406 437 durabilia
1419 400 1573 437 fuerunt
1587 406 1810 438 constanter
1824 400 1875 437 ad
1890 399 2032 438 Christi
2046 401 2191 439 aduen-

263 460 344 490 tum
369 463 512 501 vsque,
536 452 868 501 complementum
890 450 1060 500 mysterij
1081 452 1360 501 redemptionis
1375 459 1530 490 nostrae
1546 454 1582 490 δι
1596 453 1950 502 promulgationem
1965 454 2165 503 Euangelij
2183 485 2193 503 ,

259 504 444 554 tantisper
472 504 639 553 denique
670 504 764 542 dum
791 503 1013 554 respublica
1042 504 1145 543 stetit
1171 504 1451 554 Israelitarum3
1479 504 1553 543 alia
1581 505 1817 544 durauerunt
1839 506 1891 544 ad
1905 513 2058 556 tempus
2074 519 2193 556 vsque

262 556 540 607 deportationis
585 557 868 607 Babylonicae3
909 557 983 595 alia
1023 558 1074 595 ad
1114 564 1268 607 tempus
1303 557 1400 596 illud
1427 569 1571 609 vsque,
1601 569 1691 596 cum
1719 561 1742 597 a
1771 559 1980 597 Selomone
2007 560 2195 609 templum

260 617 497 649 exstructum
527 616 583 648 est
611 611 646 647 δε
675 610 957 648 sanctificatum
986 609 1181 649 Domino:
1212 611 1286 649 alia
1314 612 1365 649 ad
1393 617 1544 661 tempus
1573 622 1653 660 quo
1678 623 1839 662 regnum
1865 611 1936 650 fuit
1959 610 2194 662 institutum,

261 666 296 702 ἃ
339 664 464 701 donec
503 663 657 701 Iudices
697 662 930 712 reipublicae
956 663 1218 702 Israelitarum
1245 665 1511 714 praefuerunt:
1540 664 1614 702 alia
1641 664 1810 714 denique
1838 664 2083 703 durationem
2112 678 2192 703 non

258 717 477 754 habuerunt
503 714 800 764 diuturniorem,
831 727 949 765 quam
978 727 1068 754 cum
1096 717 1290 755 Israelitae
1317 729 1365 755 ex
1391 718 1566 767 AEgypto
1595 717 1737 767 egressi
1759 718 1797 755 in
1819 717 2061 767 profectione
2077 718 2190 767 fugae

259 771 301 818 (f.
321 771 434 819 1522)
457 772 572 818 (quae
600 780 791 807 annorum
819 769 889 807 fuit
909 769 1180 819 quadraginta)
1197 770 1470 808 Chananaeam
1485 781 1617 808 versus
1634 770 1946 819 contendebant3
1973 770 2082 820 quod
2097 777 2194 808 tem-

259 833 330 872 pus
359 821 642 860 ambulatoriae
669 821 904 871 reipublicae
931 822 1188 861 Israelitarum
1215 824 1468 872 appellamus.
1497 825 1589 862 Post
1617 823 1720 861 enim
1735 823 1804 861 fuit
1819 823 1994 874 stataria,
2019 825 2138 872 quam
2152 824 2193 861 in

261 876 539 913 Chananaeam
567 874 640 913 sibi
668 875 900 924 promissam
928 875 1161 913 aduenisset.
1205 873 1338 924 Quid?
1367 876 1474 925 quod
1502 875 1619 914 etiam
1647 875 1852 926 singularia
1879 878 2050 926 suerunt,
2079 878 2114 914 &
2144 877 2196 915 ad

260 928 495 977 singularem
522 926 717 966 actionem
745 929 780 965 δι
808 929 945 966 horam
973 941 1091 966 vnam
1121 928 1293 967 instituta
1321 926 1617 967 ceremonialia?
1644 929 1756 968 huius
1784 929 1958 979 generis,
1984 929 2114 967 Exodi
2136 942 2194 968 12·

261 981 408 1030 aliquot
445 981 623 1029 exempla
650 987 800 1031 extant,
831 982 920 1019 cum
947 982 1096 1019 Pascha
1124 981 1278 1020 Iudaeis
1306 981 1539 1032 imperatum
1567 981 1823 1032 singularibus
1850 982 1889 1020 in
1917 981 2012 1019 illud
2040 989 2192 1032 tempus

261 1033 492 1072 ceremoniis
520 1033 751 1071 instructum
779 1041 857 1084 est,
884 1041 925 1072 vt
953 1035 1044 1072 cum
1072 1033 1273 1084 speciatim
1303 1047 1380 1073 vno
1408 1047 1523 1074 versu
1538 1034 1699 1086 dicitur,
1719 1037 1778 1073 Ita
1792 1033 1988 1074 comedite
2002 1036 2194 1084 pecudem

261 1087 367 1124 illam
395 1086 537 1125 lumbis
565 1086 700 1124 vestris
729 1087 957 1137 succinctis,
987 1087 1260 1126 calceamentis
1286 1087 1421 1126 vestris
1451 1089 1502 1126 ad
1528 1089 1649 1137 pedes
1663 1094 1835 1137 vestros,
1860 1088 2051 1126 &baculo
2065 1094 2194 1126 vestro

265 1139 304 1177 in
332 1152 450 1177 manu
478 1145 625 1178 vestra:
657 1142 692 1177 ἃ
720 1140 936 1178 comedetis
963 1153 1049 1178 eam
1064 1152 1153 1178 cum
1168 1140 1427 1179 festinatione.
1455 1142 1583 1179 Exest.
1604 1154 1662 1183 12.
1684 1154 1743 1181 11.
1771 1141 1926 1180 Etenim
1941 1141 2014 1179 hae
2029 1147 2195 1189 quatuor

263 1191 558 1231 obseruationes
599 1191 699 1230 illius
741 1193 928 1243 temporis
969 1195 1122 1231 fuerunt
1149 1194 1297 1243 solum,
1330 1205 1457 1243 neque
1486 1194 1524 1232 in
1553 1195 1776 1244 exemplum
1803 1201 1893 1244 post
1920 1193 2016 1231 illud
2041 1200 2195 1243 tempus

263 1257 454 1296 vnquam,
482 1251 547 1283 aut
575 1244 614 1282 in
642 1246 769 1295 legem
799 1246 997 1296 publicam
1026 1248 1049 1283 a
1076 1246 1229 1284 Iudaeis
1257 1253 1403 1285 tractae
1431 1254 1533 1286 sunt.
1560 1249 1689 1297 Atque
1704 1247 1802 1285 haec
1816 1247 1880 1285 illa
1894 1257 2012 1284 causa
2026 1253 2101 1296 est,
2126 1258 2196 1284 cur

263 1300 483 1348 exemplum
515 1298 610 1348 legis
638 1298 755 1348 illius,
784 1306 826 1337 vt
854 1298 1050 1349 paulisper
1076 1299 1300 1349 duraturae,
1328 1300 1534 1339 maluimus
1561 1300 1600 1338 in
1616 1301 1722 1338 hunc
1736 1301 1868 1338 locum
1884 1299 2055 1350 adferre,
2078 1301 2194 1348 quam

260 1351 334 1389 alia
362 1352 540 1400 exempla
567 1352 717 1401 legum,
746 1363 844 1400 quae
873 1351 1157 1391 diuturniorem
1185 1352 1458 1391 auctoritatem
1488 1353 1527 1391 in
1550 1355 1699 1403 populo
1714 1352 1789 1391 Dei
1803 1354 2039 1391 habuerunt:
2065 1360 2106 1390 vt
2120 1353 2196 1390 hoc

259 1405 440 1453 exemplo
468 1404 566 1442 ratio
597 1405 870 1443 mutandarum
898 1404 1209 1444 ceremoniarum
1238 1406 1345 1443 fieret
1373 1405 1603 1445 euidentior.
1632 1408 1739 1445 Deus
1767 1405 1870 1444 enim
1902 1412 1986 1443 tum
2000 1404 2192 1455 principio

259 1457 326 1495 illo
364 1457 483 1495 altare
520 1463 689 1495 terreum
718 1458 797 1496 fieri
825 1457 898 1496 sibi
927 1457 1054 1496 iussit:
1085 1469 1154 1496 cur
1182 1460 1318 1507 postea
1344 1456 1539 1508 ligneum?
1568 1459 1641 1497 nisi
1669 1466 1709 1497 vt
1739 1466 1907 1497 terreum
1935 1457 2194 1508 intelligamus

259 1510 297 1547 in
326 1516 587 1560 antecessum,
616 1509 697 1547 siue
721 1523 790 1560 per
814 1510 1079 1560 prouisionem
1095 1514 1152 1560 (vt
1165 1512 1391 1560 loquuntur)
1415 1512 1530 1550 fuisse
1556 1513 1721 1561 factum,
1746 1512 1875 1550 donec
1891 1512 2015 1549 cultus
2030 1510 2194 1560 amplius

262 1562 495 1612 perscriptus
526 1563 561 1599 δε
590 1562 769 1601 definitus
797 1561 919 1602 esset?
946 1567 1035 1612 post
1062 1565 1170 1601 Deus
1197 1565 1316 1602 altare
1343 1564 1515 1614 ligneum
1545 1565 1742 1603 mandauit
1767 1564 1839 1603 sibi
1861 1564 1963 1615 fieri,
1985 1564 2113 1602 Exodi
2128 1577 2191 1613 30.

262 1617 298 1653 ἃ
325 1616 541 1653 obductum
568 1628 673 1653 aere:
703 1618 878 1666 Itemque
911 1617 1039 1654 lacum
1068 1629 1188 1654 vnum
1215 1617 1391 1655 lauandis
1419 1617 1702 1656 sacerdotibus:
1732 1629 1801 1655 cur
1815 1619 1951 1667 postea
1964 1618 2083 1654 altare
2098 1628 2192 1655 auro

263 1669 497 1718 obductum,
525 1669 636 1717 plura
663 1670 816 1719 altaria,
845 1671 880 1708 δι
908 1671 1017 1707 labra
1043 1669 1202 1707 lotionis
1231 1681 1364 1720 causa,
1393 1671 1428 1707 δε
1457 1671 1530 1708 alia
1556 1670 1747 1709 eiusmodi
1774 1673 1797 1708 a
1827 1671 2034 1708 Selomone
2059 1677 2193 1708 curata

264 1719 375 1759 sunt?
421 1734 453 1758 2.
485 1721 604 1760 Chro,
632 1734 670 1768 4.
698 1721 770 1760 nisi
797 1729 838 1760 vt
863 1722 1123 1772 intelligamus
1151 1722 1408 1761 ceremoniale
1436 1722 1651 1762 institutum
1665 1723 1761 1761 illud
1775 1723 1826 1760 ad
1840 1724 2016 1772 rempub.
2045 1723 2191 1760 Israeli-

264 1782 390 1812 tarum
416 1773 601 1824 tantisper
627 1773 843 1825 attinuisse,
873 1776 967 1814 dum
995 1781 1100 1813 certa
1128 1775 1218 1814 sede
1246 1777 1281 1814 δι
1310 1776 1432 1814 domo
1456 1776 1612 1815 carebat
1627 1774 1756 1816 Deus?
1784 1777 1846 1814 De
1859 1775 1942 1814 aliis
1960 1775 2192 1814 ceremoniis

260 1826 447 1865 iudicium
474 1827 590 1866 idern.
616 1828 718 1866 Nam
747 1827 904 1867 obiecta
931 1827 1015 1879 illa,
1044 1828 1093 1867 de
1121 1827 1261 1878 quibus
1288 1829 1350 1867 lex
1377 1828 1498 1880 cauit,
1526 1842 1598 1879 pro
1626 1827 1853 1868 conditione
1880 1828 2016 1879 populi
2046 1828 2192 1867 Israeli-

262 1887 388 1918 tarum
415 1879 660 1919 variauerunt
689 1880 1034 1931 quamplurimum.

313 1932 410 1971 Fine
437 1940 566 1972 autem
595 1933 870 1972 ceremonialia
895 1936 1049 1973 fuerunt
1075 1933 1264 1984 instituta,
1293 1935 1383 1972 cum
1411 1933 1485 1972 alia
1507 1934 1660 1984 omnia,
1685 1941 1768 1973 tum
1782 1946 1829 1973 ea
1843 1933 2014 1973 maxime
2028 1945 2127 1984 quae
2141 1934 2192 1972 ad

261 1986 505 2036 figurandum
535 1985 751 2037 Christum,
774 2000 1002 2037 personam,
1024 1987 1218 2037 actiones,
1243 1987 1390 2037 officia,
1414 1987 1682 2038 beneficiaque
1705 1987 1786 2026 eius
1802 1986 1896 2026 olim
1910 1986 2193 2037 pertinuerunt,

261 2045 303 2076 vt
329 2039 496 2089 exempli
522 2051 660 2089 causa,
691 2040 780 2078 cum
809 2042 917 2078 Deus
943 2040 1167 2090 mandaret,
1195 2041 1391 2079 sanctifica
1419 2040 1514 2078 mihi
1530 2040 1852 2092 primogenitum,
1871 2040 2001 2079 Exodi
2020 2053 2079 2089 13.
2106 2040 2194 2078 Fuit

263 2092 422 2140 quidem
464 2091 549 2130 finis
590 2092 653 2130 ille
689 2093 909 2131 communis
945 2093 995 2131 ad
1023 2093 1201 2132 ordinem
1228 2092 1378 2143 priscae
1404 2093 1604 2132 Ecclesiae
1632 2093 1851 2144 pertinens,
1879 2100 1920 2131 vt
1945 2092 2192 2143 primogeniti

262 2146 350 2183 Deo
379 2145 606 2183 sanctificati
632 2146 778 2184 cultum
806 2145 924 2196 ipsius
951 2146 991 2184 in
1018 2145 1170 2184 familiis
1199 2146 1358 2196 singulis
1384 2153 1630 2197 exercerent,
1659 2148 1695 2185 &
1718 2145 1981 2184 ministrarent
1995 2145 2189 2184 Domino:

264 2198 372 2246 quod
400 2197 573 2236 officium
600 2210 719 2248 penes
746 2198 1027 2249 primogenitos
1056 2212 1103 2238 eo
1131 2211 1253 2248 vsque
1268 2199 1511 2249 perdurauit,
1536 2200 1629 2238 dum
1643 2199 1803 2238 Leuitae
1817 2199 1856 2237 in
1871 2200 2002 2237 locum
2018 2197 2190 2248 ipsorum

263 2249 446 2300 singulari
486 2251 561 2289 Dei
588 2251 828 2291 institutione
856 2251 1149 2303 successissent,
1178 2258 1219 2290 vt
1247 2259 1404 2291 cautum
1432 2259 1489 2292 est
1516 2254 1620 2303 lege,
1649 2253 1911 2291 Numerorum
1943 2264 1979 2300 3.
2022 2251 2100 2290 Sed
2127 2250 2191 2289 ille

262 2304 442 2353 proprius
470 2303 555 2342 finis
583 2304 632 2343 ad
661 2304 802 2343 Christi
830 2306 1043 2343 aduentum
1071 2315 1193 2355 vsque
1220 2304 1463 2355 perdurauit,
1492 2305 1753 2344 sanctificatos
1781 2304 1895 2343 fuisse
1910 2304 2190 2354 primogenitos

261 2356 455 2407 Domino,
485 2363 525 2394 vt
551 2356 590 2395 in
621 2356 698 2395 suis
727 2357 877 2396 familiis
907 2357 1046 2408 singuli
1075 2358 1156 2408 typi
1184 2365 1311 2397 essent
1339 2357 1501 2407 Christi,
1523 2362 1689 2408 eumque
1703 2357 1919 2396 Dominum
1933 2364 2132 2406 nostrum,
2155 2358 2191 2395 &

259 2409 563 2459 primogenitum
592 2409 691 2448 inter
721 2412 864 2449 multos
893 2412 1026 2449 fratres
1055 2412 1129 2449 hac
1157 2410 1462 2450 sanctificatione
1485 2411 1617 2449 diuina
1631 2411 1921 2449 adumbrarent.
1949 2412 2079 2459 Atque
2094 2410 2191 2447 haec

258 2461 417 2511 quidem
446 2463 495 2500 de
523 2463 847 2502 ceremonialibus
875 2463 1056 2502 institutis
1084 2463 1193 2514 satis,
1221 2475 1321 2513 quae
1349 2465 1566 2503 secundum
1589 2464 1794 2503 essentiam
1820 2464 1882 2501 vel
1897 2462 2066 2513 speeiem
2080 2473 2190 2501 suam

258 2514 432 2564 ipsorum
461 2515 598 2554 merito
628 2515 903 2555 ceremonialia
932 2516 1009 2555 dici
1038 2524 1217 2566 possunt.

309 2568 375 2605 Ad
402 2579 523 2618 genus
550 2570 714 2606 alterum
743 2575 1001 2620 transeamus,
1030 2570 1138 2618 quod
1167 2569 1463 2609 circumstantiis
1491 2568 1749 2609 ceremoniale
1778 2576 1846 2609 est.
1891 2570 1931 2606 T
1926 2569 2005 2607 hes.
2033 2581 2096 2617 34.
2127 2569 2192 2606 De

259 2622 553 2659 circumstantiis
581 2634 674 2669 ergo
703 2623 1014 2660 ceremmzialtbus
1042 2624 1221 2660 miletuna
1249 2624 1344 2660 idem
1357 2624 1459 2672 fieri
1474 2635 1618 2660 necesse
1633 2628 1707 2672 est,
1731 2625 1812 2660 siue
1828 2623 1884 2660 ad
1893 2622 2048 2672 speciem
2065 2622 2188 2671 ipsam

259 2675 542 2711 cercmom'alcm
570 2676 764 2725 accidant,
793 2677 872 2712 siue
899 2677 1005 2726 zspsae
1023 2682 1103 2726 per
1125 2689 1163 2713 se
1184 2677 1416 2714 constituant
1434 2677 1589 2727 speciem
1605 2678 1859 2713 ceremoniae:
1882 2680 1923 2713 vt
1934 2676 2016 2712 ciam
2034 2674 2187 2722 dz‘citur,

260 2727 356 2763 Nou
374 2726 504 2774 facies
532 2729 646 2765 vllam
674 2734 769 2778 opus
786 2729 825 2765 in
840 2730 898 2765 die
912 2729 1099 2766 sabbathi.
1129 2728 1518 2767 Circumstantiarum
1533 2728 1635 2766 enim
1652 2735 1691 2766 vt
1706 2727 1745 2766 in
1760 2728 1874 2767 rebus
1889 2726 1988 2774 aliis,
2004 2726 2056 2764 ita
2070 2725 2184 2783 etiam

2148 2791 2187 2816 1n
