2334 3020
224 84 298 127 4⁴58
920 89 1191 115 E1REN1c1
1236 90 1378 116 PARs
1420 90 1446 116 1.

216 197 256 235 id
285 209 436 245 semper
464 194 654 244 cogitent,
685 208 764 233 non
792 194 1069 244 persequendis
1098 194 1263 242 iniuriis5
1293 195 1363 233 sed
1392 194 1560 233 ferendis
1589 195 1747 244 probari
1772 195 2026 235 ministerium
2041 209 2167 236 suum.

215 250 333 288 Cuius
375 249 626 297 probationes
656 247 802 297 optime
830 247 1114 285 demonstrauit
1141 249 1282 285 Paulus
1311 247 1469 296 dicens,
1501 262 1535 286 2.
1564 248 1655 287 Cor.
1687 250 1722 286 6.
1754 262 1789 297 3.
1819 250 1891 287 &c.
1930 251 2092 288 Nullam
2120 250 2160 288 in

215 316 255 340 re
300 303 374 339 vlla
415 303 644 350 praebentes
687 300 965 349 offensionem„
1010 313 1059 338 ne
1101 300 1340 350 vituperetur
1383 300 1664 339 ministerium:
1708 303 1777 339 sed
1809 301 1846 339 in
1876 303 2058 341 omnibus
2089 316 2162 341 nos

217 355 481 405 approbantes
510 361 549 391 vt
576 355 650 391 Dei
680 354 894 402 ministros7
924 353 1129 391 tolerantia
1157 355 1278 392 multa
1305 353 1344 391 in
1372 354 1669 404 afflictionibus⁷
1711 355 1750 392 in
1778 355 2093 404 neces-sitatibus,
2123 355 2161 394 in

218 407 426 457 angustiisq
456 407 495 444 in
526 406 775 454 verberibus„
805 407 842 444 in
873 407 1112 455 carceribus„
1141 406 1180 444 in
1209 406 1551 456 exagitationibus„
1595 409 1666 446 &c.
1697 420 1797 457 quae
1826 407 1889 446 ille
1918 408 2162 447 fidelissimus

214 461 384 498 imitator
413 459 556 498 Christi
584 473 654 497 nos
687 460 808 498 voluit
837 467 953 509 atque
984 459 1186 498 mandauit
1213 459 1364 497 imitari.
1394 461 1745 509 Tempore&loco
1761 462 1989 510 responderi
2003 473 2160 511 quoque

217 513 410 550 interdum
454 520 637 561 oportere
679 515 768 550 ante
811 513 1069 562 agnouimus:
1111 513 1180 551 sed
1222 512 1450 550 incredibile
1479 520 1536 550 est
1564 521 1752 562 quantum
1781 515 1959 552 fallamur
1987 514 2159 564 iudiciis,

217 568 307 604 cum
336 566 384 603 ‹le
413 565 457 604 iis
486 565 784 604 circumstantiis
813 565 1028 604 videndum
1058 572 1126 604 est.
1170 567 1247 603 Det
1276 565 1436 615 singulis
1465 566 1713 615 prudentiam
1742 567 2051 617 charitatemque
2081 569 2159 605 Do·

217 618 355 656 minus.
384 620 433 656 Et
462 621 585 667 certe,
616 620 705 656 cum
734 619 924 657 rationem
956 618 1156 656 Ecclesiae
1185 618 1279 666 Dei„
1308 625 1424 668 prout
1452 631 1556 656 nunc
1584 632 1625 657 se
1653 620 1789 667 habet,
1817 619 1973 670 cogito:
2017 633 2161 670 corpus

217 672 269 709 ita
302 671 439 709 misere
467 673 649 709 affectum
679 681 755 718 esta
784 680 825 709 vt
852 672 891 710 in
921 672 1115 721 plerisque
1143 671 1243 709 illius
1273 671 1381 709 malis
1409 671 1504 709 nihil
1536 671 1657 722 magis
1687 671 1949 721 periculosum
1966 673 2160 722 iudicem,

217 727 334 774 quam
375 724 622 762 immaturam
650 724 897 763 medicinam.
939 726 989 762 Et
1017 733 1148 762 tamen
1177 726 1255 762 hoc
1287 737 1404 762 vnum
1433 727 1456 762 a
1483 725 1676 774 plerisque
1695 725 1846 763 videtur
1861 739 1942 775 agi,
1974 733 2014 764 vt
2030 738 2161 775 quern-

217 777 435 815 admodum
480 777 583 826 apud
626 778 788 826 Scythas
830 779 924 816 olim
954 779 989 815 &
1017 777 1259 826 Babylonios
1288 791 1356 827 per
1385 777 1559 827 compita
1586 778 1755 827 aegrotis
1780 780 2074 824 consulebatur,
2105 786 2163 817 tot

219 831 293 868 sint
321 830 518 868 Ecclesiae
547 830 709 871 medici„
745 838 842 880 quot
867 831 1034 869 viatores
1062 831 1113 868 ad
1140 831 1384 868 salutandam
1413 830 1537 880 ipsam
1565 831 1855 880 quamprimum
1872 831 2078 870 accessuri.
2106 832 2159 870 ita

219 885 449 932 plerumque
491 884 637 932 euenit3
679 891 720 921 vt
748 884 856 932 quod
885 884 967 922 (lies
995 891 1174 921 curatura
1204 891 1327 933 esset7
1357 884 1417 921 vel
1446 884 1576 933 potius
1604 884 1679 922 Dei
1707 884 1830 934 gratia
1858 897 2042 923 successu
2070 893 2164 923 tem-

220 936 343 986 poris;
388 937 426 974 id
469 937 605 986 hodie⁸>
649 938 732 974 Deo
763 937 882 984 irato,
911 938 962 974 ad
991 939 1117 975 solum
1146 945 1348 986 aspectum
1379 937 1540 974 velimus
1569 945 1746 974 curatum
1776 950 1878 984 esse,
1911 940 1970 976 vel
1999 938 2050 976 ad
2079 951 2160 976 cre-

220 990 343 1038 piturn
385 989 595 1038 digitorum
639 997 887 1027 nostrorum:
930 993 964 1028 &
1010 990 1115 1039 quod
1160 990 1291 1039 quiete
1334 997 1466 1039 posset
1494 1003 1797 1036 consanescere„
1827 991 1866 1028 id
1895 991 2163 1029 commotione

220 1043 492 1092 intempestiua
521 1044 822 1089 conturbemus;
864 1050 1050 1092 tanquam
1082 1044 1208 1092 prauis
1238 1043 1466 1081 humoribus
1495 1042 1534 1080 in
1562 1056 1729 1092 corpore
1760 1044 1958 1081 Ecclesiae
1985 1043 2159 1093 irritatis,

220 1108 319 1145 quos
343 1095 406 1133 die
430 1098 463 1133 δι
480 1095 609 1145 quiete
625 1097 838 1133 commoda
854 1096 1015 1145 Spiritus
1032 1096 1175 1134 Christi
1191 1104 1392 1134 curaturus
1409 1103 1465 1133 est
1480 1097 1599 1134 solus.
1627 1098 1757 1145 Atque
1772 1097 1870 1134 haec
1886 1096 2044 1145 quidem
2062 1098 2163 1135 mala

221 1150 312 1186 011111
341 1149 378 1186 111
409 1150 514 1186 1111110
541 1150 672 1186 10011111
701 1149 853 1197 adfero„
883 1149 1028 1186 nemini
1056 1149 1258 1198 speciatim
1288 1148 1538 1186 maledictum
1569 1150 1673 1187 volo.
1703 1150 1803 1187 Nam
1835 1151 1940 1188 Deus
1970 1149 2076 1188 testis
2104 1157 2161 1188 est

222 1215 285 1239 me
314 1202 363 1239 de
391 1201 592 1251 singularis
622 1202 850 1251 cuiusquam
879 1201 1067 1249 11011111115
1098 1214 1214 1251 quem
1245 1202 1403 1251 quidem
1433 1202 1611 1239 nouerim
1642 1204 1718 1240 hoc
1746 1210 1940 1251 tempore
1984 1203 2159 1241 notando

221 1256 326 1292 facto
365 1254 523 1293 minime
551 1254 749 1304 cogitare:
792 1257 860 1293 sed
889 1255 1020 1293 licebit
1049 1233 1143 1292 1111111
1171 1269 1240 1304 per
1271 1258 1397 1293 bonos
1426 1257 1576 1304 (spero)
1605 1255 1746 1293 deflere
1775 1256 1933 1305 publica
1960 1256 2161 1294 Ecclesiae

223 1309 343 1355 mala
374 1307 550 1345 omnium
576 1320 806 1346 communes
834 1310 986 1367 culpas
1015 1310 1050 1346 δι
1080 1321 1184 1346 meas
1213 1320 1371 1357 quoque
1395 1308 1542 1367 ipsius:
1572 1308 1638 1357 qui
1663 1321 1734 1346 nos
1760 1320 1898 1347 omnes
1927 1311 1962 1347 &
1990 1309 2164 1358 singulos

222 1368 300 1397 tarn
330 1361 457 1398 multis
487 1361 769 1410 intempestiuis
797 1364 832 1400 δι
860 1361 1091 1411 importunis
1121 1361 1288 1399 dissidiis
1316 1361 1524 1399 iustissimo
1555 1361 1627 1399 Dei
1657 1361 1802 1399 iudicio
1831 1362 2164 1410 acerbissimoque

222 1427 396 1462 agnosco
435 1414 630 1462 flagellari.
673 1414 924 1464 Quapropter
954 1415 1146 1464 deprecor
1175 1414 1269 1451 iram
1300 1415 1528 1464 flagellaque
1556 1415 1629 1452 Dei
1659 1415 1860 1452 communi
1889 1427 2006 1453 causa
2032 1416 2166 1453 Eccle-

222 1467 318 1513 siae,
347 1468 382 1504 &
415 1480 500 1504 mea
531 1480 599 1516 per
628 1467 850 1505 Christum:
881 1481 997 1505 orans
1020 1467 1234 1505 Dominum
1265 1469 1394 1505 Deum
1423 1475 1598 1505 nostrum
1629 1469 1663 1505 δι
1692 1474 1841 1517 patrem
1863 1467 2026 1505 Domini
2041 1467 2163 1505 nostri

222 1521 310 1557 Iesu
351 1520 515 1564 Christi„
559 1527 598 1557 vt
639 1520 880 1569 singulorum
911 1528 1059 1558 mentes
1089 1521 1278 1558 illuminet
1307 1520 1343 1557 in
1374 1521 1555 1562 veritate„
1587 1521 1708 1558 corda
1736 1521 1928 1558 accendat
1956 1521 2162 1569 charitate,

223 1575 258 1610 ἃ
300 1573 431 1610 omnia
472 1573 585 1610 simul
626 1581 734 1622 regat
775 1574 825 1610 ad
864 1575 978 1611 finem
1009 1573 1115 1623 pacis
1144 1573 1181 1610 in
1213 1574 1356 1611 vnitate
1386 1573 1547 1622 Spiritus
1575 1573 1848 1613 obtinendum.
1876 1573 2029 1612 Deinde
2060 1576 2152 1613 vero

224 1625 315 1674 quia
344 1639 416 1663 nos
445 1635 578 1663 monet
607 1628 750 1663 Psaltes
783 1628 945 1664 thronos
980 1627 1054 1664 Dei
1080 1626 1178 1664 inter
1206 1626 1386 1663 homines
1415 1626 1464 1663 ad
1493 1628 1597 1664 hunc
1625 1626 1752 1675 ipsum
1782 1628 1899 1664 finem
1928 1626 2161 1665 constitutos

223 1691 328 1721 esse5
373 1688 410 1716 vt
453 1678 593 1727 singuli
635 1679 702 1727 qui
744 1693 882 1728 pacem
927 1679 1128 1717 Ecclesiae
1157 1679 1394 1729 expetimusq
1426 1681 1476 1717 ab
1505 1679 1578 1717 illis
1608 1679 1757 1718 thronis
1787 1679 1883 1717 iusta
1909 1692 2163 1728 assequamur

223 1731 447 1769 adiumenta
475 1731 581 1780 pacis
609 1734 643 1770 δι
672 1732 955 1781 prosperitatis:
987 1745 1055 1770 vos
1084 1734 1259 1782 appello5
1287 1732 1312 1771 ὃ
1342 1732 1443 1770 serui
1472 1732 1565 1781 Dei³
1597 1732 1663 1781 qui
1691 1745 1738 1770 ex
1764 1733 1895 1770 animo
1911 1733 1961 1770 ad
1976 1734 2161 1770 thronum

224 1784 460 1833 spiritualem
503 1784 647 1822 Christi
688 1785 726 1822 in
769 1785 944 1823 Ecclesia
984 1785 1263 1835 procumbitis..
1306 1786 1341 1823 &
1384 1787 1407 1823 a
1437 1787 1522 1823 Deo
1552 1785 1710 1823 hauritis
1740 1785 1920 1834 mysteria
1950 1786 2096 1835 gratiae
2125 1788 2160 1824 &

223 1837 390 1886 gloriae
433 1851 553 1886 quam
594 1839 701 1875 Deus
736 1838 961 1876 timentibus
989 1853 1030 1876 se
1060 1838 1327 1897 praeparauit:
1358 1852 1428 1876 vos
1457 1838 1548 1876 item
1578 1840 1757 1896 appello
1787 1839 1811 1877 ὃ
1840 1838 1942 1877 serui
1970 1839 2066 1888 Dei,
2095 1839 2161 1888 qui

223 1904 268 1928 ex
312 1891 442 1928 officio
485 1891 535 1927 ad
577 1893 760 1928 thronum
803 1891 956 1929 ciuilem
992 1891 1029 1929 in
1072 1891 1258 1929 societate
1296 1892 1464 1929 humma
1493 1890 1619 1929 euecti
1647 1891 1755 1939 estis
1789 1898 1827 1929 vt
1854 1891 1995 1941 regatis
2024 1905 2091 1930 eos
2122 1892 2161 1930 in

222 1956 319 1993 pace
349 1956 448 1992 quos
478 1943 567 1981 fidei
601 1952 746 1982 vestrae
774 1943 970 1982 commisit
1000 1946 1128 1982 Deus:
1162 1944 1340 2002 Expetite
1357 1958 1427 1982 vos
1443 1956 1601 1993 quoque
1617 1958 1756 1993 pacem
1773 1944 2162 2004 Hierosolymorum.

224 2004 355 2034 curate
399 2005 436 2033 vt
468 2004 642 2034 amantes
672 1997 871 2035 Ecclesiae
902 1999 1076 2035 fruantur
1106 1997 1383 2047 prosperitate
1413 2005 1453 2034 vt
1481 2010 1557 2046 pax
1585 1997 1631 2034 sit
1660 1998 1962 2046 praemunitioni
1990 1999 2025 2035 δι
2054 2011 2162 2046 pros-

222 2049 364 2108 peritas
406 2049 556 2098 palatiis
598 2050 702 2087 eius:
747 2051 859 2088 facite
903 2058 941 2088 vt
968 2051 1034 2100 qui
1063 2064 1144 2088 non
1171 2060 1259 2088 sunt
1286 2051 1472 2088 aduersus
1503 2051 1627 2093 illam,
1660 2063 1730 2099 pro
1759 2050 1824 2088 illa
1852 2052 2089 2098 habeantur
2119 2052 2154 2088 &

223 2102 262 2140 in
296 2102 378 2140 dies
417 2103 470 2140 illi
499 2103 760 2150 adiungantur
788 2105 838 2141 ad
870 2103 987 2141 vitam
1018 2112 1216 2142 aeternam
1246 2116 1313 2152 per
1342 2103 1473 2141 salutis
1503 2105 1677 2141 verbum.
1720 2106 1822 2141 Nam
1852 2103 1883 2141 si
1911 2105 1988 2142 hoc
2019 2103 2160 2153 cuique

224 2156 274 2193 de
317 2158 486 2204 populo,
530 2158 651 2193 multo
695 2157 816 2205 tnagis
858 2157 998 2205 cuique
1041 2158 1089 2194 de
1131 2168 1295 2194 numero
1324 2164 1454 2194 vestro
1484 2165 1735 2205 praeceptum
1758 2164 1833 2203 estq
1865 2158 1899 2194 δι
1933 2156 2158 2206 impositum

222 2209 299 2245 hoc
343 2221 482 2246 munus
521 2211 544 2245 a
586 2209 774 2246 Domino.
817 2209 1055 2258 Experimini
1097 2209 1226 2258 itaque
1270 2209 1408 2258 singuli
1437 2221 1526 2246 cum
1555 2209 1693 2246 animis
1724 2209 1858 2247 vestris
1885 2223 2024 2259 pacem
2054 2209 2159 2247 illam

224 2261 384 2298 Domini
427 2261 699 2299 laetificantem
742 2262 1000 2300 conscientias
1043 2270 1205 2300 vestras:
1252 2270 1457 2311 procurate
1501 2270 1538 2299 vt
1567 2270 1718 2299 vestrae
1747 2262 1847 2300 illius
1878 2263 1982 2312 pacis
2013 2264 2160 2300 fructus

224 2314 339 2351 etiam
370 2315 558 2363 procedat
588 2316 690 2352 foras
718 2316 767 2352 ad
797 2329 864 2353 eos
893 2315 929 2353 in
960 2328 1126 2365 quorum
1156 2315 1379 2353 societatem
1409 2328 1478 2353 vos
1506 2314 1668 2352 adduxit
1697 2317 1816 2353 Deus.

277 2368 529 2415 Studeamusq
573 2367 596 2405 ὃ
640 2370 770 2405 fratres
814 2368 1072 2411 dilectissimi„
1114 2376 1152 2406 vt
1194 2381 1332 2418 pacem
1371 2367 1530 2406 Domini
1560 2381 1713 2416 semper
1742 2369 1978 2417 cogitemus,
2008 2381 2161 2417 semper

222 2420 441 2469 cupiamus,
481 2433 634 2469 semper
671 2421 854 2459 omnibus
893 2423 1166 2467 ostendamus5
1202 2434 1356 2470 semper
1393 2422 1590 2466 colamus„
1629 2424 1860 2470 semperque
1903 2422 2160 2459 defendamus

219 2476 393 2517 strenue„
437 2474 525 2510 cum
570 2473 834 2511 aduersarium
866 2474 971 2523 pacis
1003 2474 1177 2512 videmus
1211 2473 1367 2512 minime
1397 2474 1605 2515 otiantem,
1636 2474 1705 2511 sed
1734 2474 1814 2511 dies
1844 2475 1878 2511 &
1907 2481 2044 2512 noctes
2072 2473 2159 2511 insi-

218 2525 389 2562 diantem
419 2537 483 2562 aut
515 2534 764 2574 appetentem
790 2540 933 2576 corpus
962 2527 1056 2564 illud
1087 2528 1231 2565 Christi
1259 2528 1367 2576 quod
1399 2528 1448 2564 ad
1465 2540 1601 2576 pacem
1618 2526 1655 2564 in
1675 2527 2160 2565 veritate&sanctimonia

222 2588 405 2615 vocatum
435 2586 504 2616 est.
534 2579 686 2616 lnuenit
716 2579 875 2627 quidem
905 2580 1146 2617 aduersarius
1174 2579 1237 2617 ille
1265 2580 1314 2617 ad
1344 2593 1481 2629 pacem
1496 2580 1694 2617 Ecclesiae
1709 2581 2016 2629 oppugnandum
2033 2593 2158 2617 armo-

221 2643 307 2668 rum
338 2633 421 2678 plus
463 2632 552 2669 satis
586 2633 702 2679 (proh
745 2633 875 2679 dolor)
920 2633 956 2669 in
987 2633 1163 2670 Ecclesia
1191 2634 1272 2681 ipsa
1301 2635 1335 2670 &
1370 2632 1554 2670 membris
1584 2632 1743 2679 singulis
1774 2633 1910 2682 ipsius7
1941 2632 2092 2678 ouibus,
2121 2632 2156 2669 δε

224 2684 459 2732 pastoribus.
492 2685 767 2722 mortificemus
795 2699 888 2734 ergo
921 2695 1087 2723 veterem
1119 2686 1224 2722 illurn
1256 2686 1476 2731 hominem,
1519 2685 1796 2723 mortificemus
1827 2687 2001 2723 membra
2029 2685 2154 2723 carnis

225 2744 381 2774 nostrae
411 2738 494 2785 paci
527 2737 576 2774 illi
608 2737 763 2774 caelesti
792 2738 1067 2788 aduersantia,
1096 2740 1131 2776 &
1161 2751 1295 2776 omnes
1325 2739 1451 2776 aditus
1483 2737 1601 2775 veteri
1631 2738 1683 2775 illi
1711 2740 1900 2787 serpenti,
1929 2740 2044 2787 quam
2075 2737 2155 2774 dili-

1936 2798 2156 2841 genttssime
