2334 3020
780 106 846 132 DE
887 105 1033 132 VERA
1074 105 1429 133 TnEonoeiA.
2023 111 2069 148 77
2105 90 2109 93 ’

138 215 332 266 corruptis
372 213 579 253 vitiositate
615 212 751 263 ipsius,
786 223 886 261 quae
919 219 1050 251 tamen
1086 213 1192 251 dona
1219 212 1350 261 (etiam
1378 212 1417 251 in
1446 218 1547 250 statu
1575 212 1802 262 integritatis
1830 213 1948 266 illius)
1975 228 2073 255 nun-

138 281 276 328 quam,
317 268 389 306 nisi
429 266 621 306 efficiente
662 265 844 316 singulari
885 265 959 304 Dei
999 268 1035 304 &
1077 266 1358 325 supernaturali
1390 265 1533 317 gratia,
1568 266 1618 304 ad
1653 266 1848 317 fastigium
1876 268 2007 308 salutis
2036 272 2072 309 δι

138 321 285 373 gloriae
322 319 499 359 coelestis
533 318 734 357 hominem
763 318 999 358 extulissent.
1028 320 1182 357 fuerunt
1208 319 1336 368 itaque
1366 319 1405 357 in
1433 318 1509 357 isto
1537 319 1714 358 subiecto
1737 321 1951 359 secundum
1966 328 2073 361 natu-

138 388 220 413 ram
248 374 366 424 ipsius
395 385 464 411 sua
489 372 768 423 instrumenta,
794 372 846 410 ad
874 371 1097 422 disciplinas
1126 371 1394 422 percipiendas
1417 372 1647 418 commoda,
1674 373 1743 411 sed
1757 385 1857 422 quae
1871 385 2070 425 nunquam

137 440 219 466 non
247 427 493 466 subsiderent
520 425 570 463 de
596 425 713 463 rebus
741 424 999 474 naturalibus,
1027 431 1143 473 atque
1172 425 1210 463 in
1240 424 1293 464 eis
1321 424 1596 464 consisterent.
1614 425 1766 463 fuerunt
1781 439 1970 476 princ1p1a
1986 441 2072 487 par-

139 480 209 519 tim
237 491 351 518 sensu
373 484 563 538 ‘percepta
590 477 706 528 foris,
733 482 951 537 partimque
980 477 1194 516 intellectui
1216 484 1351 517 nostro
1367 477 1469 516 intus
1484 478 1736 516 adhaerentia
1750 485 1865 528 atque
1880 488 2070 530 lngenita

138 533 210 571 fuit
246 530 491 571 ratiocinatio
520 543 567 569 ex
594 530 667 569 illis
694 530 894 580 principiis
931 530 1188 590 cogitationes
1215 530 1420 590 colligens,
1449 543 1703 590 comparans,
1733 532 2072 584 constituensque:

138 587 292 624 fuerunt
319 583 594 623 conclusiones
625 586 659 622 &
687 583 1028 622 determinationes
1056 597 1103 622 ex
1131 583 1328 634 principiis
1357 590 1463 622 certa
1491 582 1787 622 ratiocinatione
1815 591 1972 624 erutae:
2003 587 2074 625 suit

137 637 306 687 denique
333 636 511 687 scientia3
541 637 610 675 sed
637 636 840 688 naturalis,
869 645 1041 686 terrena,
1069 636 1253 687 carnalis,
1283 639 1318 675 &
1346 637 1585 675 naturalibus
1614 637 1656 685 (f.
1689 639 1818 685 1402.)
1847 638 1977 677 modis
2005 639 2073 678 im-

136 689 424 741 perfectissimis
450 689 503 727 ita
531 689 760 739 constituta,
789 696 830 728 vt
857 689 908 728 ad
935 690 1030 728 nihil
1058 690 1368 739 supernaturale,
1397 690 1570 739 nihilque
1596 690 1812 740 perfectum
1834 699 2070 742 assurgeret3

135 756 182 782 ac
216 756 266 782 ne
293 755 408 782 sensu
435 742 596 792 quidem
623 743 702 781 vllo
730 743 949 781 afficeretur
982 743 1332 792 supernaturalium
1361 745 1396 781 δε
1424 743 1686 792 perfectarum
1713 753 1856 782 rerum.
1897 745 2074 795 Etenim,

135 803 177 834 vt
217 795 341 845 inquit
382 796 615 846 Apostolus,
657 795 833 834 animalis
865 796 987 834 homo
1022 808 1103 833 non
1131 801 1188 834 est
1215 807 1338 845 capax
1366 807 1523 846 eorum,
1552 806 1652 845 quae
1678 802 1767 834 sunt
1794 796 1947 846 spiritus
1975 797 2070 836 Dei:

138 855 227 888 sunt
253 847 357 887 enim
386 847 421 887 ei
450 847 628 897 stultitia,
657 861 730 886 nec
757 854 887 898 potest
918 861 964 886 ea
985 860 1238 898 cognoscere.
1271 861 1286 885 1
1310 848 1401 886 Cor.
1419 861 1453 886 2.
1474 861 1533 895 14.
1562 849 1856 900 Quamobrem,
1872 849 1966 899 quid
1981 851 2072 889 huic

137 901 304 940 termino
345 901 569 951 longissime
605 903 630 939 3
665 902 781 940 rebus
819 901 960 939 diuinis
994 900 1131 939 dissito
1168 912 1257 939 cum
1285 899 1529 939 sanctissima
1555 900 1619 939 illa
1636 901 1866 961 Theologia
1893 904 2071 943 absolute

137 952 266 993 dicta?
302 961 369 992 aut
401 953 496 1003 quid
532 953 769 993 castissimae
797 953 851 992 illi
877 953 1120 1004 Theologiae
1147 965 1237 991 cum
1264 952 1424 991 homine
1452 952 1713 1003 impurissimo
1743 957 1778 992 &
1806 955 2069 1007 ineptissimo,

136 1007 209 1046 nisi
249 1006 420 1057 optimus
462 1006 526 1045 ille
567 1008 603 1045 &
644 1006 824 1046 coelestis
865 1008 998 1057 Pater,
1034 1006 1101 1056 qui
1127 1006 1291 1044 modum
1319 1006 1670 1044 communicandae
1698 1007 1940 1058 Theologiae
1968 1008 2070 1047 illius

136 1061 316 1098 absolute
358 1059 485 1098 dictae
526 1059 860 1110 suppeditauerat,
900 1059 1005 1098 idem
1047 1058 1324 1109 gratiosissime
1353 1058 1517 1096 modum
1544 1059 1800 1109 applicandae
1828 1062 2072 1112 Theologiae

138 1113 354 1152 55511111111111
382 1112 477 1162 quid
505 1111 622 1151 nobis
649 1089 947 1151 concinnasset?

189 1167 321 1216 Atque
362 1165 426 1204 hic
457 1171 515 1203 est
549 1165 735 1203 terminus
770 1166 868 1203 alter
894 1164 946 1203 ad
969 1163 1260 1215 percipiendam
1282 1163 1548 1214 Theologiam
1577 1165 1794 1203 55511111111111
1821 1165 1923 1225 quid
1943 1180 2073 1206 neces-

137 1218 279 1269 sarius,
308 1231 425 1268 quern
453 1219 542 1256 ante
569 1217 793 1269 statuimus3
822 1217 1006 1256 nimirum
1034 1217 1176 1255 modus
1203 1216 1461 1267 applicandae
1489 1216 1633 1255 Vtiliter
1660 1217 1761 1256 illius
1789 1218 1994 1269 scientiae
2023 1221 2073 1258 ad

138 1272 334 1310 infirmum
374 1270 470 1309 illud
510 1270 770 1330 miserumque
784 1247 1053 1321 subiectum,
1095 1269 1145 1309 de
1180 1281 1259 1319 quo
1287 1268 1459 1308 breuiter
1487 1270 1607 1308 modo
1635 1272 1861 1320 agebamus.
1903 1273 2071 1311 Modum

136 1324 267 1383 itaque
294 1323 549 1374 applicandae
576 1323 676 1361 illius
699 1322 882 1362 scientiae
909 1322 1209 1372 perfectissimae
1237 1322 1288 1361 ad
1316 1321 1537 1361 subiectum
1563 1322 1667 1361 istud
1692 1323 2073 1385 imperfectissimum

137 1377 376 1416 constituens
415 1378 543 1435 Deus,
586 1389 657 1426 pro
685 1375 834 1414 infinita
860 1375 927 1414 illa
955 1388 1025 1415 sua
1053 1375 1321 1414 misericordia
1349 1375 1525 1414 diuinum
1555 1377 1689 1415 lumen
1717 1377 1898 1416 coelestis
1926 1378 2071 1428 gratiae

135 1429 312 1480 praebuit
339 1428 583 1476 hominibus,
612 1441 691 1478 quo
719 1442 789 1479 per
815 1428 998 1467 virtutem
1026 1427 1190 1479 Spiritus
1218 1427 1351 1468 omnia
1378 1428 1417 1466 in
1446 1428 1628 1468 omnibus
1656 1431 1883 1481 perficeret,
1908 1443 2007 1481 quae
2020 1433 2070 1470 ad

137 1484 344 1522 salutarem
378 1483 480 1520 hanc
514 1481 818 1531 applicationem
845 1482 1227 1532 praestationemque
1255 1489 1345 1520 sunt
1372 1482 1602 1521 necessaria.
1643 1484 1704 1521 Ac
1733 1490 1940 1533 propterea
1966 1484 2071 1534 quic-

137 1535 230 1586 quid
269 1535 308 1573 in
349 1541 486 1573 natura
526 1536 696 1573 humana
736 1542 794 1574 est
833 1535 885 1573 ad
921 1534 1215 1586 perceptionem
1251 1546 1382 1574 rerum
1415 1535 1701 1586 ingeneratum,
1730 1536 1770 1575 id
1797 1538 1905 1576 Deus
1930 1536 2070 1576 virtute

136 1588 299 1648 Spiritus
327 1587 385 1626 sui
412 1587 464 1626 ita
490 1587 719 1638 occupauit,
753 1595 795 1627 vt
822 1599 913 1626 cum
941 1588 1102 1648 singulis
1127 1595 1289 1627 naturae
1316 1587 1432 1627 bonis
1461 1589 1567 1627 dona
1593 1589 1756 1648 gratiae,
1786 1601 1886 1640 quae
1913 1603 2072 1650 respon-

134 1642 228 1680 dent
254 1640 363 1700 ipsis,
392 1639 648 1680 coniunxerit.
677 1643 780 1680 Nam
806 1640 1005 1701 principiis
1036 1641 1077 1681 in
1104 1641 1305 1680 intellectu
1331 1644 1355 1680 3
1382 1648 1521 1680 natura
1549 1641 1684 1691 positis
1699 1642 1955 1693 agglutinauit
1969 1643 2070 1694 prin-

135 1694 235 1745 cipia
263 1693 428 1744 gratiae:
457 1693 599 1733 rationi
627 1707 674 1733 ex
702 1694 900 1744 principiis
927 1702 1143 1745 assurgenti
1157 1702 1401 1733 incrementa
1418 1694 1574 1733 luminis
1588 1707 1646 1734 sul
1661 1695 1784 1734 d1u1n1
1798 1697 2071 1746 superstruxlt

134 1747 452 1786 conclusionibus
481 1749 516 1785 &
544 1747 947 1798 determinationibus,
975 1759 1070 1798 quas
1098 1748 1197 1786 ratio
1227 1755 1470 1807 consequuta
1492 1754 1551 1786 est
1564 1748 1900 1798 lmperfectisS1ma
1913 1757 2073 1789 naturae

132 1801 241 1852 luce,
269 1800 624 1839 demonstrationes
653 1802 964 1851 supernaturales
993 1808 1030 1840 et
1055 1800 1355 1852 perfectissimas
1384 1801 1670 1853 superaddidit,
1686 1815 1734 1840 ex
1749 1802 1890 1852 quibus
1911 1803 2073 1842 scientia

133 1853 313 1893 coelestis
352 1853 391 1892 in
438 1860 568 1892 mente
606 1853 762 1904 piorum
797 1854 1119 1893 constitueretur:
1154 1854 1325 1904 denique
1352 1861 1436 1893 tum
1464 1854 1620 1893 obiecta
1653 1855 1835 1894 caelestia
1869 1856 2074 1906 proposuit

134 1906 336 1946 sentienda
371 1906 492 1945 menti
526 1908 562 1945 &
602 1907 793 1945 voluntati
833 1914 990 1946 nostrae
1030 1907 1191 1947 coelesti
1228 1908 1371 1959 modo,
1405 1914 1488 1946 tum
1526 1908 1706 1946 eamdem
1743 1909 1985 1947 voluntatem
2022 1910 2074 1948 ad

132 1959 484 2010 apprehensionem
525 1959 774 1999 obiectorum
814 1960 970 1999 illorum
1012 1961 1208 2000 excitauit.
1251 1961 1308 1999 Hi
1348 1973 1443 2011 ergo
1481 1960 1561 1999 duo
1596 1960 1651 1999 illi
1686 1968 1774 1999 sunt
1802 1961 1930 2012 modi,
1971 1973 2071 2012 quos

136 2012 378 2063 singulariter
413 2011 662 2052 adhibendos
703 2026 784 2052 esse
825 2013 1014 2064 sapientia
1049 2014 1125 2053 Dei
1151 2013 1355 2064 iudicauit,
1383 2021 1537 2064 praeter
1565 2026 1629 2052 eas
1657 2027 1717 2052 res
1744 2025 1840 2064 quas
1868 2015 1918 2053 de
1945 2016 2072 2054 Theo-

136 2066 241 2116 logia
273 2066 449 2105 absolute
490 2066 595 2104 dicta
636 2066 906 2117 exposuimus3
945 2073 986 2106 vt
1019 2067 1239 2118 Theologia
1271 2068 1392 2106 altera
1419 2067 1543 2139 hacc,
1578 2079 1699 2126 quarn
1732 2068 1948 2106 secundum
1976 2068 2072 2117 quid

135 2119 396 2178 appellamus,
434 2119 644 2158 commode
671 2120 776 2169 apud
803 2119 982 2159 homines
1011 2120 1155 2160 versari
1181 2126 1333 2170 posset,
1362 2119 1431 2158 vti}
1434 2119 1582 2169 iterque
1609 2121 1660 2159 ab
1689 2119 1736 2158 iis
1764 2120 1925 2179 percipi.
1966 2120 2072 2160 Alio-

136 2172 229 2222 quin
265 2185 340 2211 nec
366 2171 584 2211 subiectum
612 2173 712 2211 adeo
739 2172 909 2211 alienum
937 2180 978 2211 vt
1005 2174 1128 2213 homo
1156 2181 1231 2224 est,
1262 2173 1394 2212 fuisset
1420 2174 1591 2211 futurum
1619 2173 1829 2223 sapientiae
1856 2173 1955 2213 illius
1984 2188 2072 2213 coe-

133 2224 237 2264 lestis
278 2237 421 2275 capax3
458 2238 532 2264 nec
565 2225 752 2276 sapientia
789 2226 967 2265 coelestis
993 2226 1156 2277 vestigio
1185 2228 1247 2266 vel
1272 2225 1499 2264 tenuissimo
1529 2226 1580 2264 ad
1606 2225 1785 2265 homines
1807 2234 1888 2265 tam
1915 2227 2070 2278 ineptos

134 2289 304 2328 vnquam
340 2285 585 2328 peruentura.
627 2278 699 2317 His
731 2278 885 2330 positis,
923 2291 1022 2329 quae
1050 2281 1101 2319 ad
1128 2280 1320 2318 rationem
1347 2279 1459 2317 huius
1486 2278 1730 2329 Theologiae
1757 2280 1807 2319 ab
1835 2280 1900 2318 illa
1930 2280 2070 2319 discer-

134 2331 304 2370 nendam
344 2330 560 2382 pertinent3
592 2331 805 2371 videndum
832 2332 949 2372 nobis
977 2339 1052 2384 est,
1079 2340 1121 2372 vt
1148 2333 1333 2382 deinceps
1364 2332 1502 2371 ordine
1531 2333 1580 2371 de
1607 2339 1770 2382 vtraque
1798 2346 1871 2383 pro
1895 2333 2069 2372 instituto

134 2391 269 2423 nostro
310 2383 507 2433 dicamus,
536 2395 637 2434 quae
664 2385 715 2423 ad
745 2398 830 2424 rem
856 2393 1114 2446 praesentem
1130 2386 1313 2425 videntur
1338 2384 1547 2445 pertinere.
1574 2385 1818 2436 Theologiae
1842 2385 1957 2436 igitur
1979 2399 2069 2425 nos-

133 2443 215 2475 trae
254 2437 432 2476 absolute
473 2437 602 2476 dictae
642 2438 909 2478 definitionem
949 2439 1143 2490 principio
1185 2438 1322 2489 capitis
1359 2438 1639 2488 expressimus,
1668 2450 1790 2489 genus
1816 2439 1916 2478 illius
1944 2444 2002 2486 (vt
2028 2439 2068 2478 in

130 2489 466 2539 antecedentibus)
503 2491 540 2528 &
573 2490 830 2531 differentiam
865 2505 935 2542 per
971 2504 1124 2531 caussas
1153 2497 1406 2542 exponentes.
1442 2493 1511 2530 Est
1539 2504 1681 2551 nempe
1708 2503 1829 2542 genus
1857 2494 2065 2544 sapi'entza3

135 2545 171 2581 &
199 2555 292 2581 vere
319 2542 480 2592 quidem
507 2543 710 2595 sapientia,
738 2557 819 2583 non
848 2552 977 2584 autem
1007 2550 1316 2595 καταχρηςικῶς,
1343 2551 1410 2583 aut
1439 2557 1487 2582 ex
1515 2544 1699 2594 opinione
1722 2544 1927 2584 hominum
1949 2547 2006 2594 (vt
2030 2547 2070 2584 fit

132 2595 359 2645 plurimum)
386 2596 590 2646 appellata.
625 2575 840 2636 Cau'sarum
867 2601 960 2638 vero
989 2598 1040 2637 ad
1067 2598 1324 2636 differentiam
1353 2597 1595 2648 Theologiae
1623 2597 1900 2648 pertinentium
1929 2598 2070 2649 singuli

130 2648 210 2687 loci
237 2648 438 2686 communi
466 2648 603 2688 ordine
631 2657 919 2699 percurruntur.
959 2652 1062 2689 Nam
1089 2650 1257 2700 primurn
1285 2650 1518 2690 efficientem
1546 2662 1724 2699 causam,
1745 2652 1781 2689 &
1810 2662 2068 2700 quaecunque

132 2701 184 2740 ad
220 2714 306 2740 eam
341 2700 552 2753 pertinent,
581 2703 886 2755 deelarauimus,
913 2704 1088 2742 dicentes
1115 2704 1217 2742 hanc
1243 2703 1506 2765 Theologiam
1535 2706 1560 2741 ὰ
1589 2704 1677 2742 Deo
1704 2705 1937 2754 inspiratam
1966 2717 2066 2753 esse,

133 2755 182 2792 ξεν
205 2761 284 2806 per
311 2755 591 2794 enunczmatmmn
617 2769 826 2795 sermonem
854 2759 894 2795 itz
927 2758 1082 2796 Clzrzsto
1113 2770 1350 2796 commzssam
1379 2759 1504 2795 seruis
1533 2770 1612 2795 ems
1639 2763 1751 2807 atque
1777 2771 1818 2795 m
1846 2763 2065 2796 testamento

1943 2815 2067 2849 vetere
