2334 3020
782 148 1001 176 THESES
1043 145 1475 174 THEOLOGICAE.
2011 147 2076 184 191

210 269 268 309 15.
322 259 451 308 Atque
478 256 529 295 ita
556 262 665 295 vetus
693 254 831 294 foedus
859 254 929 293 fuit
956 255 1055 293 ordo
1084 253 1182 292 inter
1210 254 1419 304 Iehouam,
1449 254 1716 304 populumque
1744 252 2017 302 Israeliticum,
2047 253 2082 289 δι

154 324 221 351 eos
249 312 315 361 qui
343 323 426 350 sese
452 308 631 348 Israelitis
660 307 933 357 adsociabant,
963 314 1069 346 ortus
1098 320 1145 346 ex
1172 314 1305 345 mutua
1331 306 1602 345 huiuscemodi
1630 307 1794 344 duarum
1823 306 1973 344 illarum
2000 317 2083 355 par-

153 365 249 404 tium
278 363 534 414 obligatione,
562 368 602 400 vt
630 362 776 401 Iehoua
803 373 872 410 per
899 361 1039 400 Mosen
1068 373 1157 399 cum
1185 359 1336 399 solenni
1366 366 1563 398 taurorum
1593 362 1627 398 δε
1657 359 1864 398 vitulorum
1888 357 2084 409 sanguinis

156 417 380 469 profusione
411 422 612 455 testaretur
639 414 820 453 Israelitis
848 427 888 453 se
916 420 1058 452 terram
1087 414 1272 452 Chenaan
1298 414 1497 463 daturum,
1525 417 1641 462 se'que
1670 412 1760 462 ipsis
1787 413 1825 451 in
1845 413 1973 451 Deum
1988 413 2084 449 futu-

157 483 261 510 rum:
299 476 415 520 vtque
444 468 637 508 Israelitae
665 467 934 519 promitterent
962 479 1002 506 se
1028 474 1247 506 seruaturos
1275 467 1405 504 omnia
1433 479 1478 505 ea
1509 477 1608 515 quae
1636 465 1779 515 scripta
1805 472 1892 503 sunt
1919 465 1958 502 in
1983 464 2085 502 libro

156 524 294 574 Legis,
331 527 448 571 seque
485 523 571 560 Deo
601 522 638 560 in
672 521 861 572 populum
889 521 1059 571 futuros,
1090 520 1207 570 idque
1234 521 1507 569 profiterentur
1536 518 1864 567 Circumcisione,
1890 529 1956 556 esu
1985 516 2087 567 Agni

158 576 371 625 Paschalis,
411 587 483 613 nec
524 587 604 612 non
645 574 890 613 victimarum
928 572 1182 624 mactatione,
1211 573 1260 611 ad
1288 574 1364 611 hoc
1393 579 1433 610 vt
1461 579 1560 610 esset
1587 580 1714 611 certus
1742 572 1927 621 populus,
1956 573 1978 608 a
2008 582 2087 619 quo

158 631 264 668 Deus
305 629 374 666 rite
415 629 626 678 coleretur,
667 627 729 665 cui
766 628 872 665 Deus
908 626 1108 676 insigniter
1142 625 1412 676 benediceret,
1442 628 1477 663 δι
1506 637 1553 663 ex
1581 638 1658 675 quo
1686 625 1849 664 Messias
1877 623 2088 674 promissus

158 688 445 732 expectaretur,
474 687 591 730 vtque
621 687 717 720 esset
745 681 881 719 vmbra
907 679 1052 718 aeterni
1081 679 1272 730 foederis,
1301 682 1336 717 &
1364 679 1616 729 paedagogus
1644 678 1694 716 ad
1723 677 1932 716 Christum.

215 737 272 773 16.
327 735 381 771 Vt
414 745 507 783 ergo
536 735 618 772 Lex
644 733 719 772 Dei
747 740 905 772 eatenus
935 739 991 771 est
1021 734 1229 782 abrogata,
1258 738 1447 781 quatenus
1475 730 1545 769 fuit
1572 732 1732 769 fundata
1761 743 1874 780 super
1902 729 2090 768 Sacerdo-

159 788 254 827 tium
295 786 534 836 Leuiticum,
576 788 696 824 Hebr.
735 798 768 834 7.
804 800 861 824 11.
895 799 952 824 12.
989 786 1042 824 ita
1076 786 1192 823 etiam
1223 792 1331 824 vetus
1360 785 1520 832 foedus,
1557 796 1636 833 quo
1665 784 1714 822 ad
1743 785 1897 822 vmbras
1926 784 1961 820 &
1989 794 2089 820 cere<

158 840 307 879 monias
334 839 525 878 abolitum
555 847 633 878 est:
663 840 755 878 alias
782 839 822 877 in
850 839 1066 877 substantia
1094 838 1198 877 idem
1226 845 1283 876 est
1311 849 1400 876 cum
1428 849 1534 876 nouo
1566 839 1601 875 &
1632 844 1790 876 aeterno
1818 837 1986 875 foedere.

216 905 273 941 17.
329 893 433 931 Noui
474 894 509 930 δε
545 892 692 931 aeterni
724 891 889 930 foederis
911 905 1035 941 genus
1064 898 1121 930 est
1151 891 1288 930 foedus
1317 902 1384 929 seu
1413 897 1593 941 pactum,
1622 891 1661 929 id
1691 897 1766 941 est,
1795 891 1895 929 ordo
1924 901 1992 928 seu
2020 901 2093 927 res-

158 953 316 997 pectus,
347 946 428 984 siue
457 946 594 984 relatio
622 946 829 995 quaedam.

218 1001 276 1038 18.
332 998 545 1037 Subiectum
576 1009 643 1036 seu
672 997 869 1036 materiale
897 996 1010 1035 huius
1037 996 1203 1035 foederis
1232 1004 1341 1047 sunt,
1370 998 1496 1048 Deus,
1526 998 1561 1034 &
1590 1009 1726 1035 omnes
1755 997 1916 1035 Gentes.

217 1065 276 1102 19.
335 1052 539 1090 Correlata
566 1059 675 1102 sunt,
703 1052 832 1101 Deus,
860 1052 895 1089 &
925 1051 1091 1100 populus
1119 1048 1372 1088 Christianus.

217 1119 277 1143 20.
335 1106 637 1143 Fundamentum
665 1115 732 1143 seu
760 1114 900 1142 causae
928 1101 1140 1141 efficientes
1168 1109 1255 1140 sunt
1286 1102 1406 1141 dufim
1434 1114 1639 1154 generum,
1669 1102 1914 1152 vniuersalis,
1940 1103 2000 1140 vel
2015 1114 2097 1152 par—

164 1157 353 1198 ticularis.

221 1225 282 1249 21.
336 1210 574 1249 Vniuersalis
603 1216 661 1249 est
687 1211 815 1258 Deus,
843 1222 911 1247 seu
939 1208 1115 1247 diuinum
1143 1207 1453 1259 beneplacitum,
1483 1209 1518 1245 &
1546 1207 1623 1246 Dei
1650 1208 1929 1247 misericordia.

221 1277 281 1302 22.
336 1262 580 1302 Particularis
609 1274 725 1301 causa
752 1261 923 1301 efficiens
951 1261 1129 1311 proxima
1157 1267 1214 1299 est
1241 1261 1412 1300 solennis
1441 1268 1575 1300 mutua
1603 1261 1812 1313 obligati03
1840 1261 1915 1300 Dei
1942 1260 2098 1311 promit-

164 1317 280 1357 tentis
309 1329 351 1355 se
379 1317 462 1355 fore
489 1315 640 1355 homini
670 1315 708 1353 in
736 1317 909 1364 Patrem,
939 1316 974 1352 ὅτ
1001 1314 1170 1353 hominis
1198 1313 1461 1364 promittentis
1489 1327 1530 1354 se
1559 1315 1644 1353 sore
1671 1316 1758 1353 Deo
1788 1314 1827 1352 in
1855 1314 2008 1352 Filium.

219 1384 279 1420 23.
334 1369 552 1408 Solennitas
594 1379 693 1418 quae
734 1367 774 1406 in
813 1368 888 1406 hac
930 1373 1063 1405 mutua
1101 1367 1341 1418 obligatione
1377 1367 1603 1419 adhibetur,
1632 1368 1706 1406 alia
1733 1374 1791 1407 est
1819 1371 1841 1406 ἐι
1869 1374 1977 1418 parte
2005 1366 2103 1417 Dei,

163 1423 237 1461 alia
266 1429 324 1462 est
351 1425 374 1460 a
400 1428 509 1472 parte
537 1421 752 1460 hominum.

220 1489 282 1523 24.
337 1477 373 1513 A
401 1481 511 1525 parte
538 1475 613 1513 Dei
640 1480 699 1513 est
726 1474 950 1524 mysterium
977 1473 1094 1524 illud,
1123 1473 1232 1523 quod
1260 1475 1366 1513 Deus
1391 1485 1462 1513 suo
1485 1473 1671 1525 sanguine
1687 1474 1850 1513 redemit
1863 1474 2102 1523 Ecclesiam,

164 1530 248 1579 ipsa
283 1529 443 1578 inquam
477 1527 672 1579 sanguinis
711 1527 794 1577 Filij
825 1527 899 1565 Dei
925 1526 1113 1577 profusio.
1143 1527 1259 1566 Vnde
1285 1527 1367 1577 ipse
1396 1528 1572 1566 Christus
1602 1527 1695 1566 dicit
1722 1528 1771 1566 de
1799 1530 1943 1578 poculo
1968 1541 2102 1566 conse-

169 1588 299 1633 erato,
332 1583 416 1619 Hic
443 1582 542 1619 calix
569 1587 625 1619 est
649 1594 788 1619 nouum
816 1581 916 1618 illud
931 1580 1075 1630 foedus
1102 1581 1142 1618 in
1169 1593 1249 1618 meo
1276 1583 1486 1632 sanguine,
1513 1582 1619 1631 quod
1629 1588 1714 1632 pro
1741 1583 1841 1620 vobis
1869 1582 2102 1632 efficnditur,

168 1636 208 1673 id
236 1641 294 1673 est
320 1634 416 1673 illud
443 1635 582 1673 foedus
610 1634 718 1684 quod
744 1646 815 1684 per
845 1634 881 1671 δε
915 1633 954 1671 in
981 1646 1070 1672 meo
1099 1633 1286 1684 sanguine
1313 1641 1471 1684 pactum
1495 1636 1530 1672 &
1554 1634 1746 1673 sancitum
1760 1637 1945 1687 est,chc.
1963 1648 2022 1672 22.
2042 1648 2101 1672 20.

221 1698 282 1738 25.
335 1687 554 1726 Solennitas
590 1689 640 1726 ab
673 1686 898 1726 hominibus
934 1685 1039 1725 iussu
1072 1686 1147 1725 Dei
1175 1686 1249 1726 alia
1277 1687 1485 1727 adhibetur
1511 1688 1552 1726 in
1578 1687 1815 1738 initiatione,
1842 1689 1916 1727 alia
1942 1688 1983 1726 in
2012 1700 2102 1726 con-

165 1740 379 1779 tinuatione
407 1739 521 1779 huius
549 1740 732 1780 foederis.

223 1795 283 1832 26.
339 1793 568 1832 Initiationis
595 1802 882 1833 sacramentum
910 1799 966 1832 est
992 1792 1230 1844 Baptismus,
1260 1794 1418 1843 quando
1448 1795 1569 1833 homo
1595 1795 1634 1832 in
1657 1794 1817 1834 nomine
1838 1794 1981 1846 Patris,
1998 1793 2105 1844 Filij,

167 1847 202 1884 St
230 1846 392 1898 Spiritus
420 1846 552 1885 Sancti
579 1847 681 1897 aqua
708 1847 850 1886 tinctus
878 1858 1027 1885 nomen
1054 1858 1167 1886 suum
1196 1847 1263 1886 dat
1292 1847 1470 1898 Christo,
1495 1849 1531 1886 δι
1558 1849 1600 1886 fit
1628 1860 1725 1887 vnus
1748 1861 1796 1887 ex
1819 1848 2106 1887 confoederatis

166 1899 277 1939 huius
305 1900 400 1939 noui
427 1900 607 1940 foederis.

224 1965 284 2003 27.
340 1952 654 1992 Continuationis
682 1960 968 1992 sacramentum
997 1960 1054 1992 est
1081 1954 1217 1993 Coena
1243 1953 1425 2005 Domini,
1454 1955 1615 2004 quando
1644 1954 1915 1994 confoederati
1941 1967 2043 2005 pane
2071 1956 2106 1993 δε

170 2007 261 2046 vino
299 2007 534 2046 consecratis
561 2008 757 2059 fruuntur,
785 2019 857 2057 pro
886 2013 994 2057 grata
1021 2007 1056 2045 &
1085 2014 1218 2046 sancta
1243 2007 1432 2046 memoria
1459 2007 1595 2047 mortis
1625 2008 1786 2058 Christi,
1816 2009 1955 2047 foedus
1983 2009 2107 2046 hocce

169 2059 410 2100 stabilientis.

223 2116 283 2151 28.
337 2114 449 2163 Quae
474 2115 621 2153 habent
647 2114 840 2152 rationem
869 2126 1007 2152 causae
1036 2114 1160 2152 finalis
1183 2113 1447 2164 exprimuntur
1463 2128 1541 2154 vno
1559 2115 1718 2154 nomine
1736 2120 1935 2157 κοινωνίας
1951 2121 2109 2153 nostrae

170 2178 261 2205 cum
297 2166 452 2206 Christo
490 2168 526 2205 δε
560 2168 649 2206 Deo
684 2169 796 2206 Patre
824 2179 892 2217 per
921 2167 1105 2218 Spiritum
1134 2168 1334 2206 Sanctum.
1362 2169 1493 2218 Atque
1521 2169 1599 2207 huc
1628 2169 1796 2219 pertinet
1823 2170 1865 2218 (f.
1899 2169 2027 2217 1668.)
2055 2180 2111 2207 re-

171 2219 301 2258 missio
342 2227 595 2271 peccatorum
636 2221 778 2270 salusq.
814 2227 968 2272 nostra3
1008 2221 1043 2258 &
1080 2220 1292 2260 declaratio
1322 2232 1497 2260 summae
1523 2221 1731 2273 bonitatis,
1760 2221 2050 2260 misericordiae
2078 2223 2113 2259 δε

171 2273 334 2312 iustitiae
362 2274 517 2313 diuinae
544 2274 584 2312 in
613 2275 736 2313 salute
762 2279 907 2313 nostra.

226 2339 286 2377 29.
340 2328 411 2366 Est
452 2340 546 2378 ergo
583 2339 732 2366 nouum
769 2327 906 2366 foedus
934 2326 1128 2366 eiusmodi
1155 2335 1312 2378 pactum
1340 2329 1450 2378 quod
1476 2335 1630 2368 constat
1657 2341 1705 2367 ex
1733 2335 1869 2367 mutua
1897 2330 1932 2366 &
1958 2327 2112 2366 solenni

172 2379 409 2430 obligatione
437 2381 513 2419 Dei
540 2381 576 2418 &
604 2380 828 2420 hominum:
857 2380 933 2418 Dei
960 2380 1119 2430 quidem
1147 2381 1408 2431 promittentis
1430 2395 1499 2432 per
1522 2386 1690 2421 mortem
1715 2381 1780 2431 filij
1798 2381 1857 2420 sui
1872 2379 2112 2420 dilectissimi

172 2432 378 2483 gratuitam
405 2433 675 2473 remissionem
702 2440 955 2484 peccatorum
982 2434 1018 2470 δε
1045 2433 1165 2473 vitam
1193 2441 1402 2473 aeternam.
1436 2435 1617 2474 Hominis
1644 2439 1739 2474 vero
1755 2435 1976 2485 pollicentis
1994 2435 2112 2472 fidem

174 2487 208 2522 ἃς
235 2485 499 2526 obedientiam
526 2487 565 2525 in
593 2487 793 2538 Baptismo
822 2488 858 2525 &
885 2487 1021 2526 Coena
1050 2488 1230 2526 Domini:
1261 2495 1300 2526 vt
1328 2488 1553 2528 hominibus
1580 2488 1645 2526 hic
1673 2492 1708 2527 &
1731 2489 1771 2527 in
1795 2495 1997 2526 aeternum
2012 2490 2112 2526 bene

175 2537 239 2589 sit,
267 2541 303 2578 δι
330 2551 481 2578 summa
507 2541 582 2579 Dei
609 2541 784 2592 bonitas,
811 2540 1076 2579 misericordia
1105 2543 1140 2580 δι
1166 2541 1309 2579 iustitia
1336 2544 1358 2580 a
1387 2542 1518 2581 multis
1546 2543 1747 2580 aeternum
1777 2541 2085 2591 depraedicetur.

1813 2871 1981 2908 XXVII.
2035 2870 2072 2906 D
2088 2871 2121 2908 E
