2334 3020
951 94 1349 126 PRAEFATIO.
2078 95 2128 126 XI

191 210 506 265 compilatam,
537 216 581 252 et
606 224 718 264 quae
746 210 788 251 in
815 211 1004 252 editione
1032 211 1439 265 Lugduno-Batava
1468 212 1571 252 anni
1606 222 1714 265 1595
1745 211 1941 265 pagellas
1963 211 2140 264 69—72

194 272 371 313 huiusce
400 270 537 313 libelli
555 272 709 312 sortita
733 277 810 313 est.
844 271 1077 313 Terminus
1092 273 1136 313 in
1153 286 1270 313 anno
1290 271 1522 313 millesimo
1540 272 1905 326 quingentissimo
1921 285 2140 326 nonnage-

193 333 307 373 simo
332 333 474 374 tertio.
513 332 747 374 Ulterioris
764 333 919 374 aetatis
936 334 1120 388 scripta,
1160 340 1205 375 ut
1224 348 1290 374 res
1308 334 1400 387 ipsa
1417 333 1594 383 clamat,
1614 334 1786 375 desunt.
1826 332 1991 374 Contra
2009 333 2141 374 etiam

195 393 408 434 anecdota
437 393 508 434 hic
537 399 818 434 recensentur
853 398 905 444 I).
951 394 1048 435 Hac
1075 395 1363 444 decurtatum,
1393 393 1465 435 illa
1482 401 1630 436 autem
1649 401 1775 448 parte
1792 394 2031 448 pleniorem
2050 394 2140 435 eius

191 468 374 508 operum
397 454 646 507 catalogum
667 455 831 508 primus
849 455 969 496 dedit
986 455 1257 506 MEURSIUS,
1287 456 1328 496 in
1349 455 1544 502 Athenis
1562 455 1773 506 Batavis,
1804 455 1857 496 II.
1884 467 1979 508 149,
2009 469 2140 508 quem

188 520 361 556 secutus
380 521 446 556 est
458 514 806 568 Verheydenius.
837 515 1053 557 Inferioris
1072 522 1201 557 notae
1220 515 1470 571 catalogum
1489 517 1660 570 scripsit
1673 514 1880 557 GLASIUS
1899 516 1942 556 in
1959 514 2139 569 szgrel.

189 573 462 625 Nederlaml,
482 576 523 616 in
541 590 662 617 voce.
697 575 970 631 Conspectus
989 579 1075 618 iam
1095 578 1264 619 uberior
1282 578 1493 631 reperitur
1510 578 1555 618 in
1567 577 1678 618 VAN
1694 586 1791 617 DER
1804 576 1896 625 AA,
1917 576 2135 630 Bibliogr.

199 636 548 686 l‘Voordenboek,
582 637 656 678 IX.
694 647 793 689 250.
843 638 946 679 Veri
991 639 1179 679 nominis
1223 644 1368 680 autem
1401 637 1777 692 bibliographiam
1810 637 1920 678 Iunii
1954 651 2136 691 operum

189 711 317 739 nemo
342 696 568 752 hucusque
597 699 772 739 molitus
799 705 863 740 est
889 705 1063 752 praeter
1095 713 1230 740 unum
1261 699 1484 749 HAGIUM‚
1519 700 1561 740 in
1581 699 1626 740 la
1645 699 1818 740 Franco>
1829 704 2109 753 protestante
2130 730 2139 747 ‚

188 759 230 798 in
259 772 366 799 voce
394 758 537 813 (Tom.
557 759 610 810 II,
630 773 672 813 p.
695 760 976 814 338—390)‚
998 775 1109 815 opus
1133 761 1263 802 laude
1286 760 1473 814 dignius.
1503 760 1597 802 Nec
1618 766 1769 801 tamen
1797 765 2033 813 propterea
2060 773 2141 800 acu

188 818 258 860 ille
277 833 354 873 per
378 821 527 861 omnia
553 834 644 861 rem
670 821 836 875 tetigit,
869 822 985 875 quod
1010 821 1134 863 facile
1160 821 1265 862 mihi
1289 821 1437 862 credet
1457 821 1530 874 qui
1550 828 1686 870 tenet,
1712 821 1908 875 Hagium
1929 834 1983 861 ne
2008 821 2142 874 ipsius

188 881 368 934 quidem
387 881 497 921 Iunii
517 888 804 935 conspectum
826 896 1021 936 unquam
1043 881 1246 924 habuisse
1264 882 1321 923 ob
1348 881 1515 923 oculos.
1549 882 1718 924 Idcirco
1741 896 1822 936 pro
1843 881 1954 922 virili
1977 895 2143 922 errores

188 955 299 995 quos
326 942 405 983 etsi
430 941 612 984 leviores
634 943 852 984 commisit
881 943 991 984 infra
1015 944 1105 997 ipse
1133 945 1220 984 iam
1249 957 1502 997 expurgare
1530 949 1716 984 conatus
1740 956 1858 994 sum,
1889 948 1937 984 ut
1959 943 2140 984 tandem

187 1003 294 1044 satis
327 1010 531 1045 accurata
559 1004 683 1045 nobis
716 1010 906 1046 exstaret
936 1004 1044 1045 Iunii
1078 1018 1262 1059 operum
1292 1003 1457 1046 tabula.

232 1140 263 1181 1)
291 1141 402 1174 Series
437 1152 575 1184 operum
616 1146 647 1173 et
672 1141 924 1183 opusculorum,
956 1151 1041 1183 qnae
1062 1151 1123 1182 pro
1148 1142 1235 1172 vitae
1259 1141 1437 1179 brevitate,
1470 1140 1720 1181 perturbatione
1746 1145 1777 1171 et
1804 1144 1964 1181 perpetua
1991 1149 2140 1170 commu-

186 1187 310 1218 tatione
342 1187 460 1218 crebro
493 1187 615 1217 mirum
642 1197 780 1217 numero
805 1185 1021 1218 concinnavit
1044 1185 1177 1227 Iunius,
1211 1186 1244 1216 in
1269 1185 1370 1217 dorso
1395 1185 1695 1226 autobiographiae
1722 1184 1827 1226 ipsius
1851 1184 1898 1216 sic
1922 1194 1956 1216 se
1983 1183 2085 1215 habet
2108 1183 2142 1214 in

188 1231 390 1272 exemplari,
415 1231 503 1272 quod
530 1231 723 1262 etiamnunc
749 1236 924 1262 conservat
948 1230 1037 1261 Bibl.
1060 1231 1158 1261 Rem.
1187 1230 1313 1261 Amst:

233 1276 354 1306 »Anno
378 1276 448 1310 Clo.
461 1276 508 1310 10.
523 1283 591 1306 LXI.
628 1275 803 1306 Ciceronis
838 1275 892 1306 De
926 1274 1061 1316 legibus
1088 1274 1194 1306 libros
1231 1274 1384 1306 Gallicos
1422 1273 1506 1316 feci,
1541 1279 1572 1306 et
1596 1273 1670 1305 auxi
1707 1273 1811 1305 notis:
1844 1272 1901 1305 sed
1933 1272 1954 1313 ij
1982 1272 2016 1303 in
2041 1272 2142 1304 bellis

193 1320 352 1351 civilibus
377 1320 533 1362 Galliae,
558 1325 591 1350 ut
615 1319 682 1350 alia
706 1319 830 1360 multa,
854 1319 1034 1361 perierunt.

232 1365 340 1395 Anno
376 1364 446 1399 Clo.
468 1365 517 1399 10.
540 1371 634 1394 LXIII.
677 1363 859 1405 Epitomen
885 1363 1003 1406 scripsi
1031 1363 1244 1395 Christianae
1272 1362 1495 1394 Institutionis
1518 1362 1656 1394 Ioannis
1681 1362 1835 1394 Caluini:
1860 1372 1960 1404 quam
1985 1360 2144 1393 Michaeli

187 1409 296 1449 Nigro
323 1419 420 1440 seruo
444 1409 510 1440 Dei
535 1408 631 1439 dedi:
646 1433 654 1440 .
669 1419 737 1439 non
763 1412 877 1439 exstat.

230 1453 302 1488 CIo.
316 1453 366 1487 10.
379 1460 461 1484 LXV.
486 1453 685 1484 Orationem
713 1452 832 1494 scripsi
859 1451 993 1484 Gallice
1017 1453 1059 1484 ad
1083 1453 1214 1494 Regem
1240 1452 1487 1494 Hispaniorum
1512 1462 1574 1494 pro
1599 1452 1798 1484 defensione
1824 1449 1943 1492 Belgij.

230 1498 301 1532 Clo.
315 1498 362 1531 10.
377 1505 471 1528 LXVI.
498 1497 760 1529 Confessionem
786 1497 1000 1538 Belgicarum
1024 1497 1254 1529 Ecclesiarum
1278 1497 1474 1539 recognoui.

227 1543 370 1573 Breuem
398 1542 515 1584 scripsi
540 1541 800 1574 Confessionem
825 1552 865 1573 ex
890 1542 1079 1584 Scripturae
1103 1542 1215 1574 verbis
1241 1541 1488 1574 concinnatam.
1514 1541 1695 1573 Nobilitati
1722 1540 1828 1582 Belgij
1852 1540 1940 1582 apud
1954 1539 2143 1572 Centronas

191 1587 428 1619 exhibendam.
453 1597 522 1618 non
548 1592 661 1618 exstat.

234 1631 446 1663 Concionem
468 1631 619 1662 habitam
642 1631 676 1662 in
701 1641 821 1673 campo
846 1631 1085 1672 Limburgensi
1110 1631 1152 1662 ad
1177 1631 1282 1663 altum
1306 1631 1372 1663 Dei
1401 1635 1552 1663 montem
1577 1639 1726 1673 pagum:
1752 1634 1782 1662 et
1796 1629 2033 1662 defensionem
2053 1627 2144 1659 illius

188 1678 348 1711 adversus
371 1676 614 1708 Leodiensium
638 1676 940 1707 Franciscanorum
965 1676 1153 1709 clamores:
1179 1687 1249 1707 non
1273 1680 1387 1707 exstat.

233 1722 447 1763 Responsum
471 1721 514 1752 ad
538 1720 654 1752 fratres
678 1721 940 1752 Zandwicenses
965 1721 1000 1751 in
1024 1721 1169 1763 Anglia5
1196 1721 1240 1752 de
1265 1721 1414 1762 imagine
1440 1720 1576 1752 Christi.

226 1766 480 1800 cIo.I:).LXV11.
505 1765 650 1796 Breuem
673 1769 847 1796 tractatum
871 1766 914 1797 de
940 1765 1058 1797 ritibus
1082 1765 1118 1796 in
1142 1766 1298 1797 Ecclesia
1323 1764 1577 1797 conformandis
1598 1774 1605 1795 ἰ
1632 1768 1663 1796 et
1677 1768 1767 1796 certa
1780 1764 1889 1805 capita
1903 1763 1973 1794 sive
1988 1761 2145 1794 articulos

183 1813 225 1844 de
251 1810 418 1852 regimine
441 1810 634 1841 Ecclesiae:
660 1811 751 1852 quod
775 1810 936 1852 scriptum
960 1810 1123 1842 Geneuae
1150 1815 1181 1842 et
1207 1811 1241 1841 in
1265 1810 1425 1841 Heluetia
1438 1809 1576 1851 quidam
1589 1820 1650 1851 pro
1664 1820 1724 1840 suo
1738 1808 1933 1841 venditavit.
1947 1818 2016 1838 non
2029 1811 2143 1839 exstat.

227 1855 472 1887 Defensionem
496 1855 659 1886 aduersus
683 1854 818 1886 fratrem
844 1854 1003 1886 Natalem
1030 1855 1262 1886 Christianum
1286 1855 1447 1886 Iesuitam
1472 1854 1561 1896 apud
1590 1853 1880 1896 Limburgenseis.
1905 1863 1975 1884 non
1999 1856 2113 1884 exstat.

226 1900 466 1931 Narrationem
490 1899 726 1931 breuissimam
751 1899 979 1931 calamitatum
1003 1899 1126 1941 Belgij.
1151 1910 1219 1931 non
1245 1904 1360 1931 exstat.

227 1945 298 1978 clo.
312 1945 359 1978 10.
373 1951 467 1975 LXIX.
492 1948 523 1976 et
546 1944 780 1986 sequentibus,
805 1944 1003 1976 Methodum
1029 1944 1233 1985 analyticam
1260 1945 1295 1975 in
1319 1944 1486 1986 Psahnos,
1510 1943 1628 1976 nescio
1654 1943 1746 1975 cuius
1771 1942 1806 1974 in
1830 1952 1948 1973 manus
1973 1940 2112 1972 venerit.

230 1989 518 2020 Commentarium
542 1989 577 2020 in
605 1997 644 2019 10
668 1989 768 2030 capit.
793 1988 921 2020 Genes.
946 1999 1016 2020 non
1042 1992 1157 2020 exstat.

230 2034 300 2068 Clo.
315 2034 364 2068 10.
378 2040 459 2064 LXX.
484 2034 635 2065 Examen
658 2033 830 2075 dialogist.
854 2033 908 2065 De
940 2033 1017 2065 fide.
1042 2044 1112 2065 non
1137 2037 1252 2065 exstat.

231 2078 489 2113 c10.I:).LXX11.
513 2077 741 2110 Gramaticam
766 2078 904 2120 linguae
928 2078 1093 2110 Gallicae.
1118 2089 1188 2109 non
1213 2082 1327 2110 exstat.

230 2123 499 2158 cIo.Io.LXX111.
523 2122 796 2154 Translationem
825 2122 947 2154 veteris
971 2123 1178 2155 Testamenti
1204 2122 1302 2165 coepi
1327 2132 1403 2154 cum
1428 2122 1472 2154 D.
1496 2122 1706 2154 Immanuele
1729 2120 1925 2154 Tremellio.

230 2168 332 2199 Anno
356 2168 426 2202 (Εἷς).
443 2168 626 2202 10.Lxxv1.
650 2168 736 2199 Acta
759 2167 1004 2209 Apostolorum
1029 2168 1181 2199 transtuli
1207 2179 1247 2199 ex
1273 2167 1434 2199 Arabico.

231 2213 302 2247 CIo.
319 2213 366 2246 10.
381 2219 513 2244 LXXVII.
539 2212 709 2254 Epistolas
736 2212 830 2243 Pauli
856 2212 899 2243 ad
926 2212 1124 2244 Corinthios
1148 2212 1302 2244 transtuli
1329 2223 1369 2243 ex
1394 2211 1556 2243 Arabico.

231 2256 490 2288 Consessionem
516 2256 595 2288 fidei
619 2256 790 2288 Frederici
816 2257 865 2288 III
888 2256 994 2289 Elect.
1018 2257 1162 2289 Palatini
1186 2256 1251 2288 feci
1277 2256 1458 2289 Gallicam.

230 2301 375 2333 Primam
398 2301 538 2332 Ioannis
562 2301 751 2344 Epistolam
774 2301 926 2332 transtuli
953 2312 992 2333 ex
1016 2301 1178 2333 Arabico.
1203 2312 1273 2333 non
1299 2305 1412 2333 exstat.

232 2346 304 2380 Clo.
318 2346 366 2377 Ic.
383 2352 534 2378 LXXVIII.
559 2346 758 2377 Orationem
781 2347 835 2377 De
859 2345 977 2388 lingua
1000 2347 1171 2378 Hebraea.

230 2391 256 2422 I.
281 2390 406 2421 Bodini
429 2390 761 2423 Daemonomaniam
785 2390 941 2422 Latinam
963 2390 1048 2423 feci.
1074 2391 1320 2423 Germanorum
1349 2390 1531 2423 Postulato.

230 2435 301 2469 ck).
317 2435 365 2469 10.
379 2442 497 2467 LXXIX.
521 2436 744 2478 Apocryphos
767 2435 874 2467 libros
900 2436 1070 2475 transtuli,
1095 2441 1126 2467 et
1152 2435 1292 2468 instruxi
1319 2435 1418 2467 notis.

227 2480 394 2521 Joannem
417 2479 554 2511 Tilium.
579 2481 633 2512 De
660 2480 795 2522 regibus
820 2485 851 2512 et
878 2490 983 2522 regno
1008 2480 1184 2512 Gallorum
1208 2480 1366 2512 Latinum
1394 2479 1478 2522 feci,
1506 2479 1666 2512 historiae
1692 2480 1916 2512 studiosorum
1941 2478 2149 2522 quorundam

186 2523 421 2568 postulatione.

233 2569 303 2603 CIo.
319 2569 367 2602 10.
381 2575 486 2600 LXXX.
512 2569 775 2602 Grammaticam
799 2569 979 2601 Hebraeae
1004 2569 1140 2610 linguae
1166 2569 1270 2601 edidi.

231 2614 302 2647 Clo.
326 2614 374 2644 IC.
391 2620 510 2645 LXXXI.
536 2614 824 2646 Ecclesiasticum.
848 2613 967 2645 Latine
995 2618 1025 2645 et
1055 2612 1185 2645 Galice.

231 2657 466 2699 specularium
489 2659 709 2690 Immanuelis
734 2658 906 2700 Tremellij
933 2659 1097 2691 aduersus
1125 2658 1397 2690 Genebrardum.

230 2703 507 2737 c10.l:).LXXX11.
531 2703 710 2735 Orationes
734 2704 817 2735 duas
843 2703 1076 2735 Francotaliae
1100 2703 1232 2734 habitas
1257 2704 1300 2735 ad
1329 2703 1513 2735 lectionem
1538 2704 1661 2735 veteris
1686 2702 1902 2735 Testamenti.

231 2747 301 2782 Clo.
313 2747 362 2781 10.
376 2754 520 2779 LXXXIII.
546 2748 754 2780 Orationem.
775 2749 828 2780 De
848 2748 916 2780 vita
940 2753 971 2779 et
995 2748 1087 2780 obitu
1114 2747 1300 2779 Zachariae
1336 2747 1459 2781 Ursini.

2111 2791 2150 2822 In
