2334 3020
825 112 1087 143 ninnNim
1133 114 1269 141 PARS
1314 112 1337 144 ι.
1974 112 2048 152 473

112 225 276 276 adsunt,
319 231 360 263 vt
387 231 619 275 augeantur,
644 230 762 274 atque
791 230 1096 263 conseruentur:
1126 229 1386 273 procurantur
1414 233 1514 271 quae
1543 223 1707 271 absunt,
1735 227 1776 259 vt
1804 220 2050 259 inueniantur

114 281 467 330 comparenturque
508 277 643 315 labore
685 277 955 327 quaerentium
999 282 1146 315 nostro.
1188 277 1271 314 Iam
1310 282 1475 325 vtroque
1512 275 1633 313 modo
1662 274 1861 324 Propheta
1889 273 1983 313 dicit
2009 287 2050 313 se

113 338 413 383 procuraturum
441 330 547 380 quod
576 331 727 369 bonum
756 337 812 369 est
841 329 1044 369 Ecclesiae
1070 329 1158 368 Dei.
1189 328 1297 378 Quid
1324 335 1453 367 autem
1482 327 1577 366 illud
1605 327 1653 366 sit
1681 327 1790 377 quod
1817 328 1968 366 bonum
1995 334 2052 366 est

113 385 313 424 Ecclesiae
340 384 436 435 Dei,
464 383 504 422 in
532 383 856 434 praecedentibus
884 383 975 422 satis
1003 381 1222 432 explicauit.
1250 383 1403 421 Bonum
1427 391 1623 420 summum
1639 380 1838 419 Ecclesiae
1851 387 1929 432 est,
1945 380 2053 430 qued

114 439 255 478 domus
297 443 357 476 est
395 437 567 475 Iehouae
607 437 682 476 Dei
724 436 872 485 nostri,
915 436 965 475 ad
1007 435 1134 486 ipsum
1176 434 1353 474 ordinata
1390 433 1704 473 constantissime
1732 433 1771 472 in
1800 433 1956 472 Christo
1985 446 2054 483 per

114 491 304 530 vnitatem
340 489 520 541 Spiritus:
557 490 635 529 hoc
673 503 759 528 esse
795 490 906 528 illius.
955 489 1015 526 Ex
1043 501 1091 527 eo
1118 490 1228 527 bono
1256 495 1471 538 sequuntur
1497 488 1605 526 bona
1632 486 1783 538 omnia,
1827 498 1929 536 quae
1956 486 2052 525 deri-

113 551 253 583 uantur
275 543 315 582 in
342 555 415 582 nos
441 545 464 581 a
492 542 684 582 Domino:
714 544 794 582 siue
835 542 1085 593 percipienda
1114 541 1216 580 intus
1244 543 1267 579 a
1294 541 1431 592 nobis,
1457 547 1498 580 vt
1529 546 1617 579 sunt
1640 541 1787 579 fructus
1800 540 1855 578 illi
1870 539 2054 590 SpirituS‚

113 609 214 647 quos
256 599 346 635 ante
386 596 582 646 Propheta
622 596 862 646 nominauit,
904 608 980 646 pax
1009 597 1044 633 δι
1072 595 1259 645 gaudium
1287 593 1327 632 in
1355 593 1501 645 Spiritu
1527 600 1682 643 sancto,
1711 592 1793 631 siue
1820 593 2054 643 proferenda

114 653 135 688 a
173 650 289 689 nobis
327 663 373 688 ex
402 661 481 699 quo
509 661 642 688 sumus
670 649 709 687 in
737 649 936 688 Christum
963 647 1085 699 insiti,
1112 650 1148 686 δε
1174 654 1378 686 consortes
1406 646 1498 686 facti
1525 646 1633 697 pacis
1662 646 1907 695 laetitiaeque
1936 645 2043 696 spiri-

113 703 226 742 tualis
260 702 380 749 illius,
419 709 461 741 vt
488 709 577 742 sunt
604 704 750 741 fructus
778 702 832 740 illi
860 701 1043 752 Spiritus,
1071 701 1138 751 qui
1166 700 1205 739 in
1233 699 1540 739 sanctificatione
1567 699 1690 747 vitae,
1718 699 1754 737 δε
1783 700 1991 747 charitate,
2020 701 2055 737 δι

114 769 211 807 pace
249 761 468 804 versantur:
510 756 591 794 siue
631 758 738 794 extra
780 755 937 805 insuper
970 753 1199 793 accedentia
1226 767 1295 804 per
1322 752 1641 792 benedictionem
1667 752 1766 802 Dei,
1794 759 1835 791 vt
1863 758 1952 791 sunt
1980 765 2056 802 pax

114 811 178 848 illa
205 810 241 848 &
269 808 507 859 prosperitas
534 808 753 859 Ecclesiae,
783 809 832 847 de
851 820 928 858 qua
957 808 1153 858 Propheta
1175 809 1264 846 ante
1293 819 1516 846 sermonem
1543 806 1745 845 habuerat.
1782 807 1896 844 Haec
1925 805 2056 844 onmia

114 862 288 913 quisquis
328 869 525 913 procurat,
565 869 750 912 procurat
789 861 989 900 Ecclesiae
1030 862 1208 899 bonum:
1245 859 1312 910 qui
1340 872 1421 899 non
1449 865 1654 910 procurat,
1682 858 1883 898 Ecclesiae
1912 859 2057 906 officit,

114 923 199 955 vtut
239 915 313 954 sibi
353 915 462 954 aliter
495 915 684 954 videatur.
720 916 859 964 Neque
900 914 1063 953 dubium
1105 920 1182 962 est,
1223 913 1318 964 quin
1360 913 1412 952 ad
1438 913 1536 952 haec
1566 911 1698 951 omnia
1726 913 1921 963 Propheta
1947 918 2058 950 actus

115 968 259 1020 Spiritu
295 969 371 1007 Dei
400 968 621 1019 respexerit.
650 970 931 1007 Verumtamen
959 969 1049 1006 cum
1077 966 1131 1005 illi
1158 968 1305 1005 fructus
1333 968 1356 1004 a
1384 967 1512 1005 forma
1541 964 1742 1004 Ecclesiae
1771 964 1922 1004 interna
1937 971 2058 1004 exter-

115 1027 242 1072 naque
270 1021 367 1074 sint,
407 1034 483 1060 nec
510 1029 618 1061 extra
645 1021 883 1072 Ecclesiam,
912 1021 981 1059 sed
1005 1020 1044 1058 in
1073 1018 1273 1069 Ecclesia,
1298 1019 1339 1058 id
1367 1026 1444 1070 est,
1472 1019 1511 1057 in
1539 1017 1737 1068 Domino,
1773 1017 1840 1068 qui
1869 1017 2060 1056 inhabitat

114 1074 354 1127 Ecclesiam,
381 1074 458 1114 sint
484 1075 816 1125 praesentissima:
846 1073 972 1113 verius
1000 1072 1041 1112 id
1070 1085 1154 1111 esse
1183 1072 1386 1124 existimo,
1415 1084 1532 1122 agere
1559 1072 1798 1122 Prophetam
1827 1071 1995 1110 maxime
2011 1071 2060 1109 de

115 1129 229 1167 tertio
258 1128 324 1166 illo
352 1130 549 1167 bonorum
577 1140 719 1179 genere
746 1127 886 1178 quibus
914 1126 1007 1166 foris
1035 1125 1234 1165 benedicit
1260 1126 1370 1164 Deus
1398 1125 1444 1164 iis
1472 1136 1572 1176 quos
1601 1124 1754 1163 interna
1782 1124 2061 1163 benedictione

115 1181 348 1221 instruxerit.
376 1181 521 1220 Omnia
546 1181 661 1232 igitur
687 1182 794 1221 bona
821 1180 888 1219 dat
915 1181 1045 1230 Deus,
1073 1181 1109 1218 &
1137 1178 1271 1218 omnia
1299 1178 1522 1229 quaerimus
1553 1178 1662 1229 data,
1695 1177 1786 1227 quia
1810 1183 1883 1216 n'ec
1900 1178 1964 1216 illa
1978 1177 2061 1227 ipsa

115 1247 215 1285 quae
243 1235 334 1273 data
362 1241 471 1284 sunt,
498 1247 573 1273 nec
600 1247 673 1273 nos
700 1234 807 1285 ipsos
835 1233 952 1283 (adeo
981 1231 1088 1272 caeci
1116 1244 1248 1271 sumus
1277 1231 1502 1271 infirmitate
1530 1233 1680 1279 nostra)
1709 1231 1904 1270 inuenturi
1928 1230 2061 1280 simus,

115 1288 188 1326 nisi
214 1299 314 1338 quos
341 1287 515 1338 quotidie
544 1288 809 1338 exploremus,
838 1287 874 1325 &
901 1288 1008 1326 bona
1034 1285 1131 1336 Dei,
1159 1292 1243 1324 tum
1271 1297 1372 1335 quae
1399 1284 1477 1324 iam
1506 1297 1554 1323 ex
1582 1286 1687 1323 facto
1703 1283 1833 1331 dedit,
1861 1290 1945 1322 tum
1960 1295 2061 1333 quae

115 1343 234 1392 porro
262 1342 431 1392 gratiose
459 1342 617 1380 daturus
644 1347 723 1392 est,
751 1352 983 1391 quaeramus
1009 1338 1049 1377 in
1076 1338 1266 1377 Domino.
1298 1340 1455 1377 Horum
1485 1337 1523 1376 in
1551 1349 1717 1376 numero
1731 1344 1789 1376 est
1805 1338 2060 1388 an,bonum

116 1394 399 1445 suauissimum,
427 1395 537 1445 quod
564 1407 606 1434 se
634 1400 933 1445 procuraturum
960 1392 1184 1443 spondebat
1211 1392 1358 1431 Psaltes
1373 1398 1479 1430 certa
1505 1390 1669 1441 Spiritus
1684 1390 1759 1429 Dei
1775 1390 2061 1440 testificatione,

116 1448 297 1499 dicentis,
339 1447 621 1499 Persequimini
661 1459 800 1498 pacem
840 1448 877 1486 δι
918 1444 1239 1496 sanctimoniam,
1281 1444 1363 1484 sine
1391 1457 1469 1496 qua
1498 1456 1618 1484 nemo
1649 1445 1780 1483 Deum
1810 1443 1962 1483 visurus
1992 1450 2061 1482 est.

118 1502 244 1540 Hebr.
276 1514 334 1539 12.
371 1514 430 1549 14.

170 1555 278 1603 Quas
319 1554 373 1593 ob
413 1566 497 1604 res,
537 1560 735 1604 quotquot
774 1565 906 1593 sumus
950 1552 1018 1604 qui
1055 1565 1201 1592 nomen
1231 1553 1321 1591 Deo
1356 1550 1458 1602 patri
1485 1563 1555 1602 per
1586 1550 1788 1590 Christum
1817 1550 1997 1590 dedimus
2025 1550 2064 1588 in

116 1607 269 1659 spiritu,
298 1607 365 1658 qui
392 1607 443 1646 ad
467 1607 687 1646 Ecclesiam
713 1606 1056 1657 indulgentissimis
1083 1604 1409 1657 promissionibus
1424 1603 1756 1656 &gratiosissimo
1772 1604 1932 1643 foedere
1947 1603 2065 1654 ipsius

118 1672 391 1713 prouocamur,
420 1660 488 1710 qui
514 1660 553 1699 in
569 1661 726 1700 Christo
741 1659 933 1710 redempti
947 1670 1080 1698 sumus
1094 1658 1496 1710 pretioamplissimo,
1518 1657 1586 1708 qui
1600 1657 1640 1696 in
1651 1657 1829 1696 Ecclesia
1841 1658 1964 1709 pedes
1978 1670 2067 1695 nos-

117 1722 198 1753 tros
213 1714 470 1753 consistentes
483 1714 734 1765 agnoscimus
748 1713 890 1752 virtute
904 1713 998 1764 Dei,
1028 1712 1094 1764 qui
1109 1711 1336 1752 testimonio
1355 1711 1560 1751 communi
1573 1710 1892 1762 gratiae·diuinae
1906 1710 2068 1750 fruimur

119 1767 159 1806 in
186 1768 309 1806 domo
337 1767 440 1818 eius,
467 1773 508 1806 vt
535 1780 682 1807 nomen
711 1767 829 1818 ipsius
857 1779 930 1818 pro
959 1773 1066 1805 tanta
1080 1765 1343 1805 beneficentia
1358 1771 1542 1817 percepta
1557 1765 1825 1815 celebremus,
1848 1763 1916 1816 qui
1931 1764 2069 1802 ordine

117 1820 236 1871 ipsius
276 1820 411 1860 diuino
447 1827 564 1872 atque
594 1822 768 1860 humano
797 1821 848 1859 ad
876 1820 935 1859 ius
963 1819 1177 1859 colendum
1205 1820 1241 1857 δε
1270 1819 1587 1870 persequendum
1619 1818 1872 1868 deducimur,
1901 1817 1969 1868 qui
1997 1817 2067 1856 cir-

118 1874 439 1924 cumsplendente
478 1875 565 1912 luce
606 1874 763 1914 testium
797 1873 874 1912 Dei
915 1874 951 1911 &
994 1873 1137 1912 Christi
1177 1873 1591 1922 sanctissimorumque
1621 1871 1674 1910 ad
1701 1884 1842 1922 pacem
1869 1870 2070 1909 Ecclesiae

119 1928 409 1978 procurandam
444 1926 699 1980 accersimur,
736 1927 804 1979 qui
832 1927 1003 1977 denique
1031 1927 1214 1976 exemplo
1244 1925 1477 1965 sanctissimi
1504 1926 1727 1976 Prophetae
1755 1924 1921 1963 Dauidis
1951 1924 2068 1962 infor-

120 1992 272 2020 mamur
313 1981 363 2020 de
404 1980 586 2020 omnibus
613 1981 686 2020 illis
713 1980 865 2032 pietatis
894 1980 1171 2030 charitatisque
1200 1992 1292 2030 erga
1321 1978 1562 2029 Ecclesiam,
1603 1979 1640 2016 &
1668 1979 1825 2027 fratres,
1856 1978 1892 2015 δε
1919 1977 2068 2016 amicos

120 2047 257 2073 omnes
298 2033 463 2073 officiis:
503 2033 715 2085 fugiamus,
758 2047 828 2085 per
869 2035 999 2072 Deum
1026 2034 1311 2085 immortalem,
1341 2032 1474 2072 omnia
1503 2031 1569 2070 illa
1595 2031 1873 2082 incommoda,
1901 2031 1941 2069 in
1970 2043 2071 2082 quae

121 2090 143 2125 ‘a
185 2094 326 2127 natura
366 2087 525 2127 ferimur
560 2087 808 2139 praecipites:
847 2100 1005 2126 carnem
1034 2086 1320 2137 peccatricem,
1349 2088 1386 2125 δε
1415 2086 1595 2125 membra
1624 2091 1759 2124 nostra
1789 2084 2071 2124 mortificemus

120 2142 162 2190 (f.
206 2143 296 2191 744)
335 2141 376 2179 in
412 2154 549 2180 carne:
591 2143 615 2179 a
651 2141 787 2180 studiis
827 2140 973 2191 carnis,
1014 2143 1133 2190 quam
1162 2139 1456 2191 diligentissime
1486 2139 1571 2177 fieri
1602 2144 1754 2189 potest,
1787 2138 2068 2177 abscedamus:

120 2195 252 2232 Deum
287 2206 518 2244 quaeramus
552 2194 592 2233 in
627 2193 824 2234 Ecclesia:
860 2193 1078 2232 Ecclesiam
1112 2193 1151 2231 in
1182 2194 1289 2243 Deo,
1327 2206 1400 2232 nos
1428 2194 1464 2231 δε
1495 2193 1634 2230 fratres
1662 2198 1820 2231 nostros
1848 2191 1888 2230 in
1917 2193 2007 2230 Deo
2036 2191 2072 2228 &

120 2247 298 2287 Ecclesia
334 2247 449 2287 simul
483 2259 830 2298 recognoscamus,
869 2250 905 2286 Sc
946 2259 1086 2297 pacem
1115 2258 1205 2285 cum
1235 2246 1418 2285 omnibus
1443 2248 1467 2283 a
1496 2247 1585 2284 Deo
1615 2244 1868 2284 constitutam
1897 2246 2073 2283 colamus

120 2301 452 2352 constantissime,
480 2300 692 2350 fugientem
706 2312 1000 2352 persequamur,
1016 2307 1283 2350 oppugnatam
1300 2310 1609 2350 propugnemus,
1625 2298 1808 2337 amissam
1824 2309 2073 2348 quaeramus,

121 2354 320 2393 inuentam
348 2361 563 2404 teneamus,
590 2356 626 2393 δε
654 2355 875 2393 obtinentes
904 2353 1052 2404 optime
1082 2364 1279 2392 seruemus
1306 2354 1346 2392 in
1371 2354 1481 2403 Deo,
1512 2352 1551 2390 in
1581 2351 1770 2402 Ecclesia,
1801 2352 1840 2390 in
1871 2351 2008 2401 nobis,
2037 2354 2072 2389 &

121 2407 221 2446 inter
247 2420 319 2446 nos
347 2407 644 2457 religiosissime,
672 2414 922 2458 expectantes
950 2405 1236 2457 optatissimum
1264 2407 1374 2445 illum
1389 2406 1602 2444 aduentum
1619 2405 1780 2443 Domini
1795 2412 1834 2444 et
1851 2403 2071 2444 Seruatoris

122 2460 242 2498 nostri
270 2463 356 2499 Iesu
385 2460 547 2499 Christi:
577 2460 643 2510 qui
670 2474 807 2511 pacem
835 2460 899 2498 hic
926 2460 965 2498 in
994 2472 1035 2498 se
1063 2466 1227 2510 partam,
1244 2462 1279 2499 δι
1315 2460 1355 2499 in
1382 2459 1498 2498 nobis
1526 2459 1770 2509 inchoatam,
1803 2459 1882 2497 illic
1897 2459 1937 2496 in
1953 2457 2070 2496 caelis

123 2521 462 2552 consummaturus
488 2520 544 2552 est
568 2515 739 2564 perfecta
767 2515 803 2552 ἅν
831 2520 987 2552 aeterna
1014 2515 1368 2556 consummatione.
1399 2514 1543 2551 Amen.
1580 2559 1581 2562 Ἴ
