2334 3020
754 92 971 120 russas
1012 90 1443 120 THEOLOGICAE.
1997 96 2073 131 209

624 255 809 292 XXXIV.
867 255 954 291 DE
997 254 1574 293 RESIPISCENTIA.

202 375 463 428 Quanquam
514 375 555 415 R
561 374 846 427 csz'pisccntz'a
895 373 1124 428 szgmficet
1155 374 1357 427 primam
1407 375 1732 415 conuersionem
1776 375 1830 415 ab
1873 375 2080 428 operibus

140 437 353 485 mortuis,
403 437 447 477 ἅ
488 435 551 475 aa'
586 434 835 476 vocationis
877 434 1134 490 beneficium
1161 434 1409 488 pertineat,
1442 435 1572 488 eaque
1601 435 1904 476 remissionem
1931 443 2083 488 pecea-

139 504 307 545 tormn,
352 499 438 549 qna
479 496 613 536 etiam
656 501 802 535 actum
845 495 1165 547 applicationis
1207 502 1387 536 vostrae
1429 495 1776 549 comprehendit,
1813 496 2079 549 praecedat.-

140 556 264 613 (nam
295 557 419 597 Dens
450 563 553 597 actu
585 555 750 596 nemini
780 555 974 596 remittit
994 562 1176 608 peccata
1200 556 1291 596 722·ss
1315 556 1366 596 de
1392 556 1453 596 z'z‘s
1476 556 1657 610 dolenti)
1675 557 1782 609 qnia
1801 563 1945 597 tamen
1962 557 2084 597 vitae

138 632 304 670 qnoque
330 617 519 657 mutatio
547 619 591 658 ξφ
615 616 911 671 sanctificatio
940 623 1129 657 natm‘ae
1156 623 1331 657 vostrae
1358 623 1594 670 corruptae
1617 617 1910 672 significatur
1935 617 2081 657 eadem

136 692 257 726 voce,
293 684 442 730 potest
483 692 649 730 qnoque
685 678 749 718 aa'
775 677 1032 732 bemfieinm
1060 677 1414 732 glorlficatiom's
1444 678 1672 718 inchoatae
1702 678 1883 731 referri.
1935 677 2085 730 Atque

137 739 243 778 laaee
282 752 415 778 causa
458 745 524 778 est
566 752 645 778 cnr
685 738 915 778 doctrinae
946 738 998 778 de
1030 738 1312 778 Rcmz'ssz'onc
1337 745 1643 791 peecatorum,
1677 739 1784 779 llaec
1813 739 1865 778 de
1897 739 2084 791 Resipis-

137 800 279 839 centia
328 799 639 851 subiungatur.
690 798 811 847 Nos,
862 799 944 838 lcac
991 798 1318 851 disputatione,
1361 799 1414 838 de
1455 799 1773 852 Resipiscentia
1817 800 1864 839 2'72
1896 806 2086 852 vtraqve

136 859 471 914 Significatione
501 872 696 913 agemus.

961 983 1176 1021 THEsls
1215 983 1246 1020 Ι.

192 1103 506 1139 RESIPISCENTIA
543 1101 740 1140 Hebraice
774 1101 915 1140 dicitur
953 1102 1123 1152 Sclzuba7
1161 1113 1261 1150 quae
1290 1100 1447 1151 proprie
1475 1100 1774 1139 conuersionem
1804 1100 1942 1140 mentis
1971 1100 2087 1151 signi-

138 1155 238 1193 ficat.
276 1154 367 1192 huic
398 1156 607 1204 respondet
636 1168 714 1192 vox
743 1156 915 1204 Graeca,
943 1159 1151 1204 μετάνοια,
1182 1157 1216 1192 &
1245 1153 1384 1192 Latina
1412 1156 1623 1192 conuersa.
1651 1155 1784 1192 Altera
1813 1167 1890 1192 vox
1914 1156 2085 1192 Niellam

137 1215 340 1246 externum
379 1209 556 1246 dolorem
592 1208 801 1258 significat:
839 1209 990 1246 Graece
1026 1209 1272 1256 μεταμέλεια.
1309 1208 1332 1245 i.
1369 1207 1591 1245 sollicitudo
1626 1214 1716 1256 post
1745 1209 1910 1256 factum.
1939 1207 2087 1245 Latinis

130 1263 368 1310 paenitentia
407 1268 581 1300 vocatur.
622 1263 739 1299 Hanc
767 1274 908 1300 vocem
938 1260 1130 1309 Pontificij
1160 1261 1359 1299 mordicus
1388 1260 1554 1298 retinent
1582 1262 1788 1308 (Bellarm.
1817 1263 1861 1298 de
1879 1268 1997 1312 poen.
2025 1261 2087 1298 [sb.

145 1328 173 1351 ι.
217 1322 302 1366 cap.
347 1316 398 1362 7.)
442 1314 533 1364 quia
575 1315 665 1352 cum
706 1316 857 1353 tantum
885 1313 1141 1352 afflictionem
1171 1320 1367 1352 externam
1396 1313 1606 1364 significet,
1636 1314 1728 1352 facit
1755 1327 1829 1364 pro
1858 1313 2091 1352 stabilienda

139 1367 314 1417 ipsorum
356 1367 565 1417 sententia,
607 1379 684 1417 qua
725 1375 849 1407 actum
887 1369 1111 1405 eaeteriorem
1124 1398 1134 1415 a
1162 1368 1231 1416 qm·
1255 1373 1311 1405 est
1335 1369 1436 1405 intel·
1456 1369 1710 1419 poenitentem
1740 1369 1790 1406 ἐφ’
1817 1369 2089 1413 absoluentem.

139 1422 434 1459 Sacramentum
464 1433 546 1458 esse
575 1420 731 1459 dicunt:
761 1422 950 1459 Durami.
979 1421 1044 1459 lib.
1074 1435 1110 1469 4.
1139 1421 1225 1458 dist.
1254 1434 1291 1468 4.
1319 1426 1464 1470 quaest.
1498 1435 1530 1459 1.
1558 1421 1649 1459 ideo
1679 1420 2024 1469 meritoamultis,
2050 1426 2092 1457 vt

141 1473 432 1512 incommodior
459 1473 639 1512 reiicitur.
678 1475 789 1514 Valla
820 1476 859 1512 ia
896 1488 930 1512 2.
963 1474 1054 1512 Cor.
1084 1482 1169 1526 cap.
1204 1485 1238 1521 7.
1268 1474 1430 1512 Erasm.
1460 1476 1499 1512 in
1528 1481 1659 1512 annot.
1690 1475 1746 1512 ad
1770 1487 1805 1523 3.
1836 1481 1917 1524 caj’.
1942 1474 2092 1512 Mattlz.

138 1529 249 1564 Besa
278 1528 368 1565 ibid.
411 1526 607 1565 Differunt
647 1529 835 1574 μετάνοια
865 1527 900 1564 &
928 1528 1184 1576 μεταμέλεια,
1215 1526 1323 1576 quod
1359 1526 1425 1564 illa
1454 1528 1502 1566 sit
1529 1527 1694 1577 mentis,
1722 1529 1821 1565 haec
1850 1527 1999 1566 cordis:
2029 1526 2093 1564 illa

138 1588 428 1630 praesupponat
457 1581 636 1618 dolorem
666 1581 818 1629 cordis7
848 1581 946 1619 haec
972 1594 1053 1618 non
1081 1588 1392 1631 praesupponat:
1416 1582 1651 1630 μεταμέλεια
1666 1580 1714 1619 sit
1729 1581 1845 1619 etiam
1860 1580 2092 1631 impiorum.

137 1635 284 1672 Asattlc.
332 1644 392 1682 27.
435 1646 471 1682 3.
513 1634 699 1683 μετάνοια
743 1635 894 1672 tantum
933 1632 1101 1684 piorum.
1132 1634 1229 1671 Sunt
1257 1633 1324 1683 qui
1352 1633 1690 1684 regenerationem
1719 1636 1754 1673 &
1783 1633 2090 1684 resipiscentiam

138 1699 358 1736 synonyma
394 1693 549 1736 putant:
579 1686 695 1724 nobis
724 1699 804 1724 non
834 1686 887 1724 ita
915 1687 1086 1725 videtur:
1116 1700 1207 1725 nam
1238 1686 1521 1737 Resipiscentia
1550 1686 1717 1737 pertinet
1742 1687 1792 1725 ad
1820 1687 2092 1736 vocationem,

138 1739 380 1790 regeneratio
409 1740 459 1777 ad
490 1739 827 1789 glorificationem.
857 1742 928 1778 Illa
956 1739 1226 1778 remissionem
1255 1747 1509 1791 peccatorum
1530 1740 1746 1779 antecedit:
1776 1742 1872 1779 Luc.
1889 1754 1925 1791 3.
1942 1753 1979 1790 3.
1994 1740 2093 1778 haec

139 1793 325 1843 sequitur.
367 1792 674 1843 Resipiscentiae
715 1795 870 1831 termini
910 1801 998 1832 sunt
1042 1794 1122 1832 duo
1165 1795 1284 1844 facta3
1327 1800 1535 1844 peccatum
1577 1794 1831 1832 commissum
1873 1796 1908 1833 δε
1943 1794 2094 1832 bonum

141 1846 377 1885 faciendum.
421 1845 745 1897 Regenerationis
773 1846 928 1885 termini
957 1855 1047 1885 sunt
1077 1847 1176 1885 duae
1206 1846 1434 1897 qualitates.
1464 1859 1607 1896 nempe
1635 1847 1841 1886 inhaerens
1870 1846 2093 1897 corruptio.

141 1900 176 1937 δι
215 1900 398 1938 sanctitas
425 1911 526 1949 quae
554 1899 826 1939 introducitur.
856 1901 906 1937 Et
935 1900 965 1938 si
994 1907 1122 1938 autem
1153 1900 1439 1950 Resipiscentia
1467 1900 1609 1938 habeat
1638 1901 1896 1939 mutationem
1923 1900 2094 1950 aliquam

140 1953 281 2004 animi,
310 1960 441 1991 tamen
469 1952 534 1991 illa
561 1954 712 1991 tantum
740 1953 987 2003 praeparatio
1018 1960 1076 1992 est
1103 1953 1153 1991 ad
1183 1954 1541 2003 regenerationem:
1565 1953 1603 1991 in
1620 1954 1913 2004 regeneratione
1928 1953 2094 1992 mutatio

142 2013 199 2044 est
242 2006 462 2057 perfectior.
505 2007 744 2056 Quanquam
787 2019 880 2057 ergo
923 2014 1102 2056 tempore
1137 2006 1250 2045 simul
1279 2007 1374 2057 sint,
1403 2009 1541 2045 efficax
1568 2008 1757 2053 Vocatio,
1789 2006 2096 2057 Resipiscentia‚

141 2059 387 2106 Iustificatio.
418 2059 700 2109 RegeneratiQ
731 2059 1031 2110 distinguendae
1062 2068 1194 2098 tamen
1224 2067 1312 2098 sunt
1341 2067 1501 2099 naturae
1530 2059 1680 2100 ordine.

196 2127 231 2151 2.
287 2112 482 2151 Definitur
510 2120 641 2151 autem
671 2113 738 2151 sic.
768 2115 1049 2165 Resipiscentia
1077 2120 1134 2151 est
1163 2113 1326 2152 mutatio
1355 2114 1551 2164 quaedam
1581 2113 1928 2165 mentis&animi‚
1952 2114 2096 2151 amalo

141 2166 178 2204 in
209 2167 382 2215 bonum,
412 2179 459 2204 ex
486 2166 625 2204 dolore
655 2166 870 2204 secundum
900 2168 1029 2205 Deum
1058 2168 1248 2216 profecta.
1287 2169 1351 2206 Ab
1380 2166 1463 2205 aliis
1491 2167 1672 2205 definitur
1693 2180 1763 2217 per
1786 2167 1921 2206 odium
1947 2165 2099 2217 peccati

143 2221 178 2258 &
207 2232 384 2258 amorem
413 2219 592 2258 iustitiae.
623 2219 662 2257 Si
690 2232 763 2270 pro
793 2220 1110 2270 Regeneratione
1138 2220 1314 2270 ponitur,
1343 2221 1458 2258 nimis
1487 2228 1652 2270 angusta
1680 2220 1751 2259 erit
1775 2221 1872 2259 haec
1901 2219 2096 2259 definitio:

144 2284 372 2322 quanquam
415 2272 518 2311 enim
561 2272 600 2310 in
629 2272 689 2311 his
726 2273 930 2312 affectibus
965 2277 1152 2322 μετάνοια
1181 2287 1220 2312 se
1249 2273 1418 2312 maxime
1447 2275 1610 2324 prodat,
1639 2281 1768 2312 tamen
1799 2272 2099 2323 comprehendit

149 2337 308 2375 quoque
337 2325 611 2376 perfectiorem
640 2326 759 2364 totius
788 2326 928 2365 mentis
956 2330 991 2364 δι
1023 2327 1200 2364 omnium
1229 2328 1456 2365 facultatum
1479 2326 1560 2365 eius
1575 2327 1845 2366 mutationem.
1875 2327 2099 2366 Commode

147 2379 278 2429 itaque
320 2379 526 2417 definietur
567 2380 645 2418 hoc
688 2380 830 2419 modo:
874 2380 1168 2429 Resz'pz'scientia
1206 2387 1263 2418 est
1300 2381 1415 2419 dolor
1452 2387 1543 2430 post
1579 2387 1787 2430 peccatum
1815 2387 2100 2431 perpetratum,

148 2438 308 2483 propter
337 2433 529 2471 offensum
558 2434 711 2483 Deum7
741 2433 777 2470 &
803 2446 849 2471 ex
878 2433 1018 2471 dolore
1048 2433 1210 2471 mutatio
1240 2433 1358 2472 totius
1387 2433 1506 2472 animi
1535 2435 1558 2470 a
1586 2436 1691 2472 malo
1720 2434 1758 2472 in
1787 2434 1950 2472 bonum.

203 2498 238 2534 3.
300 2486 430 2524 Causa
467 2485 642 2524 efficiens
680 2486 905 2536 principalis
940 2494 997 2525 est
1037 2485 1218 2536 Spiritus.
1253 2486 1334 2525 siue
1362 2487 1495 2537 gratia.
1525 2488 1640 2525 Ezec.
1670 2488 1734 2536 36.
1765 2499 1826 2537 25.
1859 2489 1920 2525 26.
1949 2487 2031 2524 &³6.
2063 2499 2095 2523 2.

156 2539 252 2576 Tim.
298 2552 331 2577 2.
380 2551 440 2589 25.
483 2539 814 2590 Instrumentalis⁷
857 2541 1059 2578 facultates
1096 2539 1215 2577 animi
1252 2541 1394 2578 nostri:
1439 2542 1524 2578 [εν.
1555 2553 1616 2589 31.
1653 2554 1711 2591 19.
1740 2553 1821 2579 non
1851 2541 1986 2590 quales
2012 2545 2100 2578 sunt

148 2590 286 2629 natura
314 2592 382 2630 sed
413 2605 482 2642 per
510 2592 696 2638 Spiritum
725 2593 1000 2631 sanctificatae.
1030 2593 1174 2630 Errant
1203 2592 1333 2642 itaque
1361 2593 1426 2643 qui
1456 2594 1548 2632 huic
1570 2593 1715 2643 gratiae
1739 2594 1976 2632 substituunt
1989 2592 2102 2630 liber-

150 2651 269 2683 tatem
314 2645 460 2694 arbitrij
504 2648 539 2684 δι
581 2647 754 2684 Naturae
793 2646 894 2684 vires
932 2645 1117 2684 excitatas
1146 2658 1215 2695 per
1242 2654 1421 2684 naturam
1450 2646 1786 2697 praeuenientem:
1815 2646 1978 2698 gratiam
2008 2647 2102 2684 vero

156 2704 329 2735 statuunt
371 2700 521 2736 tantum
564 2698 793 2737 adiutricem
823 2701 857 2738 &
887 2698 1217 2749 cooperatricem.
1248 2701 1298 2738 ad
1327 2700 1576 2738 excitandum
1607 2702 1865 2749 voluntatem„
1893 2703 1973 2749 quo
2003 2699 2104 2736 vires

160 2762 249 2788 suas
293 2751 491 2801 expediat,
534 2763 635 2801 quae
664 2752 727 2790 vbi
757 2752 990 2791 infirmiores
1018 2759 1105 2790 sunt
1135 2752 1367 2791 adiuuentur
1395 2755 1417 2791 a
1446 2753 1589 2803 Spiritu
1618 2754 1776 2792 Sancto.
1818 2755 1963 2805 Ephes.
1995 2766 2029 2790 2.
2070 2765 2102 2788 1.

1111 2817 1156 2853 27
2021 2805 2102 2842 Col.
