2334 3020
292 123 362 162 232
908 118 1121 148 THESES
1162 118 1593 150 THEOLOGICAE.

293 229 493 276 negamus)
527 227 594 264 sed
621 238 739 275 quam
768 227 874 264 Deus
903 228 937 264 ἃ
967 227 1087 264 homo
1116 233 1173 264 est
1200 226 1238 264 in
1268 227 1413 265 vnitate
1442 240 1651 278 personae,
1681 229 1831 266 duabus
1859 226 2003 266 naturis
2030 226 2223 279 insepara-

291 280 417 317 biliter
447 279 578 317 vnitis:
608 281 710 317 recte
739 279 843 317 enim
871 279 995 328 inquit
1022 279 1275 330 Athanasius,
1308 279 1537 318 Creczturam
1568 295 1642 319 mm
1672 282 1904 328 adoramus,
1933 283 2003 318 sed
2024 282 2151 319 Deum
2182 284 2221 320 ilc

290 346 405 369 ccll‘lzc
432 338 574 370 creata.
614 332 702 370 Siue
730 332 897 381 denique
925 333 975 369 ad
1002 331 1186 381 Spiritum
1215 333 1401 370 Sanctum
1430 335 1577 383 solum,
1605 333 1671 383 qui
1696 340 1736 371 vt
1764 346 1837 372 nos
1866 346 1978 372 orare
2007 335 2142 384 docet,
2172 335 2223 373 ita

291 384 405 422 nobis
435 384 634 422 orantibus
663 385 796 422 omnia
825 384 1006 423 salutaria
1035 385 1140 423 dona
1167 385 1373 424 distribuit.

343 450 378 485 3.
435 439 562 475 Deum
599 445 727 476 autem
756 439 883 476 solum
911 437 1177 475 inuocandum
1206 451 1309 487 esse,
1339 450 1429 476 cum
1458 438 1625 476 maxime
1653 440 1880 477 mandatum
1909 439 2110 489 diuinum,
2143 452 2223 489 quo

289 490 361 527 sibi
402 490 473 528 soli
515 502 603 528 eum
647 490 986 529 honorem›tribui
1013 490 1154 541 voluit,
1190 492 1313 530 Eoeod.
1346 504 1407 529 20.
1436 491 1628 530 ostendit:
1659 499 1741 529 tum
1769 492 1867 530 ratio
1896 492 2040 530 euincit
2069 492 2224 531 euiden-

290 543 445 581 tissime.
488 544 589 581 Nam
628 543 666 580 in
703 543 926 582 inuocando
955 543 1027 581 tria
1055 543 1345 590 desiderantum
1376 544 1495 593 scire,
1523 545 1643 594 velle,
1672 557 1800 594 posse.
1843 545 1948 583 Scire
1976 545 2224 584 necessitates

292 603 441 633 nostras
469 597 573 634 solus
602 597 708 635 Deus
737 604 865 646 potest
894 597 1009 635 etiam
1039 597 1129 635 cum
1158 609 1238 635 non
1266 597 1455 647 petimus,
1484 599 1519 635 &
1550 599 1664 646 plene
1693 597 1912 647 perspicere
1932 598 2022 635 cum
2037 598 2223 648 petimus:

292 649 382 697 quia
424 649 506 698 ipse
546 651 650 688 solus
694 649 934 699 Omniscius,
975 650 1120 699 vbique
1161 662 1368 699 praesens,
1411 652 1446 688 &
1474 650 1653 688 cordium
1681 651 1893 700 penetralia
1924 651 2078 701 inspicit
2105 664 2224 694 vnus;

292 703 405 740 Rom.
434 706 470 740 8.
501 714 562 750 27.
591 704 667 740 les.
697 705 758 750 64.
792 716 824 741 2.
855 704 968 741 Solus
995 704 1215 753 voluntate,
1244 703 1427 752 singulari
1455 704 1596 753 modo,
1624 704 1659 741 &
1690 703 1872 741 distincto
1902 711 2008 752 actu,
2038 705 2087 742 ad
2111 704 2226 742 nobis

293 755 617 793 benefaciendum
647 757 886 806 propendet,
916 755 1006 805 quia
1032 757 1145 794 Pater
1174 763 1243 795 est.
1272 757 1385 794 Solus
1414 756 1584 805 denique
1612 756 1788 805 petitioni
1803 764 1959 795 nostrae
1975 764 2103 807 potest
2119 757 2224 795 satis-

292 808 440 857 facere,
469 808 560 857 quia
586 808 858 858 Omnipotens.
888 808 1042 857 Quibus
1070 809 1166 847 haec
1192 822 1272 847 non
1293 816 1522 859 competunt
1546 811 1686 847 frustra
1701 808 1786 858 quis
1801 809 1976 848 oratione
1992 810 2226 860 interpellet,

293 862 328 898 δι
356 860 481 899 surdis
509 862 617 910 quod
645 862 683 899 in
713 861 924 912 prouerbio
953 861 1093 899 dicitur
1121 869 1249 900 narret
1276 863 1460 900 fabulam.

343 927 379 961 4.
435 914 519 952 Nec
560 915 701 953 sufficit
743 917 873 953 Deum
914 916 1041 952 solum
1082 915 1288 962 inuocare,
1330 914 1401 953 nisi
1444 914 1572 965 ipsum
1601 916 1717 953 talem
1745 915 1974 953 inuocemus
2000 917 2156 965 qualern
2185 928 2226 954 se

288 966 462 1005 inuocari
491 968 612 1005 voluit
641 970 676 1006 δε
706 981 752 1007 eo
782 969 916 1007 modo.
946 969 1084 1006 Matth.
1119 979 1177 1018 15.
1207 982 1243 1019 9.
1271 969 1401 1006 Deum
1431 968 1533 1006 enim
1548 981 1616 1018 per
1631 967 1820 1018 imagines
1834 979 2081 1018 nequaquam
2096 970 2225 1007 colen-

289 1021 403 1065 dum,
433 1032 657 1070 expressum
687 1022 761 1059 Dei
789 1021 828 1059 in
856 1023 943 1072 lege
971 1022 1200 1060 mandatum
1229 1021 1355 1080 cogit:
1399 1021 1562 1060 Denter.
1592 1035 1628 1068 4.
1662 1022 1720 1060 16.
1757 1022 1886 1060 Exod.
1916 1034 1979 1060 20.
2009 1035 2044 1069 4.
2078 1023 2114 1060 δε
2143 1021 2225 1072 ipse

290 1085 330 1111 se
357 1073 519 1123 exprimi
546 1087 627 1112 non
654 1087 770 1124 posse
798 1087 879 1113 non
909 1086 987 1112 vno
1016 1074 1054 1112 in
1083 1076 1174 1113 loco
1203 1073 1431 1125 grauissimo
1461 1075 1720 1124 demonstrat,
1756 1075 1853 1112 Esa.
1895 1087 1958 1121 40.
2005 1077 2063 1113 18.
2107 1079 2226 1124 seque

292 1127 432 1164 fortem
461 1127 496 1164 &
525 1139 702 1166 seuerum
730 1127 940 1166 maiestatis
966 1139 1057 1165 suae
1086 1127 1280 1166 vindicem
1308 1129 1479 1165 futurum
1506 1127 1545 1165 in
1568 1139 1657 1166 eum
1673 1128 1892 1177 profitetur,
1915 1127 2089 1177 quisquis
2103 1129 2226 1166 hono-

291 1192 372 1217 rem
401 1180 488 1217 Deo
513 1180 585 1219 soli
612 1180 788 1219 debitum
814 1181 864 1219 ad
892 1180 1079 1230 imagines
1107 1180 1351 1219 deriuauerit.
1379 1180 1510 1218 Dictat
1538 1181 1589 1219 ad
1616 1181 1712 1219 haec
1741 1179 1839 1218 ratio
1853 1181 1972 1230 longe
1988 1193 2072 1219 esse
2093 1182 2224 1219 absur-

291 1231 510 1280 dissimum,
550 1233 784 1272 immensum
820 1234 916 1272 illud
953 1235 988 1272 &
1016 1233 1210 1272 infinitum
1239 1233 1313 1271 Dei
1341 1245 1508 1284 numen,
1537 1234 1646 1283 quod
1674 1246 1715 1272 se
1743 1233 1782 1271 in
1810 1233 2043 1272 manufactis
2070 1233 2223 1283 templis

291 1285 464 1323 habitare
506 1295 639 1336 negat,
683 1288 768 1325 Act.
820 1300 877 1335 17.
922 1300 981 1333 24.
1014 1287 1155 1337 exiguo
1183 1286 1279 1337 ligni
1306 1293 1372 1324 aut
1399 1286 1680 1336 qualiscunque
1709 1286 1891 1325 materiae
1919 1299 2037 1325 manu
2068 1286 2226 1325 artificis

292 1339 535 1388 elaboratae,
563 1352 730 1389 corpore
758 1342 856 1378 velle
885 1340 1102 1390 exprimere
1130 1345 1255 1389 eoque
1283 1339 1622 1378 circumscribere:
1653 1341 1743 1378 cum
1771 1339 1914 1390 vbique
1942 1352 2126 1390 praesens
2154 1340 2226 1389 sit,

292 1392 326 1428 &
358 1392 615 1440 praesentiam
645 1393 725 1430 eius
753 1394 861 1431 nullo
890 1406 970 1431 non
1000 1395 1089 1431 loco
1119 1394 1154 1431 &
1184 1400 1360 1442 tempore
1389 1393 1436 1431 sit
1463 1393 1786 1431 animaduertere.

346 1455 380 1493 5.
436 1446 472 1481 A
513 1458 614 1494 quo,
656 1447 691 1484 &
732 1446 935 1495 quomodo
965 1447 1177 1494 petendum
1207 1446 1273 1496 sit,
1303 1445 1488 1484 vidimus:
1518 1457 1623 1485 nunc
1651 1447 1747 1496 quid
1770 1446 1985 1495 petendum
2012 1445 2225 1483 videamus.

292 1498 337 1534 Id
366 1510 438 1535 nos
467 1498 547 1547 ipse
576 1499 767 1536 Dominus
796 1506 949 1549 noster,
979 1499 1255 1548 perfectissima
1278 1499 1342 1536 illa
1356 1498 1535 1537 oratione
1550 1498 1789 1548 compendio
1806 1498 1959 1548 docuit,
1982 1500 2121 1537 Matth.
2137 1500 2173 1536 6.
2190 1512 2225 1548 9.

292 1550 435 1588 Omnia
478 1551 655 1589 videlicet
683 1564 783 1601 quae
811 1552 956 1602 gloriae
986 1552 1059 1590 Dei
1086 1551 1234 1601 primo,
1263 1552 1404 1590 deinde
1433 1552 1548 1590 etiam
1578 1553 1684 1590 bono
1714 1559 1849 1590 nostro
1880 1551 2114 1601 inseruiunt,
2144 1551 2225 1589 siue

294 1605 398 1641 bona
439 1603 552 1641 nobis
594 1612 789 1654 petamus,
832 1606 912 1644 siue
956 1607 1056 1642 mala
1086 1606 1355 1655 deprecemur.
1411 1605 1524 1653 Quae
1552 1613 1683 1643 autem
1710 1605 1818 1643 bono
1848 1612 1983 1643 nostro
2012 1603 2225 1642 inseruiunt

290 1656 459 1704 duplicia
488 1665 587 1694 sunt.
626 1671 717 1695 nam
745 1665 810 1696 aut
839 1657 1049 1708 spiritualia
1077 1666 1166 1696 sunt
1194 1660 1228 1696 &
1256 1658 1408 1696 animae
1436 1665 1594 1696 nostrae
1621 1657 1836 1696 inseruiunt
1863 1657 1990 1707 primo
2019 1658 2055 1695 &
2084 1656 2221 1707 princi-

290 1709 445 1758 paliter,
475 1710 603 1759 qualia
631 1718 719 1748 sunt
747 1712 877 1749 omnia
906 1710 1073 1770 Spiritus
1097 1711 1228 1749 Sancti
1256 1711 1382 1760 dona,
1412 1711 1552 1759 quibus
1581 1712 1671 1748 esim
1701 1712 1863 1748 salutem
1891 1718 2064 1748 nostram
2091 1723 2226 1768 opera-

294 1774 378 1799 mul
390 1792 400 1811 ,
444 1770 525 1800 tum
563 1763 727 1801 aliorum
757 1763 906 1802 vtilitati
933 1764 1183 1802 inseruimus:
1213 1770 1279 1801 aut
1307 1771 1395 1801 sunt
1423 1763 1642 1813 corporalia
1670 1764 1708 1801 in
1738 1775 1849 1801 vsum
1878 1763 1978 1801 vitae
2005 1770 2161 1801 nostrae
2189 1762 2228 1800 in

294 1816 371 1852 hoc
414 1816 560 1853 mundo
603 1823 848 1867 comparata,
891 1822 1014 1875 eaque
1056 1824 1121 1854 aut
1164 1816 1381 1854 necessaria
1421 1825 1487 1854 aut
1515 1818 1748 1867 commoda,
1789 1816 1939 1866 priuata
1966 1823 2032 1854 aut
2059 1816 2227 1874 publica.

293 1868 405 1926 Quae
439 1868 618 1907 vniuersa
655 1882 744 1908 cum
773 1870 888 1908 nobis
916 1870 1028 1919 ipsis,
1063 1877 1145 1908 tum
1174 1869 1353 1919 proximo
1383 1882 1430 1907 ex
1459 1869 1653 1908 charitatis
1682 1870 1717 1906 &
1746 1869 1986 1907 Christianae
2013 1868 2228 1907 communi-

294 1921 380 1958 onis
410 1923 542 1971 regula
570 1922 749 1971 petimus.
780 1924 921 1972 Eplces.
951 1925 987 1961 6.
1022 1925 1080 1960 18.
1109 1925 1194 1960 Act.
1225 1936 1282 1960 12.
1300 1933 1333 1972 5.
1363 1924 1477 1961 Haec
1505 1923 1554 1960 de
1582 1922 1780 1961 Orationis
1807 1921 2095 1960 constitutione.

343 1975 378 2011 6.
435 1976 598 2013 Rectam
629 1979 721 2014 vero
751 1976 907 2014 Orantis
937 1977 1216 2026 (inpositionem
1247 1975 1453 2025 dupliciter
1481 1975 1790 2013 consideramus:
1822 1974 2032 2024 internam,
2055 1978 2226 2013 &exter—

291 2039 392 2066 nam.
435 2030 637 2065 laternam
680 2029 951 2078 intelligimus,
981 2028 1114 2066 Animi
1142 2028 1286 2066 orantis
1315 2028 1657 2079 constitutionem,
1686 2028 1724 2065 in
1753 2027 1942 2066 relatione
1971 2029 2021 2066 ad
2049 2029 2177 2066 Deum
2204 2030 2228 2065 a

291 2091 371 2128 quo
402 2080 565 2129 petitur:
595 2081 633 2118 in
662 2094 739 2130 qua
766 2082 848 2120 duo
877 2081 1123 2131 potissimum
1153 2081 1439 2130 desideramus,
1467 2081 1629 2131 Inopiae
1653 2080 2229 2130 conscientiam&impetrandi

293 2132 486 2172 fiduciam.
517 2135 677 2184 Inopiae
707 2135 1006 2183 conscientiam,
1034 2134 1124 2184 quia
1152 2135 1228 2172 hoc
1256 2146 1391 2172 verum
1420 2141 1477 2172 est
1505 2136 1555 2172 ad
1584 2135 1776 2172 orandum
1797 2133 2114 2183 incitamentum,
2139 2134 2227 2171 cum

291 2184 442 2223 animus
484 2186 639 2236 inopiae
681 2199 771 2225 suae
801 2190 835 2226 δι
863 2187 1047 2225 nuditatis
1074 2187 1275 2236 conscius,
1302 2200 1419 2236 opem
1449 2187 1523 2225 Dei
1552 2187 1831 2237 omnipotentis
1859 2187 2060 2236 implorat:
2089 2187 2227 2224 Matth.

299 2251 357 2276 11.
389 2241 448 2277 28.
492 2241 600 2278 Psczl.
634 2253 718 2289 143.
751 2254 784 2278 2.
827 2242 984 2278 Horum
1013 2242 1119 2279 Deus
1146 2253 1187 2278 se
1215 2242 1321 2278 certo
1351 2240 1491 2278 certius
1520 2240 1736 2278 orationem
1766 2240 1986 2278 auditurum
2015 2243 2228 2288 eorumque

294 2290 462 2330 misereri
488 2294 586 2330 velle
615 2295 828 2342 profitetur.
858 2293 1098 2343 Impetrandi
1126 2296 1218 2331 vero
1247 2292 1452 2343 fiduciam,
1480 2295 1606 2330 Marc.
1642 2307 1701 2332 11.
1734 2306 1793 2339 24.
1823 2293 1913 2342 quia
1940 2292 2034 2330 nihil
2062 2292 2135 2330 nisi
2161 2304 2229 2340 per

297 2344 411 2382 fidem
454 2344 658 2394 impetrare
695 2358 924 2396 possumus,
962 2346 1056 2384 certi
1084 2347 1212 2384 Deum
1242 2347 1278 2384 &
1305 2347 1458 2383 Patrem
1487 2354 1663 2384 nostrum
1692 2346 1730 2383 in
1759 2358 1934 2383 amorem
1975 2345 2098 2384 nostri
2137 2357 2228 2394 pro-

294 2397 435 2434 cliuem
478 2398 631 2447 omnia,
674 2401 763 2437 cum
793 2399 946 2437 animae
975 2407 1057 2436 tum
1087 2398 1244 2449 corpori
1271 2398 1508 2447 necessaria,
1537 2399 1894 2448 suppeditaturum,
1923 2398 2012 2447 quia
2038 2396 2227 2447 promisit.

293 2449 368 2486 Sed
407 2452 741 2499 quemadmodum
776 2452 946 2501 duplicia
979 2461 1066 2490 sunt
1102 2464 1201 2502 quae
1235 2451 1421 2501 petimus,
1457 2451 1667 2501 spiritualia
1701 2454 1736 2490 &
1772 2451 2012 2501 corporalia:
2045 2451 2097 2488 ita
2125 2450 2228 2487 circa

293 2503 390 2540 haec
418 2504 559 2541 fiducia
587 2511 719 2543 nostra
749 2505 880 2543 variat.
917 2506 988 2543 Illa
1017 2506 1121 2542 enim
1151 2504 1369 2542 indubitata
1396 2504 1538 2542 fiducia
1566 2505 1733 2554 petenda
1761 2511 1868 2554 sunt,
1896 2516 1969 2542 nos
1995 2503 2157 2541 omnino
2183 2515 2229 2540 ea

292 2567 376 2593 esse
413 2555 706 2605 impetraturos.
746 2559 843 2596 haec
870 2560 963 2595 vero
993 2558 1135 2596 fiducia
1163 2557 1390 2595 conditione
1418 2556 1596 2608 limitata,
1625 2570 1698 2595 nos
1727 2564 1809 2595 tum
1838 2558 1878 2605 (f.
1915 2559 2041 2605 1703.)
2070 2556 2229 2594 demum

294 2619 340 2644 ea
368 2608 664 2659 impetraturos,
693 2622 782 2647 cum
811 2612 918 2648 Deus
949 2623 993 2648 ea
1024 2611 1138 2648 nobis
1166 2609 1382 2649 necessaria
1410 2610 1641 2659 cognouerit
1663 2617 1728 2648 aut
1742 2609 1868 2660 vtilia,
1888 2609 1956 2658 qui
1969 2621 2066 2647 vnus
2083 2608 2230 2658 optime

292 2659 492 2699 vtilitatem
525 2671 697 2701 nostram
727 2664 836 2701 nouit
863 2663 1038 2722 operari·
1070 2665 1210 2702 Mattlz.
1239 2665 1274 2700 6.
1305 2665 1340 2701 8.
1370 2664 1405 2701 &
1435 2663 1606 2702 aduersis
1634 2676 1748 2713 saepe
1778 2669 1932 2701 exercet
1959 2668 2074 2711 atque
2089 2660 2230 2699 excitat

299 2715 320 2749 e
352 2721 511 2752 veterno
539 2717 758 2753 mundanae
787 2716 1012 2754 securitatis.

351 2778 383 2813 7.
445 2769 662 2806 Laeternam
700 2769 845 2807 orantis
869 2769 1164 2818 dispositionem
1193 2769 1230 2806 in
1260 2769 1410 2806 duabus
1439 2770 1553 2807 rebus
1580 2768 1825 2818 potissimum
1853 2767 2164 2806 consideramus.
2156 2765 2231 2856 b.in

2101 2831 2168 2857 ver
2199 2831 2230 2855 is
