2334 3020
252 124 327 160 280
872 126 1088 157 THESES
1131 125 1557 157 THEOLOGICAE.

244 250 408 288 quaeso,
448 236 557 286 quod
583 243 788 285 peccatum
816 241 895 283 est,
933 237 969 274 &
996 247 1065 285 per
1093 246 1338 284 consequens
1366 236 1453 273 Deo
1483 245 1668 285 exosum,
1707 236 2001 275 Sacramentum
2029 250 2112 277 esse
2139 239 2175 277 δι

246 290 409 341 gratiam
437 290 636 339 conferre,
665 285 832 338 poterit?

301 356 359 392 13.
414 343 536 380 Porro
569 343 666 379 haec
702 341 743 379 in
776 353 895 379 vnam
929 353 1088 379 carnem
1116 342 1324 378 coniunctio
1353 341 1470 379 debet
1499 354 1582 379 esse
1613 345 1667 383 (vt
1694 341 1875 390 diximus)
1903 344 2096 394 legitima,
2125 343 2169 382 id

247 403 304 434 est
333 407 554 446 congruens
581 394 656 444 legi
683 393 838 432 diuinae
867 396 901 432 &
929 401 1108 436 naturae.
1137 405 1237 442 quae
1261 393 1394 431 omnia
1412 394 1511 431 iusta
1532 395 1568 432 δε
1589 395 1753 433 honesta
1774 395 1978 444 praecipit.
2004 407 2174 445 aequum

247 449 377 498 itaque
414 455 470 487 est
504 450 540 486 δι
575 447 863 497 necessarium,
905 460 952 485 ex
988 446 1082 496 legis
1121 446 1277 484 diuinae
1314 447 1507 496 aequitate
1545 449 1580 485 &
1607 447 1858 497 necessitate,
1901 455 1940 486 vt
1970 448 2177 499 coniugale

248 502 446 540 vinculum
476 502 543 539 fiat
570 513 661 538 cum
690 507 894 550 parentum
922 511 1137 550 consensu,
1167 512 1214 537 ex
1242 499 1435 549 aequitate
1466 500 1502 537 δε
1529 500 1734 540 honestate
1760 504 1853 539 vero
1878 501 2057 552 publica,
2083 515 2178 540 con-

246 566 380 593 sensus
408 553 525 592 etiam
553 566 711 603 eorum,
739 554 806 603 qui
834 555 1044 591 Parentum
1073 551 1199 590 vicem
1227 560 1383 602 gerunt,
1412 552 1630 602 requiritur.
1658 555 1782 592 Exod.
1801 567 1862 592 22.
1883 556 1940 592 16.
1972 556 2092 594 Deut.
2119 568 2179 593 22.

247 609 368 645 Num.
398 620 462 656 30.
492 620 556 657 39.
596 621 630 645 2.
657 608 761 645 Sam.
795 619 854 655 13.
888 619 946 656 13.
993 619 1026 644 1.
1052 608 1138 643 Cor.
1171 616 1205 653 7.
1235 607 1297 655 56.
1349 606 1549 656 Excempla.
1579 608 1670 646 Iud.
1708 620 1768 655 14.
1802 618 1860 657 15.
1902 608 2017 646 Gene.
2048 621 2111 655 24.
2143 621 2180 655 4.

249 662 299 698 ξφ·
325 674 359 699 2.
390 663 452 699 28.
511 674 543 699 1.
577 659 724 710 Impius
752 659 916 709 proinde
945 665 1003 697 est
1028 658 1202 696 Romani
1224 659 1396 708 Neptuni
1424 666 1608 710 conatus,
1649 661 1758 709 quod
1786 660 1974 699 Tridente
2002 672 2074 699 suo
2101 661 2180 710 pie-

245 720 365 752 tatem
403 714 505 752 hanc
546 715 634 752 Deo
677 713 712 750 δε
752 712 980 751 Parentibus
1021 711 1195 751 debitam
1235 718 1375 750 contra
1416 712 1491 750 Dei
1531 713 1641 751 verbi
1669 713 1942 752 auctoritatem
1971 714 2180 753 deturbare

247 768 428 818 student,
462 767 602 805 Concc'l.
637 767 749 804 Trici.
778 779 866 804 sess.
901 779 961 813 24.
991 767 1027 804 δε
1058 765 1207 803 dictum
1231 764 1330 803 illius
1358 764 1589 815 impudens,
1620 767 1729 816 quod
1752 766 1976 805 huiusmodi
1998 766 2180 817 coniugia

246 833 328 858 non
356 819 476 857 modo
505 819 690 869 legitima.
723 819 792 858 sed
819 819 935 857 etiam
963 825 1205 857 sacramenta
1232 831 1315 856 esse
1344 825 1508 869 asserat,
1535 820 1725 859 Bellarm.
1753 822 1797 857 de
1823 822 1990 859 matrim.
2017 827 2103 871 cap.
2121 833 2182 858 20.

246 873 455 911 immemor
483 872 630 911 decreti
660 872 760 910 illius
789 872 984 922 Gratiani,
1025 873 1182 910 Decret.
1201 877 1315 922 part.
1348 885 1380 909 2.
1410 885 1528 909 causa
1557 885 1621 921 30.
1649 886 1685 922 q.
1716 883 1750 922 5.
1779 886 1810 911 c.
1844 887 1874 910 1.
1922 875 2095 912 Petenda
2124 879 2184 911 est

249 939 347 964 vxor
373 928 397 963 a
425 926 673 976 parentibus,
702 927 774 964 &o
803 937 914 964 secus
942 925 1046 964 enim
1075 931 1163 962 sunt
1191 924 1398 975 adulteria,
1427 931 1559 974 stupra
1587 926 1659 963 &c.

309 992 367 1026 14.
422 980 641 1029 Honestas,
669 991 768 1029 quae
795 978 945 1029 legibus
973 985 1133 1017 naturae
1161 977 1454 1027 praescribitur,
1479 977 1578 1016 inter
1605 991 1724 1016 carne
1751 978 2018 1030 propinquos,
2047 978 2184 1017 coniu-

247 1032 355 1083 gium
392 1039 521 1082 vetat,
563 1032 636 1071 nisi
664 1033 754 1070 cum
782 1045 889 1070 mera
917 1031 1148 1081 necessitas,
1191 1037 1257 1068 aut
1284 1031 1452 1081 speciale
1479 1031 1555 1069 Dei
1583 1032 1814 1070 mandatum
1841 1032 1892 1070 ad
1920 1031 2118 1071 Ecclesias
2148 1034 2183 1071 δι

246 1084 506 1135 Respublicas
533 1087 594 1133 (vt
621 1085 661 1123 in
689 1086 815 1136 prima
843 1087 1082 1136 populorum
1111 1083 1279 1134 origine)
1306 1084 1348 1122 id
1375 1086 1556 1134 postulat.

306 1149 365 1188 15.
421 1139 518 1176 Sunt
554 1146 684 1177 autem
719 1151 836 1176 carne
873 1138 1110 1188 propinqui,
1152 1144 1218 1175 aut
1247 1137 1430 1187 cognati,
1472 1137 1512 1175 id
1538 1145 1596 1176 est
1625 1150 1672 1176 ex
1699 1138 1838 1177 eadem
1867 1137 1985 1187 stirpe
2014 1142 2183 1190 γενάρχῳ

248 1192 348 1241 orti,
390 1193 426 1230 &
454 1191 733 1242 consanguinei
762 1192 964 1230 dicuntur:
1007 1197 1072 1229 aut
1101 1189 1297 1229 conciliati
1325 1193 1361 1229 δε
1389 1190 1482 1228 facti
1510 1192 1594 1229 sola
1621 1192 1844 1242 nuptiarum
1871 1192 2180 1237 necessitudine,

249 1248 285 1285 &
313 1244 448 1283 affines
477 1246 735 1295 appellantur.

304 1299 363 1336 16.
426 1297 710 1347 consanguinei
742 1297 1040 1336 considerantur
1076 1297 1115 1334 in
1151 1296 1253 1334 linea
1288 1303 1393 1335 recta
1422 1299 1457 1335 &
1486 1298 1711 1338 collaterali.
1754 1300 1800 1336 In
1828 1297 1928 1336 linea
1956 1303 2062 1335 recta
2091 1302 2184 1334 sunt

246 1349 419 1394 ἀνιοντες
441 1350 522 1389 siue
539 1352 816 1397 ascendentes.
845 1353 978 1397 Pater,
1007 1352 1138 1397 Auus,
1167 1361 1358 1401 proauus,
1381 1352 1454 1389 διο.
1480 1358 1545 1390 aut
1568 1357 1764 1395 κατίοντες
1779 1351 1860 1389 siue
1876 1350 2183 1397 descendentes,

249 1403 368 1452 filius,
399 1417 542 1455 nepos,
572 1417 790 1455 pronepos,
820 1406 892 1443 &c.
922 1403 989 1453 qui
1014 1416 1151 1443 omnes
1179 1403 1264 1453 ipso
1293 1411 1454 1442 naturae
1483 1405 1620 1442 ordine
1650 1405 1934 1455 impediuntur,
1963 1405 1998 1442 &
2027 1403 2067 1441 in
2095 1415 2180 1452 per-

248 1463 409 1506 petuum
433 1459 485 1496 ob
510 1457 706 1508 sanguinis
727 1457 1003 1507 reuerentiam,
1025 1456 1284 1507 prohibentur
1299 1457 1497 1495 connubia
1512 1457 1683 1508 iungere.
1712 1459 1832 1497 Levz't.
1855 1461 1911 1495 18.
1930 1468 1965 1504 7.
1988 1458 2030 1505 (f.
2050 1460 2179 1504 1744).

304 1521 363 1557 17.
419 1512 464 1548 In
487 1510 589 1549 linea
618 1511 832 1549 collaterali
869 1517 982 1561 sunt,
1025 1509 1091 1560 qui
1119 1510 1169 1547 ab
1198 1510 1337 1548 eadem
1365 1509 1482 1560 stirpe
1511 1510 1758 1549 dextrorsum
1786 1512 1822 1549 δε
1851 1509 2114 1549 sinistrorsum
2142 1521 2183 1546 se

246 1562 488 1613 diffundunt,
517 1566 651 1613 quales
674 1571 762 1603 sunt
790 1563 1008 1613 superiores
1037 1562 1215 1613 quidem,
1245 1565 1481 1613 auunculus,
1512 1570 1690 1613 patruus,
1719 1570 1877 1614 patruus
1895 1574 2081 1613 magnus,
2111 1561 2183 1600 &c.

244 1615 452 1654 Inferiores
480 1620 574 1656 vero
603 1618 785 1667 fratrum,
829 1620 1089 1666 sororumque
1117 1615 1207 1666 filij,
1249 1617 1385 1655 fratres
1410 1616 1580 1665 denique
1608 1624 1646 1655 et
1674 1629 1828 1656 sorores
1856 1617 1895 1655 in
1924 1622 2033 1655 recta
2060 1615 2185 1664 linea,

245 1667 326 1706 siue
354 1682 402 1707 ex
430 1682 508 1708 vno
539 1670 620 1708 siue
650 1684 696 1708 ex
724 1678 891 1720 Vtroque
920 1676 1080 1720 parente
1107 1669 1201 1707 nati.

302 1724 361 1759 18.
418 1723 488 1761 Est
524 1730 655 1761 autem
693 1723 794 1761 linea
822 1722 1054 1761 collateralis
1084 1722 1240 1772 duplex.
1283 1724 1314 1760 Ι.
1345 1721 1542 1773 aequalis,
1571 1724 1661 1761 cum
1693 1723 1906 1773 aequaliter
1932 1735 1955 1760 a
1983 1719 2185 1760 communi

244 1774 362 1824 stirpe
406 1775 549 1814 distant
591 1777 759 1827 cognati.
814 1778 864 1814 ΙΙ.
893 1775 1133 1825 Inaequalis,
1180 1776 1270 1813 cum
1297 1774 1574 1825 inaequaliter,
1618 1775 1684 1826 qui
1716 1776 1970 1826 inaequaliter
2007 1774 2108 1812 inter
2144 1785 2185 1811 se

245 1827 389 1865 distant
416 1828 597 1880 propius,
640 1829 930 1868 matrimonium
965 1829 1135 1879 legitime
1171 1829 1404 1867 contrahere
1439 1841 1520 1866 non
1559 1836 1746 1878 possunt,
1787 1828 1879 1878 quia
1906 1830 2116 1866 Parentum
2144 1828 2181 1864 &

246 1880 460 1919 liberorum
489 1882 615 1921 vicem
643 1882 846 1921 obtinent:
881 1896 914 1921 1.
944 1884 1041 1920 Tim.
1073 1893 1107 1932 5.
1138 1895 1172 1928 4.
1211 1881 1277 1931 qui
1307 1885 1401 1920 vero
1429 1882 1663 1932 aequaliter,
1702 1889 1867 1932 possunt
1894 1881 1934 1919 in
1962 1881 2087 1931 gradu
2116 1878 2184 1928 qui

245 1942 403 1983 quartus
432 1942 490 1974 est
518 1937 736 1974 secundum
763 1936 1079 1985 supputationem
1107 1934 1295 1985 Ciuilem,
1333 1934 1535 1984 antiquam
1563 1937 1598 1973 «Sc
1626 1949 1788 1974 veram:
1832 1935 2034 1974 Secundus
2063 1935 2182 1982 vero,

247 1988 462 2026 secundum
490 1989 548 2027 ius
576 1989 786 2040 irregulare
815 1988 1132 2027 Canonistarum.

305 2054 365 2091 19.
420 2043 481 2080 De
518 2042 703 2080 affinitate
737 2041 876 2080 iunctis
911 2056 981 2092 par
1009 2048 1066 2080 est
1097 2041 1221 2079 ratio:
1264 2040 1321 2079 vir
1350 2041 1452 2080 enim
1481 2041 1517 2078 &
1545 2053 1641 2079 vxor
1669 2048 1758 2080 sunt
1788 2054 1864 2079 vna
1892 2053 2007 2092 caro,
2049 2039 2181 2088 itaque

253 2104 333 2142 quo
371 2095 495 2144 gradu
528 2095 721 2146 quispiam
759 2102 816 2134 est
853 2095 1139 2145 consangineus
1176 2094 1306 2145 vxori,
1343 2106 1391 2133 eo
1429 2093 1545 2132 etiam
1579 2094 1703 2145 gradu
1730 2095 1774 2133 fit
1801 2094 1929 2133 affinis
1958 2092 2120 2143 marito,
2147 2091 2184 2128 &

252 2159 337 2185 vlce
364 2160 489 2187 versa.

306 2213 366 2238 20.
421 2201 540 2240 Ratio
582 2208 713 2241 autem
754 2201 1040 2252 supputationis
1079 2201 1273 2251 graduum
1313 2212 1431 2250 quam
1459 2207 1593 2239 tenent
1622 2200 1875 2251 Canonistae,
1903 2206 1942 2238 et
1969 2204 2183 2249 sequuntur

249 2253 462 2304 Pontificij,
506 2266 595 2293 cum
637 2255 788 2293 ratione
831 2268 912 2293 non
954 2255 1043 2293 satis
1084 2253 1295 2292 conuenit:
1335 2256 1522 2293 Bellarm.
1560 2256 1604 2292 de
1637 2256 1806 2292 matrim.
1843 2260 1929 2305 cap.
1961 2253 2049 2293 26:23
2059 2251 2182 2289 multo

251 2306 377 2344 minus
407 2307 589 2346 distantia
617 2308 878 2358 legitimarum
906 2319 1185 2358 personarum,
1227 2307 1309 2345 siue
1344 2319 1462 2357 quam
1499 2314 1638 2345 contra
1675 2307 1752 2345 Dei
1785 2309 1821 2346 &
1848 2312 2009 2344 naturae
2036 2306 2186 2354 legem,

252 2367 389 2397 contra
425 2361 582 2399 laudata
616 2369 790 2399 veterum
825 2363 1024 2411 exempla,
1065 2363 1101 2399 &
1136 2361 1294 2397 Patrum
1330 2359 1572 2409 testimonia,
1614 2363 1780 2409 August.
1809 2361 1875 2398 lib.
1907 2369 1967 2408 15.
1996 2359 2040 2396 de
2073 2357 2183 2395 Oz'uz't.

251 2413 351 2462 Dei,
393 2420 474 2463 cap.
505 2416 564 2452 16.
602 2414 770 2464 primum
800 2413 985 2453 Nicolaus
1014 2415 1119 2464 Papa
1146 2413 1302 2463 posuit,
1343 2413 1468 2463 gradu
1498 2425 1531 2462 7.
1562 2419 1600 2450 et
1628 2412 1842 2464 Gregorius
1869 2411 2061 2449 firmauit:
2103 2409 2185 2447 siue

250 2476 369 2514 quam
392 2470 528 2516 postea
543 2467 807 2506 Innocentius.
824 2480 860 2516 3.
889 2469 963 2506 hac
990 2467 1156 2516 abolita,
1186 2466 1420 2516 somniauit,
1449 2469 1485 2505 Sc
1512 2466 1563 2504 ad
1590 2466 1697 2504 hunc
1723 2478 1845 2516 vsque
1873 2465 1979 2504 diem
2006 2462 2185 2501 Pontifex

250 2519 516 2571 conseruauit,
557 2522 693 2558 Concil.
728 2522 768 2557 T
763 2522 840 2560 rid.
2161 2566 2169 2573 ,

305 2584 364 2609 21.
421 2574 543 2611 Porro
573 2586 654 2611 non
683 2573 795 2611 nouit
824 2586 934 2612 sacra
963 2574 1159 2623 Scriptura
1187 2572 1426 2622 spiritualem
1454 2574 1490 2611 &
1517 2573 1684 2621 legalem
1712 2571 2012 2622 cognationem,
2040 2575 2079 2606 et
2101 2568 2185 2605 reh-

251 2635 347 2672 quas
378 2625 602 2676 affinitates,
632 2638 728 2676 quas
757 2626 948 2676 Pontificij
980 2626 1205 2676 coniugium
1233 2632 1479 2664 contractum
1507 2625 1689 2663 dirimere
1714 2631 1907 2663 statuunt:
1942 2621 2187 2670 Greg.lib.4.

250 2678 304 2714 tit.
336 2690 393 2714 11.
419 2691 474 2727 c.3
501 2680 652 2718 Decret.
681 2693 714 2718 2.
734 2686 831 2730 par.
857 2693 975 2717 causa
999 2682 1061 2728 38.
1082 2694 1119 2729 q.
1148 2692 1180 2716 1.
1197 2679 1247 2715 ἐφ’
1262 2689 1296 2728 5.
1325 2680 1449 2717 multo
1476 2677 1604 2716 minus
1626 2679 1726 2716 ferre
1749 2684 1879 2728 potest
1899 2675 2122 2732 superbiam
2150 2674 2185 2711 &

252 2731 513 2779 arrogantiam
541 2732 607 2782 filij
637 2732 885 2783 perditionis,
915 2732 981 2782 qui
1008 2732 1081 2770 sibi
1107 2731 1379 2770 auctoritatem
1403 2737 1580 2781 arrogat,
1609 2743 1656 2769 ex
1670 2730 1910 2781 plenitudine
1925 2732 1983 2779 (vt
1996 2727 2182 2777 loquitur)

252 2783 470 2835 potestatis,
508 2785 587 2824 imo
613 2788 708 2824 vero
737 2785 964 2836 impietatis,
1002 2784 1253 2836 dispensandi
1281 2784 1321 2822 in
1349 2784 1532 2823 omnibus
1561 2783 1807 2834 cognationis
1834 2781 2044 2834 gradibus,
2071 2790 2182 2829 prae-

2003 2840 2183 2882 terquam
