2334 3020
237 82 283 119 26
882 83 1157 112 FRANCISC1
1196 85 1335 118 JUNII
1376 83 1501 110 VITA.

235 197 481 246 attigeramus
521 193 673 242 vinum,
716 203 836 240 quum
871 192 1012 240 hospes
1038 193 1061 227 a
1095 189 1242 228 foribus
1269 190 1446 238 aduolat,
1475 189 1656 227 certiores
1682 200 1753 226 nos
1780 187 1871 225 facit
1897 200 1963 226 sex
1989 188 2142 227 lictores

234 248 272 285 in
299 247 519 297 propinquo
547 257 630 283 esse
657 243 852 281 venientes
880 243 930 280 ad
955 255 1048 292 nos,
1078 241 1230 291 postico
1258 240 1363 279 iubet
1390 241 1553 290 migrare
1581 240 1676 291 alio,
1703 242 1739 279 &
1762 247 1916 279 nostrae
1944 241 2143 278 saluticon

235 301 370 339 sulere.
397 301 456 336 Ita
485 299 561 335 huc
588 297 678 334 illuc
706 296 755 333 de
783 295 902 333 domo
929 294 967 332 in
995 295 1155 332 domum
1183 294 1236 331 fui
1263 293 1572 342 circumductus,
1600 300 1640 331 vt
1667 293 1820 331 fraudes
1840 292 2001 330 istorum
2022 292 2143 331 homi-

234 365 327 390 nvm
367 353 402 390 δι
442 350 520 388 vim
558 349 736 387 iniustam
764 348 981 396 effugerem.
1024 348 1134 384 Haec
1157 347 1228 384 sub
1256 347 1511 384 Pentecosten
1534 352 1658 395 gesta,
1695 357 1813 395 quum
1841 346 1970 383 adhuc
1998 345 2036 382 in
2062 352 2144 383 tota

234 406 354 443 ferme
381 403 588 441 Brabantia
615 400 823 439 conciones
851 399 972 437 nostri
999 400 1185 437 haberent
1211 399 1448 447 clanculum,
1476 398 1603 436 multis
1628 397 1946 447 reclamantibus,
1975 399 2010 435 δε
2039 397 2143 447 igna-

234 457 359 507 uiam,
386 454 638 493 inuidentiam
666 452 761 491 boni
787 451 955 502 publici,
984 451 1137 489 inanem
1164 457 1328 501 metum,
1357 449 1610 488 diffidentiam
1633 450 1850 489 Christiano
1865 450 2004 500 quouis
2019 449 2141 500 indig-

235 522 326 547 nam
362 506 662 547 criminantibus.
703 504 780 543 Sed
816 515 905 542 cum
941 510 1099 541 auctore
1131 503 1297 541 maxime
1326 504 1361 541 &
1389 501 1534 541 artifice
1559 503 1689 552 Viglio
1717 503 1952 541 Zvvichemo
1981 502 2141 551 Consilij

235 560 468 611 Burgundici
494 558 688 610 praeside,
724 563 813 606 post
839 556 944 594 illam
972 555 1181 595 nobilitatis
1207 555 1386 605 Belgicae
1413 554 1734 606 postulationem,
1761 556 1868 594 cuius
1897 557 1985 593 ante
2013 555 2144 594 memi-

236 614 361 653 nimus
377 644 388 665 ,
423 624 548 651 nouae
582 613 687 660 leges
716 609 754 647 in
783 608 983 659 religiosos
1010 610 1046 646 &
1073 608 1159 658 pios
1186 609 1362 661 homines
1390 607 1556 646 veritatis
1583 614 1755 646 amantes
1783 610 2033 658 cuderentur,
2063 621 2144 657 spe-

235 667 342 705 cioso
381 663 659 704 Moderationis
698 661 856 700 nomine
897 662 1164 712 exornandae,
1205 672 1304 711 quae
1341 668 1470 699 tamen
1507 659 1601 697 nihil
1628 660 1677 698 de
1705 661 1907 699 atrocitate
1934 662 2047 710 plane
2074 660 2146 698 nisi

234 719 274 757 in
309 718 478 768 speciem
505 715 771 765 remittebant,
804 721 886 752 tum
913 713 1140 764 grauissimo
1167 714 1322 764 piorum
1349 714 1527 762 adeoque
1557 712 1817 751 Ecclesiarum
1845 713 2021 752 vniuerse
2048 713 2146 763 peri-

233 773 322 810 culo
365 769 544 820 cognito,
586 770 621 806 &
663 766 919 805 conuentibus
959 766 1109 817 aliquot
1150 779 1320 816 expenso
1358 765 1512 816 (quibus
1550 765 1664 803 etiam
1690 765 1749 804 bis
1777 779 1843 816 per
1873 765 1969 803 illud
1995 772 2146 816 tempus

234 823 468 872 Antuerpiae
502 820 701 871 Philippus
735 819 947 857 Marnixius
983 820 1021 858 S.
1056 818 1326 869 Aldegondius
1360 818 1544 867 interfuit)
1574 817 1699 856 visum
1727 825 1784 856 est
1810 818 2068 857 necessarium
2096 818 2148 856 ad

233 874 512 926 praeuertenda
550 872 728 924 grauiora
768 871 1030 910 Ecclesiarum
1069 871 1342 923 incommoda,
1379 879 1419 910 vt
1455 871 1788 921 quemadmodum
1816 872 1847 909 F
1850 870 1974 909 landri
2000 870 2146 909 iamdiu

232 930 423 977 fecerant,
462 927 514 964 ita
550 938 622 964 nos
656 924 812 976 publice
841 924 1059 963 Ecclesiam
1091 924 1383 975 colligeremus,
1412 923 1701 972 concionesque
1729 923 1767 960 in
1795 924 2001 973 propatulo
2029 924 2145 961 habe-

232 991 377 1031 remus,
412 981 500 1017 cum
537 977 773 1028 Antuerpiae
799 985 881 1015 tum
908 977 1144 1028 vbicumque
1171 979 1297 1015 futura
1326 984 1425 1016 esset
1453 976 1760 1026 colligendarum
1788 975 2047 1014 Ecclesiarum
2076 988 2146 1025 per

234 1032 489 1083 Euangelium
516 1030 657 1070 Christi
684 1029 955 1068 commoditas.
985 1031 1076 1079 Quo
1108 1037 1283 1079 tempore
1311 1030 1606 1080 Confessionem
1620 1028 1865 1078 Belgicarum
1880 1027 2144 1066 Ecclesiarum

235 1086 284 1124 de
306 1084 474 1135 Synodi,
502 1095 601 1134 quae
616 1083 772 1121 ineunte
795 1082 901 1121 Maio
925 1083 1056 1121 habita
1069 1084 1210 1132 fuerat,
1227 1082 1414 1121 sententia
1428 1081 1666 1131 recognitam
1681 1082 1731 1119 ad
1746 1082 1880 1120 fratres
1895 1081 2145 1119 Geneuenses

233 1137 331 1188 misi,
344 1147 385 1176 vt
398 1140 422 1175 a
436 1150 475 1176 se
489 1138 694 1187 probatam
709 1134 848 1173 excudi
862 1137 902 1185 (f.
924 1137 998 1183 16.)
1010 1135 1196 1185 sinerent,
1212 1135 1243 1174 si
1256 1135 1449 1174 videretur
1464 1135 1554 1173 vtile
1564 1165 1574 1183 ,
1585 1135 1620 1171 &
1634 1133 1848 1172 institutum
1862 1134 1957 1171 illud
1970 1140 2145 1171 nostrum

236 1192 323 1228 Deo
351 1189 530 1239 precibus
556 1188 885 1227 commendarent.
915 1188 978 1226 Sic
1005 1190 1041 1226 δι
1063 1188 1346 1227 Moderationis
1360 1188 1458 1226 illius
1474 1186 1678 1226 consilium
1693 1186 1806 1225 Iunio
1822 1199 1955 1225 mense
1970 1197 2146 1224 euersum

238 1249 313 1293 est,
342 1244 377 1280 &
405 1242 600 1280 Ecclesiae
627 1241 678 1279 ad
705 1240 933 1299 miraqulum
962 1247 1124 1290 coeptae
1151 1241 1371 1291 propagari.
1399 1241 1483 1279 Etsi
1503 1246 1632 1278 autem
1648 1238 1884 1288 reliquorum
1905 1241 2066 1277 fratrum
2082 1238 2148 1287 qui

235 1295 275 1333 in
301 1295 434 1345 Belgio
464 1294 682 1333 seruiebant
709 1295 903 1344 Dormno,
932 1305 1068 1332 secura
1095 1300 1176 1331 tum
1203 1295 1253 1332 ab
1280 1293 1451 1332 hostium
1478 1292 1562 1332 telis
1590 1292 1666 1330 vita
1694 1293 1729 1329 δι
1758 1292 1906 1330 functio
1934 1298 2016 1330 tota
2043 1290 2149 1329 vide-

237 1349 368 1398 batur,
395 1347 489 1385 mihi
516 1354 645 1385 tamen
672 1346 789 1384 infida
816 1345 1052 1396 omniazquia
1080 1346 1340 1385 Gubernatrix
1367 1346 1431 1384 illa
1453 1345 1670 1389 Parmensis
1698 1344 1829 1382 omnia
1850 1357 1918 1394 per
1932 1343 2150 1382 Ecclesiam

239 1399 449 1450 Gallicam,
477 1411 574 1449 quae
602 1407 684 1437 tum
712 1405 794 1438 erat
822 1399 1078 1449 Antuerpiae,
1106 1398 1321 1437 Ecclesiam
1345 1411 1414 1449 per
1437 1411 1498 1437 me
1513 1397 1754 1436 commoneri
1768 1397 2026 1436 arbitrabatur
2039 1397 2150 1434 falso.

237 1453 338 1490 Nam
374 1451 489 1490 etiam
525 1463 644 1501 quum
678 1462 783 1490 nouo
812 1458 1036 1490 commento
1064 1450 1243 1500 publicos
1272 1459 1406 1490 coetus
1433 1458 1587 1489 nostros
1616 1449 1773 1499 cupiens
1802 1449 2033 1499 dissoluere,
2061 1461 2148 1498 pro-

236 1504 360 1543 missis
388 1505 423 1542 &
450 1504 562 1542 minis
585 1504 807 1542 sollicitaret
821 1504 1017 1543 Ecclesias
1030 1534 1040 1554 ,
1065 1510 1105 1541 vt
1120 1505 1255 1542 saltem
1271 1504 1320 1541 ad
1336 1504 1604 1542 hebdomadas
1619 1516 1686 1541 sex
1699 1502 1967 1541 omitterentur
1982 1513 2151 1539 conuen-

237 1563 318 1607 tus,
345 1557 436 1595 dum
464 1556 636 1607 mitigato
662 1556 779 1606 Regis
806 1557 936 1595 animo
966 1555 1110 1606 aliquid
1137 1556 1232 1595 boni
1257 1556 1432 1606 responsi
1451 1569 1498 1595 ex
1515 1555 1704 1605 Hispania
1729 1555 1962 1604 adferretur,
1987 1555 2150 1592 Antuer-

237 1609 341 1659 piam
366 1609 540 1648 mittebat
567 1609 617 1647 ad
643 1622 736 1658 nOS,
779 1610 949 1647 futurum
977 1616 1080 1659 rata,
1120 1615 1161 1647 vt
1189 1608 1374 1659 quicquid
1401 1621 1470 1659 per
1497 1621 1569 1646 nos
1597 1610 1726 1657 fieret,
1753 1607 1792 1645 in
1821 1621 1868 1646 eo
1896 1606 1957 1655 alij
1980 1606 2149 1656 acquies-

240 1668 371 1700 cerent
398 1661 478 1700 sine
505 1661 781 1700 controuersia.
811 1663 940 1710 Quam
969 1662 1018 1700 ad
1045 1661 1278 1712 legationem
1305 1661 1514 1712 plurimum
1543 1673 1662 1710 opera
1688 1660 1883 1698 Francisci
1922 1659 1970 1697 de
1984 1661 2150 1707 Hames,

241 1714 312 1752 viri
326 1727 405 1752 non
420 1714 603 1764 illiterati,
618 1713 748 1765 periti,
766 1715 801 1751 &
816 1714 855 1752 in
882 1715 1050 1753 dicendo
1065 1714 1296 1764 grauissimi,
1312 1714 1513 1764 aliquoties
1528 1715 1647 1752 abusa
1661 1719 1731 1751 est.
1746 1713 1851 1750 Huic
1865 1711 2155 1762 persequutioni

244 1773 380 1805 contra
405 1780 467 1805 me
495 1767 688 1805 institutae
716 1766 862 1816 species
891 1774 971 1806 erat
997 1768 1032 1804 ὅτ
1060 1768 1224 1805 dabatur
1251 1766 1401 1817 titulus,
1431 1779 1517 1805 mea
1543 1765 1806 1816 peregrinitas.
1835 1766 1898 1803 Sic
1911 1764 2017 1813 vbiq.
2033 1765 2153 1802 ferme

244 1818 478 1868 periclitatus
518 1831 622 1870 sum,
656 1819 909 1870 Antuerpiae,
945 1818 1146 1869 Gandaui,
1179 1819 1334 1870 Brugis,
1369 1821 1405 1858 δι
1433 1819 1580 1868 aliquot
1607 1820 1804 1868 praeterea
1831 1817 1940 1856 locis.
1980 1819 2025 1854 In
2052 1816 2152 1854 Iulio

246 1871 427 1910 Gandaui
453 1872 507 1910 fui
537 1873 757 1921 postulante
783 1872 959 1911 Ecclesia
986 1872 1085 1922 loci,
1105 1883 1184 1921 quo
1198 1878 1375 1922 tempore
1390 1873 1660 1910 Iconoclastae
1675 1870 1789 1909 nobis
1804 1869 1993 1920 incogniti
2006 1876 2159 1918 praeter

245 1924 472 1962 sententiam
512 1931 705 1974 nostram,
744 1926 793 1962 ab
834 1924 1144 1975 imprudentibus
1185 1924 1358 1974 (opinor)
1399 1932 1464 1963 aut
1505 1924 1621 1963 etiam
1660 1923 1862 1961 maleuolis
1889 1935 1958 1973 per
1984 1922 2091 1960 vicos
2119 1922 2155 1958 δι

243 1988 366 2026 pagos
407 1977 610 2015 Flandriae
651 1976 848 2027 submissi,
888 1978 927 2015 in
966 1979 1111 2027 templa
1139 1978 1175 2014 &
1215 1978 1325 2028 signa
1352 1979 1586 2027 templorum
1614 1976 1745 2015 omnia
1770 1975 1978 2014 irruebant.
2018 1976 2155 2012 Testes

244 2030 397 2078 appello
438 2042 505 2068 eos
545 2029 612 2079 qui
650 2036 732 2067 tum
771 2031 1023 2068 versabantur
1050 2030 1088 2068 in
1117 2041 1272 2068 summo
1295 2029 1469 2069 Consilio
1497 2033 1554 2077 (vt
1582 2029 1740 2077 vocant)
1769 2028 1994 2078 Flandriae,
2038 2038 2155 2076 quam

243 2081 361 2118 fidem
402 2083 514 2120 rebus
554 2082 730 2132 gerendis
771 2082 1032 2133 adhibuerim,
1072 2093 1192 2132 quum
1232 2083 1461 2122 auctoritate
1501 2083 1536 2120 &
1579 2082 1764 2119 mandato
1791 2081 1891 2119 illius
1918 2078 2077 2128 Consilij
2105 2079 2155 2116 ad

241 2133 504 2172 Iconoclastas
531 2134 616 2172 illos
643 2135 936 2183 compellandos
965 2136 1000 2173 ὅτ
1029 2136 1347 2185 cognoscendum
1375 2136 1425 2174 de
1452 2135 1622 2173 instituto
1649 2134 1821 2184 ipsorum
1847 2133 1920 2172 viri
1946 2132 2095 2180 aliquot
2109 2144 2156 2169 ex

243 2195 406 2223 numero
434 2192 568 2225 nostro
596 2186 737 2224 fuimus
764 2188 942 2238 ablegati.
970 2189 1181 2238 Nunquam
1207 2187 1302 2226 mihi
1328 2190 1505 2238 profecto
1531 2187 1702 2225 violenta
1729 2186 1919 2225 eiusmodi
1945 2193 1982 2223 et
2011 2185 2155 2221 ἄτακτα

244 2237 405 2275 consilia
444 2240 758 2288 placuerunttnec
800 2247 894 2289 puto
931 2251 1103 2290 vnquam
1145 2242 1249 2290 apud
1289 2254 1352 2279 me
1394 2240 1509 2279 fuisse
1551 2251 1807 2289 quemquam,
1849 2239 1912 2277 cui
1939 2237 2155 2277 istiusmodi

244 2289 417 2329 actiones
443 2292 505 2329 vel
532 2290 689 2329 minima
717 2291 993 2341 significatione
1020 2294 1173 2342 placere
1201 2293 1295 2332 mihi
1321 2293 1570 2332 ostenderim.
1597 2294 1691 2330 Hoc
1718 2291 1939 2330 testimonio
1966 2291 2001 2327 &
2026 2300 2154 2326 meam

245 2341 363 2401 ipsius
391 2343 426 2380 δι
452 2343 605 2394 piorum
633 2344 868 2393 collegarum
884 2356 1059 2383 meorum
1074 2348 1181 2394 (nam
1197 2347 1454 2387 ἀτακτοῦντας
1471 2345 1748 2395 αῧτοκροίτορας
1763 2343 1857 2382 nihil
1874 2344 2021 2389 moror)
2038 2341 2155 2378 fidem

247 2396 402 2443 publice
432 2402 608 2434 testatam
637 2397 741 2434 volo.
770 2398 865 2434 Post
894 2397 1147 2446 Antuerpiam
1174 2397 1290 2447 redij,
1319 2398 1385 2436 vbi
1413 2398 1592 2446 Synodus
1607 2397 1678 2434 sub
1693 2398 1810 2434 finem
1828 2395 1971 2435 mensis
1985 2394 2157 2433 eiusdem

247 2448 474 2487 habebatur.
514 2450 558 2486 In
600 2461 644 2486 ea
670 2448 781 2486 breui
808 2448 951 2499 scripto
979 2450 1027 2488 de
1055 2450 1132 2487 fide
1159 2462 1205 2488 ex
1233 2449 1384 2488 disertis
1413 2449 1630 2500 scripturae
1652 2449 1779 2487 verbis
1808 2455 1985 2498 exarato,
2012 2445 2158 2497 placuit

248 2506 290 2537 vt
318 2501 396 2538 duo
424 2514 471 2538 ex
498 2500 612 2538 nobis
640 2501 880 2538 Centronum
908 2502 1067 2551 opidum
1096 2503 1149 2550 (S.
1176 2502 1366 2540 Trudonis
1394 2505 1553 2551 vocant)
1579 2508 1818 2552 peteremuS,
1845 2501 1912 2540 vbi
1939 2499 2159 2551 principum

249 2552 397 2601 aliquot
436 2566 482 2591 ac
510 2552 730 2591 Nobilitatis
757 2553 934 2603 Belgicae
962 2560 1177 2592 conuentus
1203 2554 1381 2593 indictus.
1422 2557 1526 2605 Ego,
1564 2555 1599 2592 &
1628 2553 1867 2592 sanctissima
1894 2554 1957 2592 illa
1983 2549 2160 2602 placidis-

249 2605 384 2655 simaq.
423 2606 572 2655 anima,
607 2604 831 2654 Peregrinus
859 2606 1104 2656 Grangaeus,
1128 2613 1347 2644 recusantes
1375 2609 1410 2645 &
1438 2606 1547 2644 inuiti
1575 2606 1740 2655 delegati
1766 2618 1907 2645 sumus.
1949 2603 2157 2650 Venimus,

248 2657 432 2706 vidimus,
475 2658 569 2696 nihil
609 2658 824 2707 effecimus,
865 2658 1083 2707 importuna
1119 2658 1317 2696 cuiusdam
1344 2659 1635 2697 intercessione:
1665 2658 1727 2695 cui
1753 2659 1928 2708 ignoscat
1954 2655 2158 2695 Dominus.

247 2711 501 2759 Antuerpiam
530 2722 702 2760 regresso
733 2709 795 2746 vix
823 2710 963 2758 pedem
991 2710 1097 2748 licuit
1124 2710 1163 2746 in
1190 2711 1282 2748 loco
1311 2712 1448 2761 figere,
1473 2711 1966 2760 quumaGandauensibus
1980 2707 2159 2747 fratribus

1989 2766 2156 2811 repetor.
