2334 3020
823 99 890 126 DE
932 98 1078 125 VERA
1118 96 1473 124 THEOLoorA.
2046 93 2110 132 55¹

166 206 344 244 volumus
371 204 652 256 comprehendi
679 217 759 244 non
787 205 913 243 solum
941 203 1127 254 quicquid
1153 203 1230 242 iam
1253 216 1300 242 ex
1329 204 1432 241 facto
1461 213 1550 240 curn
1576 203 1691 240 rebus
1718 199 1855 239 creatis
1876 198 2091 238 communi-

166 266 297 298 catum
324 265 399 297 est:
429 258 496 297 sed
523 258 639 296 etiam
666 257 852 307 quiequid
879 269 1050 307 vnquam
1077 256 1357 295 communicari
1384 262 1512 306 potest
1539 267 1628 293 cum
1650 255 1764 293 rebus
1785 252 2090 303 creatis,inhoc

165 314 201 350 δε
229 312 268 350 111
297 318 459 351 venturo
486 312 632 350 seculo.
673 313 733 350 Ne
760 312 889 361 plura,
915 310 980 348 illa
1007 309 1226 360 Theologia
1253 310 1487 359 ἀρχέτυπος,
1508 316 1566 347 651
1587 308 1704 346 1011115
1719 306 1873 345 diuinae
1889 312 1965 344 tam
1982 317 2088 343 com-

164 364 428 416 municabilis,
458 376 576 414 quam
603 364 784 414 propriae
810 365 846 402 ἅν
875 362 1252 401 111601111111111163111115
1280 362 1489 411 sapientiae
1516 361 1700 399 infinitas:
1731 362 1844 398 Haec
1871 358 2089 408 Theologia

164 424 221 456 est
246 425 446 467 tamquam
473 428 596 467 penus
622 417 863 468 plenissima,
893 418 942 455 de
969 417 1156 455 infinitate
1183 415 1303 466 ipsius
1329 415 1434 464 apud
1457 416 1585 452 Deum
1601 413 1822 461 recondita,
1838 412 1964 450 omnis
1980 411 2086 461 spiri-

162 470 274 508 tualis
302 469 520 521 Sapientiae
547 471 583 508 81
610 470 870 520 Inlligentiae:
900 482 948 508 ex
976 481 1053 520 qua
1078 481 1182 519 penu
1211 482 1258 506 ae
1285 467 1524 517 plenitudine
1551 472 1782 517 promuntur
1803 465 1972 504 thesauri
1999 476 2088 502 cum

162 523 344 562 creaturis
382 526 406 561 a
442 524 530 561 Deo
569 523 887 561 communicandi
909 535 978 573 per
1003 523 1186 573 gratiam:
1225 522 1309 570 Qui
1331 521 1499 559 thesauri
1526 522 1618 558 dum
1650 520 1689 558 in
1716 530 1819 569 penu
1842 525 1950 567 sunt,
1980 530 2085 555 com-

161 575 434 615 municabiles:
465 577 559 614 dum
586 575 625 614 in
653 576 836 615 creaturis
865 582 974 626 sunt,
1002 574 1278 614 communicati
1305 575 1557 624 appellantur.
1589 574 1838 623 Quapropter
1851 571 1890 609 in
1905 571 2088 609 eumdem

160 641 317 678 quoque
345 630 506 668 modum
533 629 793 679 Theologiam
819 630 1034 668 secundum
1062 629 1157 678 quid
1183 627 1334 666 definiri
1361 630 1384 664 a
1411 626 1524 665 nobis
1547 638 1706 665 11666556
1729 632 1798 663 651.
1818 625 1931 662 Thes.
1947 635 1987 662 x.
2015 625 2093 661 Est

160 685 255 720 enim
286 684 378 720 llaec
412 683 624 732 Theologia
651 683 850 733 Scipientia
878 695 1009 721 rernm
1037 684 1261 720 diuinarum
1289 692 1371 717 cwn
1399 681 1591 717 creaturis
1605 680 1880 717 communicata
1884 683 1965 727 j⁷ro
1979 678 2086 714 modo

160 738 347 785 ismarum.
393 736 704 774 Conmmnicatur
739 741 862 774 antem
900 738 1052 786 vnione,
1089 737 1250 784 visione,
1279 735 1314 771 δε
1342 734 1585 770 revelatione.
1625 734 1670 770 In
1698 733 1772 769 hac
1799 737 1928 768 autem
1956 729 2088 767 defini-

158 789 264 827 tione
295 788 465 838 primum
492 801 573 827 non
600 789 727 837 addo,
756 794 872 826 totam
882 801 897 834 ,·
924 789 1015 838 quia
1040 788 1211 838 partialis
1239 793 1297 824 est
1323 788 1380 834 (vt
1406 787 1631 834 loquuntur)
1656 797 1809 834 semper
1835 784 1933 821 haec
1960 784 2088 820 Theo-

159 841 284 892 logia,
325 848 595 891 praeterquam
628 842 667 880 in
711 842 865 880 Christo
900 843 1105 880 Seruatore
1138 847 1286 878 nostro.
1329 840 1531 877 Praeterea
1560 839 1602 887 (f.
1636 840 1763 887 1383.)
1802 849 1881 874 non
1910 835 2021 885 (1160,
2049 842 2090 873 vt

159 902 270 945 ante,
298 897 662 946 commmn'cabilcm,
690 895 758 933 sed
784 902 891 944 actu,
920 896 1254 933 communicatam:
1281 891 1372 941 quia
1399 898 1481 929 tum
1509 892 1668 929 demum
1690 892 1732 928 fit
1752 889 1850 928 illius
1871 890 2087 927 secundum

159 947 255 996 quid
291 947 586 997 determinatio,
614 960 734 997 quum
763 956 820 986 est
848 947 1137 986 communicata
1162 949 1186 984 a
1213 943 1402 983 Domino.
1446 946 1651 982 Postremo
1680 956 1754 981 nec
1781 942 1876 980 illud
1904 941 2088 991 subiieio,

154 1007 229 1050 pro
257 1003 565 1039 communicantis
597 1003 706 1039 modo
716 1013 732 1047 ,⁰
759 1001 828 1039 sed
855 1007 1024 1048 tantum,
1041 1007 1120 1050 pro
1143 1001 1316 1049 ipsorum
1347 1002 1618 1035 creaturarum
1647 998 1776 1046 modo,
1802 1007 1901 1044 quae
1917 1006 2091 1033 commu-

159 1053 396 1092 nicationem
432 1053 651 1104 percipiunt
677 1054 789 1092 illius.
818 1056 853 1092 &
881 1053 945 1091 hic
973 1054 1115 1091 modus
1143 1051 1348 1101 quantulus
1376 1056 1451 1100 est,
1481 1051 1669 1099 obsecro,
1698 1049 1729 1087 si
1757 1060 1847 1086 cum
1875 1049 1940 1086 illa
1965 1046 2088 1085 infini-

157 1114 235 1145 tate
270 1120 351 1145 non
379 1107 468 1146 dieo
496 1107 615 1157 ipsius
640 1106 804 1145 Deitatis
832 1107 868 1143 &
896 1106 1112 1156 ἀρχετύπου
1140 1104 1240 1142 1111115
1267 1102 1529 1152 Theologiae‚
1562 1103 1631 1140 sed
1661 1101 1777 1139 etiam
1806 1101 1961 1139 diuinae
1990 1100 2089 1138 illius

158 1171 299 1210 penus,
328 1171 446 1209 quam
474 1161 595 1199 modo
623 1160 924 1209 attingebamus,
954 1155 1228 1207 comparetur?
1269 1157 1400 1205 Atque
1427 1157 1525 1193 11366
1554 1156 1632 1193 duo
1656 1167 1800 1204 genera
1814 1153 1999 1203 deinceps
2015 1153 2089 1192 6111-

157 1212 312 1251 (16111136
351 1224 487 1251 caussa
528 1213 642 1251 certis
683 1212 908 1251 nominibus
944 1211 1254 1261 designabimus:
1293 1209 1404 1247 Prius
1439 1208 1620 1257 quidem,
1661 1206 1922 1257 Theologiam
1960 1207 1998 1243 in
2029 1219 2088 1256 se3

157 1265 351 1304 Posterius
379 1269 493 1315 vero,
520 1265 780 1315 Theologiam
808 1264 847 1302 in
876 1263 1051 1302 subiecto
1078 1268 1362 1312 nuncupantes.

209 1319 284 1357 His
325 1319 506 1357 omnibus
548 1330 757 1357 commune
785 1317 881 1356 illud
909 1323 985 1367 651,
1013 1316 1122 1365 quod
1149 1317 1386 1366 Sapientiam
1417 1327 1495 1352 esse
1523 1315 1708 1352 diuinitus
1735 1315 1815 1351 siue
1842 1313 2089 1350 communico-

157 1373 263 1409 bilem
301 1374 383 1409 siue
419 1373 729 1409 communicatam
764 1370 1032 1421 agnoscimus:
1062 1368 1203 1418 quibus
1230 1367 1358 1407 verbis
1385 1367 1618 1418 principium
1645 1366 1726 1406 eius
1755 1366 1794 1404 in
1822 1367 1931 1416 Deo,
1961 1372 2090 1403 ortum

156 1427 179 1461 a
206 1425 313 1474 Deo,
341 1424 693 1473 educationemque
721 1423 760 1461 in
789 1423 867 1461 suis
895 1421 1078 1462 subiectis
1106 1422 1437 1472 contemplamur,
1461 1421 1678 1459 secundum
1694 1418 2091 1458 communicationem

155 1477 310 1514 diuinae
339 1477 508 1516 Gratiae.
548 1479 667 1514 Hanc
694 1475 797 1515 enim
828 1475 1064 1526 Sapientiam
1091 1477 1239 1513 Natura
1266 1474 1429 1513 subiecti
1457 1486 1531 1512 nee
1555 1473 1682 1512 fundit
1695 1473 1895 1510 actualiter
1909 1474 1965 1520 (vt
1981 1484 2089 1509 more

155 1529 476 1568 scholasticorum
515 1531 668 1579 loquar)
709 1542 782 1568 nee
817 1530 937 1568 habet
969 1528 1182 1567 virtualiter
1218 1530 1381 1577 (quanto
1416 1527 1545 1565 minus
1581 1526 1793 1565 formaliter
1805 1523 1834 1573 ?)
1874 1527 1958 1562 Nee
1987 1525 2090 1575 capit

154 1582 414 1633 potentialiter
440 1594 511 1621 suo
543 1582 706 1621 naturali
732 1582 898 1621 lumine:
927 1582 995 1621 sed
1022 1583 1130 1620 Deus
1157 1581 1242 1631 ipse
1269 1580 1367 1620 indit
1394 1582 1430 1619 ἃ*
1458 1580 1618 1630 inspirat
1644 1579 1790 1618 lumine
1815 1590 1886 1616 suo
1909 1589 2090 1628 superna-

152 1635 286 1686 turali,
315 1636 350 1673 &
378 1635 500 1686 gratia
527 1636 666 1674 educat
693 1636 744 1674 ad
771 1635 938 1685 gloriam
966 1647 1095 1673 suam:
1125 1634 1306 1684 Denique
1333 1640 1481 1681 ortum,
1512 1636 1547 1672 &
1575 1644 1824 1684 progressus⁷
1852 1633 1887 1670 &
1917 1632 2088 1680 comple-

153 1695 327 1727 mentum
361 1688 479 1738 ipsius
512 1688 707 1740 integrum
736 1688 809 1727 sibi
836 1688 1029 1740 vindicat,
1058 1695 1099 1726 vt
1128 1687 1301 1738 quisquis
1328 1687 1537 1738 gloriatur,
1564 1689 1752 1737 glorietur
1779 1686 1816 1723 111
1845 1684 2033 1723 Domino.
2060 1696 2085 1721 1.

156 1743 329 1780 Corinth.
357 1755 390 1781 1.
419 1755 482 1791 31.
517 1743 716 1781 Attributa
746 1749 876 1781 autem
903 1742 1014 1780 huius
1043 1742 1287 1791 Theologiae
1317 1740 1484 1779 maxime
1511 1741 1562 1778 ab
1591 1740 1636 1778 iis
1665 1740 1819 1778 diuersa
1847 1745 1958 1787 sunt,
1987 1749 2087 1787 quae

154 1802 244 1833 ante
276 1795 518 1845 Theologiae
556 1795 611 1834 illi
638 1796 876 1845 archetypae
905 1795 1200 1845 assignauimus.
1243 1795 1354 1833 Haec
1381 1793 1484 1832 enim
1512 1801 1642 1831 creata
1670 1801 1746 1844 est,
1774 1791 1980 1830 habitualis
2009 1799 2088 1840 est,

152 1861 224 1886 nee
261 1848 334 1886 nisi
370 1860 442 1887 suo
469 1849 591 1887 modo
620 1849 817 1900 absoluta,
852 1848 978 1900 finita,
1008 1848 1194 1898 discreta,
1223 1846 1511 1886 communicata
1539 1846 1740 1897 diuinitus;
1771 1852 1970 1894 tamquam
1998 1857 2088 1882 vera

153 1908 335 1951 certaque
361 1901 492 1952 imago
520 1901 642 1953 illius,
671 1913 790 1951 quarn
818 1901 1054 1952 increatam,
1093 1901 1336 1940 essentialem
1374 1900 1456 1938 siue
1484 1901 1712 1950 formalem,
1740 1897 2087 1946 absolutissimam,

152 1954 358 2005 infinitam,
405 1955 520 1994 simul
556 1961 700 2006 totam,
731 1956 766 1992 &
802 1954 1214 1994 incommunicabilem
1241 1966 1326 1992 esse
1354 1952 1572 1992 docuimus.
1615 1954 1755 1992 Creata
1782 1959 1860 1990 est:
1888 1964 1978 1988 nam
2006 1963 2085 1988 non

153 2014 211 2046 est
245 2008 441 2047 Creatoris
478 2008 518 2046 in
546 2008 653 2059 ipso;
682 2010 752 2047 sed
780 2010 804 2046 a
829 2009 1017 2047 Creatore
1044 2014 1102 2047 est
1126 2007 1166 2045 in
1193 2007 1390 2057 subiecto⁷
1420 2007 1528 2056 quod
1553 2006 1700 2045 creauit
1728 2006 1825 2055 ipse.
1864 2003 2087 2042 Habitualis

154 2067 229 2099 est:
264 2074 355 2099 nam
390 2061 541 2112 integro
569 2062 747 2100 subiecto
779 2068 908 2111 potest
934 2062 1122 2100 accedere
1148 2073 1218 2110 per
1244 2060 1320 2099 Dei
1346 2060 1541 2111 Gratiam,
1570 2061 1606 2098 &
1637 2060 1686 2098 de
1715 2060 1857 2098 eodem
1886 2057 2086 2096 discedere

153 2127 223 2163 per
248 2114 483 2153 uacuitatem
511 2115 682 2154 Gratiae.
724 2114 907 2153 Similiter
933 2116 1129 2154 Absoluta
1157 2120 1216 2152 est
1242 2113 1456 2152 secundum
1486 2126 1549 2160 se,
1574 2116 1609 2152 &
1634 2113 1716 2152 61115
1731 2112 1793 2151 6111
1808 2112 1906 2150 111651
1921 2110 2087 2149 5111116611

153 2167 334 2218 modum,
363 2180 442 2206 non
465 2175 595 2207 autem
623 2169 803 2207 absoluta
831 2168 1047 2207 secundnm
1073 2168 1179 2206 illam
1207 2166 1489 2217 perfectionem
1517 2166 1591 2204 Dei
1618 2166 1844 2217 longissime
1872 2163 2004 2202 onmia
2018 2176 2086 2213 per

153 2221 285 2258 omnia
313 2228 578 2271 superantem:
608 2221 929 2271 quandoquidem
957 2221 1164 2271 sapientia,
1193 2219 1388 2271 cognitio,
1417 2220 1453 2257 δε
1482 2219 1644 2258 561611113
1674 2219 1801 2258 01111115
1830 2218 1895 2256 vlli
1921 2229 2085 2266 cognos-

152 2273 255 2312 centi
294 2275 330 2312 &
370 2273 506 2313 scienti
545 2287 627 2313 non
666 2274 765 2312 inest
805 2274 934 2326 aliter,
975 2286 1094 2324 quam
1133 2286 1206 2324 pro
1241 2273 1360 2323 ipsius
1397 2272 1672 2322 cognoscentis
1699 2274 1735 2310 &
1764 2271 1919 2312 scientis
1949 2270 2084 2308 modo.

150 2326 276 2364 Finita
310 2333 386 2365 est:
415 2328 504 2366 cum
533 2340 614 2366 non
639 2330 763 2377 aeque
790 2341 837 2366 36
863 2328 996 2366 diuina
1022 2327 1089 2366 illa
1115 2327 1277 2365 omnino
1306 2328 1561 2376 protendatur
1587 2327 1639 2365 ad
1666 2327 1819 2375 omnia,
1849 2335 1972 2373 eaque
2000 2336 2083 2372 per-

149 2379 288 2432 tingat3
316 2381 387 2418 sed
413 2381 562 2431 optime
589 2381 666 2420 suis
693 2380 835 2419 finibus
861 2381 909 2420 sit
935 2380 1198 2430 limitibusque
1227 2379 1531 2429 circumscripta.
1559 2381 1643 2418 Nec
1670 2387 1754 2418 tota
1781 2379 1896 2417 simul
1920 2383 1997 2426 est,
2013 2377 2082 2414 sed

150 2435 186 2471 &
210 2433 384 2482 partibus
413 2434 614 2486 distincta,
642 2436 677 2473 &
705 2434 1015 2473 successionibus
1042 2446 1171 2472 rerum
1199 2433 1309 2482 quasi
1337 2446 1408 2483 per
1438 2433 1544 2471 vices
1575 2435 1676 2472 vltro
1705 2433 1884 2480 citroque
1906 2442 2082 2468 comme-

149 2486 298 2524 antium
327 2485 485 2539 infesta,
513 2489 550 2526 &
578 2486 857 2526 mutationibus
885 2501 931 2525 ac
960 2487 1083 2525 motui
1111 2487 1296 2525 obnoxia.
1338 2487 1399 2524 Ac
1426 2486 1593 2536 proinde
1621 2486 1747 2536 (quod
1773 2492 1974 2535 postremo
1989 2484 2082 2520 loco

149 2538 328 2586 diximus)
364 2541 467 2578 Tota
501 2553 572 2590 per
606 2546 734 2591 partes
759 2547 817 2579 est
845 2539 1204 2590 communicabilis,
1233 2541 1268 2577 &
1297 2552 1346 2577 ex
1374 2540 1478 2578 facto
1508 2539 1625 2578 etiam
1653 2552 1723 2590 per
1749 2545 1879 2589 partes
1907 2547 2084 2574 commu-

149 2592 298 2642 nicata,
340 2599 456 2642 prout
496 2595 624 2632 lucem
664 2593 875 2644 gratiosam
917 2605 1026 2632 suam
1062 2593 1101 2631 in
1142 2595 1257 2632 rebus
1291 2592 1429 2632 creatis
1463 2592 1541 2631 suis
1569 2594 1651 2631 vult
1678 2595 1787 2631 Deus
1815 2588 2083 2639 membratim,

151 2645 371 2684 successiue
399 2646 713 2696 mutabiliterque
741 2647 967 2686 accendere.

203 2698 374 2749 Cognito
403 2698 498 2748 quid
527 2699 574 2738 sit
600 2699 640 2738 in
667 2712 809 2750 genere
838 2707 976 2750 ectypa
1004 2700 1100 2738 haec
1129 2699 1363 2750 Theologia:
1392 2699 1468 2738 iam
1499 2699 1715 2749 quotuplex
1740 2697 1878 2736 eadem
1892 2694 2082 2743 sit,vide-

149 2763 270 2789 amus.
313 2751 397 2790 Etsi
436 2758 644 2802 antequam
679 2753 783 2791 istud
821 2753 1074 2803 exponimus,
1111 2753 1333 2792 meminisse
1363 2753 1524 2791 velimus
1551 2754 1740 2790 Lectores
1768 2751 1893 2801 probe
1924 2748 2079 2807 distinc-

1963 2808 2079 2839 tionis
