2334 3020
294 158 366 187 202
900 154 1123 187 'russas
1166 149 1597 189 THEO'LOGI‘CAE.

290 274 419 304 torum
449 278 589 315 genere
619 273 763 304 certam
794 267 921 305 facere
950 267 1076 316 ipsum
1106 268 1291 317 oportuit.
1320 270 1475 306 Horum
1505 270 1580 307 alia
1605 268 1789 308 coelestia
1814 270 2010 320 sunt,alia
2025 273 2227 312 terrestria.

289 319 484 356 Coelestia
520 326 607 356 sunt
642 320 884 368 Angelorum
922 321 1102 359 duorum.
1140 322 1355 359 Terrestria
1382 322 1522 371 partim
1552 323 1694 361 Christi
1722 322 1839 373 ipsius
1868 323 1914 371 (si
1942 324 2020 362 hoc
2048 331 2227 364 terrestre

291 371 501 409 dicendum
530 373 602 419 est)
631 372 831 410 veritatem
860 380 942 410 tum
972 373 1262 411 resurrectionis
1291 387 1400 424 suae,
1429 382 1511 412 tum
1538 375 1714 425 corporis
1741 375 1857 414 etiam
1882 376 1960 426 sui,
1989 389 2225 427 quamquam

289 423 468 474 gloriosi,
500 424 723 473 probantis:
753 427 937 475 part1‘m(f.
964 428 1157 475 1677)que
1172 426 1377 464 hominum
1392 427 1472 465 siue
1489 428 1660 466 fidelium
1677 430 1814 467 decem
1831 428 1999 467 vicibus:
2016 432 2125 479 quod
2141 431 2226 480 qui-

288 479 378 514 dem
417 476 530 514 nobis
567 484 735 516 constat:
765 478 846 516 siue
875 478 1111 528 infidelium,
1140 479 1258 517 velint
1288 481 1413 518 nolint
1441 482 1764 520 resurrectionem
1793 481 1910 531 ipsius
1939 483 2224 521 testificantium

288 532 321 567 ἃ
351 529 497 579 gloriae
524 529 642 579 ipsius
670 530 990 569 ministrantium:
1018 539 1169 570 caetera
1198 544 1297 581 quae
1312 541 1399 571 sunt
1414 541 1642 583 argumenta
1658 537 1781 584 aeque
1797 534 2059 584 pertinacibus
2072 537 2225 574 Iudaeis

287 583 575 620 confundendis
603 596 649 621 ac
675 584 855 622 fidelibus
884 585 1105 623 erudiendis
1133 585 1387 624 seruiuerunt.

341 637 377 673 6.
433 636 667 686 Resurgenti
707 637 862 675 Christo
905 639 1098 687 quaedam
1139 639 1364 676 communia
1402 639 1609 678 nobiscum
1651 640 1920 678 resurrecturis
1950 640 2084 690 (ipsius
2121 642 2224 680 enim

287 688 520 726 resurrectio
558 696 715 728 nostrae
744 690 1035 729 resurrectionis
1065 691 1174 741 quasi
1202 692 1420 741 hypostasis
1449 695 1521 741 est)
1549 693 1742 742 quaedam
1770 694 1928 743 propria
1955 693 2028 744 ipsi
2056 695 2223 734 fuerunt.

291 742 516 779 Communia
558 749 645 780 sunt
688 745 718 782 I.
760 744 890 793 quod,
929 745 1265 793 quemadmodum
1300 746 1515 783 secundum
1553 757 1695 796 corpus
1728 746 1833 784 idem
1862 746 1957 785 illud
1984 758 2115 797 suum,
2143 761 2223 786 non

285 794 477 845 animam,
515 796 720 833 resurrexit
756 799 968 847 (resurgere
1006 797 1110 836 enim
1145 811 1225 836 non
1254 805 1404 848 potest,
1434 798 1506 836 nisi
1537 800 1644 848 quod
1672 799 1812 837 cecidit
1840 801 1874 837 &
1905 807 2122 838 extructum
2151 804 2224 849 est)

286 846 338 885 ita
366 847 481 886 etiam
510 854 614 886 totus
643 850 894 888 resurrexisse
923 849 1079 888 dicitur:
1111 851 1201 900 quia
1224 851 1289 889 illa
1316 851 1563 901 instauratio,
1579 852 1651 890 nisi
1666 852 1795 890 anima
1809 851 1848 890 in
1864 865 2004 903 corpus
2021 854 2224 904 redeunte,

282 901 363 938 fieri
391 914 470 939 non
498 902 678 950 potuerit.
708 904 757 940 ΙΙ.
789 903 908 951 Quod
937 904 1040 942 facto
1071 904 1361 942 resurrectionis
1390 918 1527 944 omnes
1556 906 1732 955 corporis
1757 905 1998 944 infirmitates
2023 907 2221 957 deposuit,

284 954 319 990 δε
360 954 520 1004 gloriosi
556 954 731 1004 corporis
769 955 1035 1006 conditiones,
1070 969 1308 1006 quamquam
1343 959 1463 996 modo
1503 965 1612 997 tanto
1641 958 1936 1008 excellentiore,
1965 966 2113 1008 quanto
2143 961 2224 1010 ipse

285 1007 470 1045 omnibus
498 1008 681 1046 creaturis
697 1016 753 1047 est
768 1009 1040 1057 excellentior,
1057 1011 1285 1061 assumpsit3
1303 1012 1479 1061 corporis
1495 1019 1625 1050 tamen
1641 1012 1800 1050 veritate
1815 1011 2041 1061 neutiquam
2056 1013 2223 1063 abolita,

285 1060 324 1096 in
365 1072 482 1109 quam
521 1060 752 1100 sententiam
782 1062 957 1113 dicebat,
989 1063 1150 1112 Spiritus
1188 1076 1343 1102 carnem
1373 1066 1408 1102 δε
1437 1077 1525 1103 ossa
1553 1078 1633 1103 non
1661 1065 1800 1114 habet,
1831 1071 1870 1103 vt
1899 1078 1962 1103 me
1992 1065 2127 1103 videtis
2156 1067 2219 1104 lia·

287 1113 396 1151 bere:
433 1115 528 1151 Luc.
563 1128 622 1161 24.
651 1128 715 1165 39.
750 1117 834 1153 Nec
865 1117 994 1154 obstat
1023 1118 1131 1166 quod
1160 1117 1266 1167 tangi
1293 1119 1315 1155 a
1343 1118 1467 1155 Maria
1496 1118 1682 1168 noluerit,
1712 1119 1852 1156 samm.
1884 1131 1942 1156 20.
1977 1129 2034 1166 17.
2064 1119 2153 1156 cum
2181 1119 2220 1157 id

280 1166 372 1204 alias
401 1166 599 1216 discipulis
630 1168 707 1206 suis
736 1168 1001 1219 imperauerit,
1030 1171 1125 1208 Luc.
1159 1184 1218 1217 24.
1236 1183 1299 1219 39.
1328 1171 1664 1219 quemadmodum
1692 1183 1767 1208 nec
1784 1171 1890 1220 quod
1906 1171 2219 1222 disparuit,ci1m

282 1219 468 1270 ἄφαντος,
497 1233 576 1258 non
611 1220 773 1271 ἀόρατος
802 1223 925 1259 factus
956 1221 1090 1272 fuerit,
1119 1225 1213 1261 Luc.
1247 1237 1306 1270 24.
1336 1237 1398 1273 31.
1429 1225 1537 1273 quod
1567 1232 1696 1263 autem
1725 1224 1918 1274 comedit,
1942 1226 2038 1262 Em.
2072 1238 2132 1272 24.
2157 1238 2218 1274 43.

281 1272 371 1308 fecit
399 1285 445 1309 ex
474 1274 709 1312 oeconomia
737 1275 976 1325 voluntaria,
1006 1288 1085 1313 non
1115 1275 1345 1315 necessitate
1375 1284 1534 1315 naturae
1563 1278 1653 1317 vlla.

337 1335 370 1371 7.
425 1328 602 1376 Propria
630 1326 702 1375 ipsi
729 1335 836 1372 sunt.
869 1330 899 1366 I.
928 1328 1035 1377 quod
1066 1328 1198 1367 diuina
1226 1330 1294 1367 sua
1324 1329 1497 1380 potentia
1526 1331 1589 1368 illa
1618 1332 1777 1375 οἷποιθεῖἾ
1804 1342 1883 1369 non
1900 1337 2028 1368 autern
2046 1332 2120 1368 vlla
2137 1344 2220 1380 pre-

279 1376 382 1414 caria
412 1382 474 1415 καὶ
506 1380 645 1420 ἔξωθεν
673 1381 910 1432 ἐπελθούσῃ,
940 1394 1019 1419 non
1048 1384 1196 1421 tantum
1226 1395 1367 1433 corpus
1397 1395 1508 1421 suum
1539 1384 1710 1431 παθητὸν
1736 1384 1795 1419 καὶ
1820 1383 1993 1434 φθαρτὸν
2016 1385 2038 1420 a
2060 1395 2218 1434 corrup-

277 1430 382 1468 tione
411 1432 642 1483 reseruauit,
670 1434 738 1470 sed
767 1435 883 1470 etiam
912 1433 1038 1483 ipsum
1067 1435 1244 1484 τεθνηκὸς
1274 1436 1533 1487 resuscitauit3
1563 1437 1652 1473 cum
1681 1443 1814 1473 nostra
1842 1448 2010 1485 corpora
2038 1449 2119 1474 non
2148 1437 2220 1476 nisi

277 1482 417 1521 virtute
458 1484 557 1522 illius
601 1491 820 1536 resurgant,
861 1492 978 1536 atque
1020 1488 1098 1526 hoc
1133 1498 1340 1537 Vtrumque
1368 1489 1628 1527 indubitatum
1658 1489 1820 1526 Deitatis
1849 1496 1908 1528 est
1936 1489 2214 1528 testimonium.

279 1536 416 1585 Neque
445 1538 670 1575 aduersatur
699 1538 758 1575 his
787 1539 894 1587 quod
922 1541 1066 1590 Ephes.
1102 1555 1133 1579 1.
1166 1555 1224 1579 20.
1255 1543 1368 1580 Pater
1395 1542 1522 1592 ipsum
1551 1541 1837 1580 resuscitauisse
1862 1541 2021 1593 dicitur,
2047 1542 2217 1592 itemque

278 1587 440 1637 Spiritus
469 1591 654 1640 Sanctus,
682 1592 795 1629 Rom.
830 1595 886 1629 18.
921 1607 979 1630 11.
1009 1600 1050 1631 vt
1078 1594 1179 1631 enim
1209 1595 1296 1633 Deo
1326 1595 1427 1633 Patri
1456 1597 1490 1633 δι
1518 1594 1725 1644 SpirituiS.
1743 1601 1799 1632 est
1817 1596 2218 1645 65100150005,itact1m

278 1642 390 1680 Patre
420 1645 455 1681 δι
484 1642 627 1693 Spiritu
656 1644 693 1682 S.
725 1657 803 1682 vno
834 1645 1051 1695 eodemque
1076 1659 1195 1696 opere
1211 1648 1486 1686 communicat.
1517 1649 1654 1696 Neque
1671 1650 1761 1685 vero
1779 1649 1867 1685 cum
1883 1647 2058 1687 Christus
2076 1650 2218 1687 loalm.

285 1707 342 1731 10.
376 1698 435 1734 18.
467 1695 579 1745 dicit,
608 1709 682 1746 ego
710 1710 817 1746 pono
846 1698 1015 1736 animam
1046 1712 1173 1737 meam
1202 1702 1224 1737 a
1253 1715 1315 1739 me
1342 1701 1428 1752 ipso
1457 1703 1491 1739 &
1519 1700 1665 1750 recipio
1694 1713 1799 1749 eam,
1828 1700 1949 1738 Patris
1970 1708 2036 1738 aut
2055 1701 2217 1751 Spiritus

277 1748 314 1785 S.
346 1748 541 1800 ἐνέργειαν
569 1750 760 1800 excludit,
790 1763 908 1800 quam
936 1752 1084 1790 exeruit
1118 1752 1156 1790 in
1187 1754 1364 1803 Christo,
1393 1754 1563 1792 excitans
1592 1765 1680 1792 eum
1705 1756 1728 1791 a
1750 1753 2014 1803 mortuis,sed
2034 1755 2217 1796 ἐξουσίαν

278 1813 387 1838 suam
428 1802 599 1840 diuinam
639 1803 806 1854 exeruit,
840 1816 958 1853 quam
995 1808 1018 1843 a
1056 1818 1095 1843 se
1127 1807 1161 1843 δι
1190 1806 1228 1844 in
1258 1820 1315 1856 se,
1349 1820 1429 1845 non
1458 1809 1506 1845 ab
1535 1806 1610 1844 alio
1641 1813 1748 1844 extra
1776 1819 1816 1844 se
1847 1808 1987 1856 habet,
2016 1809 2051 1845 δι
2081 1818 2215 1845 secun-

275 1854 368 1891 dum
412 1867 529 1904 quam
558 1855 640 1905 ipse
669 1858 793 1907 solus,
823 1870 904 1895 non
932 1859 1063 1908 Pater,
1094 1871 1235 1908 corpus
1265 1861 1372 1910 quod
1402 1866 1660 1909 assumpserat
1689 1859 1815 1909 ipsum
1846 1860 1964 1896 πάλιν
1998 1860 2124 1908 ἔλαβε.
2158 1873 2216 1898 11.

275 1907 385 1955 quod
415 1908 560 1957 primus
588 1909 813 1960 resurrexit,
841 1911 946 1949 vnde
974 1911 1010 1948 &
1038 1911 1228 1961 primitiae
1253 1913 1529 1951 dormientium
1547 1914 1582 1950 &
1598 1912 1878 1962 resurgentium
1895 1912 2054 1950 dicitur:
2077 1926 2106 1950 1.
2127 1914 2215 1953 Cor.

280 1970 339 2008 15.
377 1973 439 1998 20.
483 1961 624 2001 coloss.
658 1975 690 1999 1.
725 1965 782 2000 18.
825 1964 926 2001 Nam
962 1977 1032 2013 per
1071 1966 1106 2002 δι
1133 1972 1294 2015 propter
1323 1967 1645 2005 resurrectionem
1674 1965 1835 2015 Christi,
1865 1965 2102 2014 quictimque
2126 1973 2216 2004 ante

275 2012 401 2062 ipsum
429 2013 545 2052 etiam
574 2014 612 2052 in
644 2016 744 2053 hanc
775 2015 891 2054 vitam
924 2026 1235 2069 resurrexerunt,
1264 2019 1553 2058 resurrectionis
1578 2031 1668 2057 suae
1689 2017 1922 2057 beneficium
1938 2026 2213 2068 perceperunt:

276 2065 396 2103 virtus
424 2066 527 2105 enim
555 2067 746 2117 passionis
775 2071 810 2107 δε
838 2070 1132 2109 resurrectionis
1162 2071 1305 2111 Christi
1333 2085 1486 2123 semper
1513 2073 1615 2122 apud
1644 2073 1773 2110 Deum
1800 2070 1940 2121 valuit,
1967 2072 2070 2120 apud
2099 2083 2214 2121 quem

274 2131 355 2156 non
386 2126 442 2158 est
475 2120 573 2171 heri,
605 2121 722 2160 hodie
751 2123 785 2159 δι
815 2136 912 2161 cras.

327 2174 364 2210 8.
419 2173 762 2213 Resurrectionem
795 2175 936 2214 Christi
965 2175 1065 2214 duae
1094 2176 1391 2217 circunstantiae
1420 2178 1632 2216 illustrant:
1660 2179 1770 2216 locus
1801 2179 1835 2216 δι
1863 2183 2029 2226 tempus.
2065 2178 2213 2227 Locus,

275 2225 495 2264 communis
524 2226 683 2275 quidem
715 2228 757 2264 ἑν
787 2230 836 2279 τῷ
869 2231 988 2279 κη’πῳε
1019 2237 1059 2268 vt
1088 2230 1164 2268 vita
1192 2243 1292 2280 quae
1322 2231 1361 2270 in
1389 2233 1504 2270 horto
1533 2231 1673 2269 amissa
1701 2232 1842 2280 fuerat,
1872 2230 2009 2268 eadem
2031 2229 2070 2268 in
2095 2231 2210 2268 horto

274 2277 444 2327 gloriosa
474 2279 757 2318 resurrectione
787 2282 929 2319 Christi
957 2290 1220 2334 repararetur,
1250 2285 1428 2335 proprius
1457 2292 1512 2323 est
1528 2285 1775 2334 sepulchrum
1794 2283 1924 2320 καινὸν
1940 2284 1999 2320 καὶ
2018 2283 2211 2331 λαξευτὸν,

273 2331 311 2368 in
343 2343 422 2380 quo
452 2333 627 2370 nondum
657 2333 862 2383 quisquam
894 2336 1042 2384 positus
1071 2337 1211 2374 fuerat:
1242 2351 1290 2376 ne
1319 2338 1424 2389 quis,
1454 2345 1493 2375 vt
1522 2338 1573 2375 ait
1601 2337 1938 2386 Theophylactus,
1960 2336 2077 2424 iypsms
2092 2348 2211 2373 resur-

275 2384 489 2423 rectionem
519 2387 840 2437 calumniaretur,
871 2389 978 2437 quasi
1006 2389 1101 2428 alius
1130 2389 1216 2439 quis
1247 2404 1293 2429 ex
1321 2404 1367 2429 eo
1397 2391 1604 2442 sepulchro
1635 2391 1872 2428 surrexisset.
1906 2390 1959 2426 Te
1971 2388 2211 2438 npus,cuius

273 2437 425 2486 signum
467 2438 504 2476 in
548 2438 706 2477 historia
746 2441 883 2489 Ionae,
920 2448 976 2480 est
1013 2450 1102 2492 post
1130 2442 1299 2482 triduum
1331 2445 1634 2493 συνεκδοχικῶς,
1663 2445 1784 2481 Asalt.
1818 2455 1876 2479 12.
1906 2455 1966 2488 40.
1996 2453 2076 2479 non
2107 2441 2208 2479 enim

271 2491 348 2528 hoc
386 2490 434 2528 de
473 2491 622 2530 ratione
657 2493 755 2542 typi,
795 2500 836 2530 vt
864 2501 940 2532 tres
969 2495 1139 2545 integros
1169 2496 1250 2534 dies
1279 2498 1317 2535 in
1346 2498 1553 2547 sepulchro
1582 2496 1711 2534 iacens
1739 2501 1924 2544 occupet,
1953 2494 2021 2532 sed
2049 2500 2089 2531 vt
2115 2496 2209 2542 peto}

272 2548 367 2592 τρεῖς
412 2544 571 2594 ἡμέρας,
608 2544 630 2583 i.
668 2545 876 2595 interprete
905 2548 1127 2597 Scriptura,
1158 2554 1200 2597 τῇ
1231 2554 1338 2600 τρίτῃ
1362 2550 1478 2600 ἡμέρᾳ
1508 2556 1693 2599 resurgat.
1731 2547 1953 2587 Resurrexit
1990 2553 2118 2584 autem
2147 2547 2208 2583 die

270 2596 395 2644 prima
424 2597 706 2647 hebdomadis,
736 2601 852 2648 quam
882 2600 1023 2639 Graeci
1053 2609 1262 2651 propterea
1293 2605 1473 2652 κυριακῄν
1497 2601 1575 2639 siue
1594 2603 1944 2651 άναςᾶσιμον,ῃοε
1959 2599 2207 2637 Dominicam

269 2660 476 2699 vocamus,
507 2657 547 2687 vt
576 2650 742 2701 scilicet,
773 2664 851 2701 quo
880 2653 942 2691 die
976 2655 995 2701 vj
1027 2655 1153 2704 πρώτη
1184 2659 1311 2697 κτίσις
1339 2654 1489 2691 initium
1520 2663 1723 2704 coeperat,
1746 2654 1822 2703 qua
1846 2654 2014 2691 mundus
2030 2651 2208 2690 conditus

271 2701 410 2742 suerat.
454 2704 594 2740 eodem
645 2705 663 2752 ἢ
696 2707 804 2752 καινή
851 2710 979 2748 κτίσις
1023 2707 1256 2756 initiaretur,
1293 2706 1369 2756 qua
1411 2707 1577 2745 mundus
1620 2707 1851 2746 instauratus
1893 2714 1964 2744 est:
2001 2706 2100 2743 vnde
2128 2717 2207 2741 non

270 2754 477 2804 septimus,
505 2757 573 2793 sed
606 2756 689 2806 ipsc
718 2759 1011 2796 resurrectionis
1041 2760 1122 2798 dies
1149 2760 1186 2797 in
1216 2759 1391 2798 Ecclesia
1420 2760 1638 2798 Christiana
1668 2759 1926 2798 sanctificatus
1954 2765 2029 2805 est,
2062 2771 2091 2795 1.
2118 2758 2206 2795 Cor.

277 2808 334 2844 16.
365 2820 399 2845 2.
433 2815 470 2845 vt
502 2810 728 2857 symbolum
761 2811 904 2850 aeterni
933 2812 1031 2849 illius
1059 2813 1235 2851 sabbathi
1264 2813 1368 2862 quod
1400 2813 1573 2851 Christus
1601 2813 1715 2852 nobis
1743 2811 1997 2861 comparauit.
2100 2862 2143 2899 F·
2178 2862 2183 2867 Π

2010 2876 2047 2913 9.
2133 2875 2206 2900 mis
