2334 3020
700 97 767 123 DE
811 95 1089 123 POL1T1AE
1127 93 1294 121 Mosls
1329 96 1516 124 OBSER.
2006 101 2079 138 357

138 213 375 255 nostrarum,
413 207 494 244 siue
527 205 690 243 aliarum
724 203 877 241 diuersa
912 210 980 241 est.
1016 204 1153 240 Restat
1193 202 1345 252 itaque,
1385 204 1476 240 cum
1517 205 1654 241 harum
1684 205 1814 253 legum
1843 204 2079 243 iudicialium

140 273 226 309 pars
255 258 505 298 immutabilis
532 257 580 296 sit
607 256 762 305 diuino,
792 258 828 295 δε
858 269 945 306 pars
974 255 1171 294 mutabilis
1201 256 1376 294 humano
1407 256 1550 294 modo:
1581 263 1622 294 vt
1646 256 1830 306 deinceps
1846 257 1895 295 de
1911 259 2081 307 eoquod

136 312 377 351 immutabile
409 320 485 359 est,
522 313 558 350 &
592 310 700 361 quod
735 310 942 361 mutabile,
979 309 1019 348 in
1056 309 1179 348 Mosis
1216 309 1367 361 legibus
1406 309 1651 349 iudicialibus
1688 312 1812 361 aeque
1841 323 1888 348 ac
1916 310 2081 350 aliorum

134 365 361 418 hominum,
390 364 573 405 distincte
601 364 818 402 videamus.

157 817 222 854 De
248 816 293 853 ed
314 822 454 866 parte,
483 829 580 864 quae
607 817 647 853 ia
675 816 844 864 Legibus
873 817 1000 854 Masis
1027 817 1269 854 iudicialibus
1300 817 1348 853 (ἓν
1376 817 1553 854 humanis
1581 817 1670 865 ‹zll'js
1700 823 1756 853 est
1785 818 2056 854 inlaudabilis.

182 951 300 989 Thes.
335 964 392 1000 13.
447 951 709 988 IMMVTAfflLss
738 957 868 989 autem
897 957 955 989 est
982 953 1104 1000 aeque
1134 950 1172 988 in
1201 951 1380 989 humanis
1409 964 1454 988 ac
1484 950 1523 989 in
1552 950 1796 989 iudicialibus
1826 951 1950 989 Mosis
1968 950 2072 989 insti-

130 1004 239 1053 tutis,
269 1005 453 1053 quicquid
475 1006 626 1042 ratione
652 1009 756 1041 certa
785 1005 1006 1041 ordl'mzlum
1035 1011 1092 1042 est
1103 1006 1360 1042 adcomtmme
1373 1006 1509 1042 bonum
1526 1006 1574 1043 ab
1590 1018 1630 1042 eo
1645 1006 1752 1042 cuius
1767 1010 1824 1042 est
1836 1006 2071 1051 auctoritas,

130 1059 332 1095 secumllkm
364 1057 544 1106 formam
581 1058 746 1096 rationis
774 1059 880 1095 illius
908 1063 1087 1096 aeternae
1114 1071 1228 1107 quam
1257 1058 1509 1095 adambraus't
1533 1059 1572 1095 isc
1602 1064 1766 1105 natura,
1796 1064 1867 1095 aut
1893 1059 1932 1095 ia
1963 1058 2078 1096 verbo

131 1112 322 1160 expressit
347 1112 470 1148 Deus.
500 1112 602 1148 Nam
630 1110 817 1160 quicquid
845 1117 901 1148 est
930 1110 1140 1159 eiusmodi,
1170 1110 1210 1148 id
1239 1118 1367 1148 certae
1395 1111 1560 1149 iustitiae
1590 1112 1626 1148 &
1654 1110 1860 1159 aequitatis
1890 1117 1960 1157 est,
1977 1122 2079 1160 quae

133 1176 288 1213 semper
324 1177 399 1201 vna
435 1173 511 1214 est,
551 1166 586 1202 &
621 1163 950 1202 constantissima.
985 1165 1101 1202 Hanc
1131 1167 1225 1202 vero
1255 1163 1523 1202 definitionem
1552 1171 1593 1202 vt
1621 1163 1903 1214 intelligamus,
1933 1164 1968 1200 ἅ*
1998 1177 2078 1202 rem

130 1223 253 1255 totam
295 1216 556 1267 percipiamus
585 1217 819 1267 commode,
849 1218 928 1255 duo
958 1217 1073 1255 nobis
1102 1217 1240 1255 ordine
1270 1217 1462 1255 tradenda
1490 1225 1591 1256 sunt.
1635 1218 1739 1255 Nam
1768 1216 1937 1267 primum
1967 1229 2080 1255 excu-

128 1269 287 1308 tiendae
316 1277 405 1308 sunt
432 1271 545 1308 huius
569 1277 727 1309 nostrae
756 1270 993 1309 definitionis
1022 1277 1170 1319 partes:
1200 1270 1341 1308 deinde
1369 1274 1463 1309 vero
1493 1270 1637 1308 indicia
1662 1270 1851 1320 signaque
1866 1283 2078 1320 recognos-

130 1323 279 1373 cenda,
318 1336 366 1362 ex
399 1323 541 1373 quibus
579 1323 617 1361 in
651 1323 908 1375 singularibus
943 1323 1165 1374 quibusque
1203 1323 1353 1373 legibus
1381 1324 1452 1362 has
1480 1323 1651 1375 singulas
1680 1322 1920 1362 definitionis
1950 1331 2079 1374 partes

131 1388 303 1426 aequum
332 1384 390 1415 est
418 1376 626 1427 explorari.

180 1431 332 1480 Legum
369 1429 485 1480 igitur
522 1431 565 1467 τὸ
594 1431 854 1479 ἀμετάβολον,
883 1430 923 1468 id
952 1437 1026 1479 est,
1055 1429 1296 1468 immutabile
1325 1430 1532 1469 definimus
1563 1444 1631 1480 per
1660 1442 1818 1480 causas»,
1849 1430 2076 1469 definitione

128 1483 518 1522 conuenientissima:
548 1483 885 1533 quemadmodum
916 1483 1033 1521 etiam
1062 1485 1193 1533 legum
1209 1483 1382 1533 ipsarum
1398 1483 1666 1522 definitionem
1680 1484 1856 1522 adhibita
1871 1496 2075 1522 causarum

128 1537 371 1575 enarratione
399 1536 437 1574 in
467 1536 791 1574 antecedentibus
819 1537 1034 1586 posuimus.
1065 1536 1263 1586 Quicquid
1291 1540 1385 1587 ergo
1415 1538 1453 1575 in
1476 1538 1563 1587 lege
1580 1545 1637 1576 est
1651 1538 1915 1587 immutabile,
1942 1549 2076 1575 secun·

128 1591 223 1628 dnm
253 1602 388 1628 causas
417 1589 471 1628 ita
498 1589 698 1639 definitur,
727 1597 769 1627 vt
796 1597 976 1640 respectu
1000 1602 1138 1629 causae
1164 1589 1366 1629 efficientis
1390 1590 1542 1629 dicatur
1565 1593 1788 1630 ordinatam
1805 1593 1956 1629 ratione
1971 1597 2078 1629 certa

129 1644 178 1681 ab
213 1657 254 1681 eo
290 1645 398 1681 cuius
431 1650 488 1682 est
520 1645 752 1682 auctoritas:
788 1651 968 1693 respectu
995 1645 1116 1695 finis,
1152 1645 1372 1682 orah'natxmz
1402 1646 1458 1682 affl
1484 1657 1678 1682 colnmzme
1705 1646 1865 1691 hominm
1894 1652 2075 1693 respectu

128 1698 297 1746 formae‚
336 1698 558 1735 ordinatum
591 1697 793 1734 secandam
819 1697 1000 1746 formam
1040 1698 1206 1735 rationis
1241 1699 1348 1735 illius
1385 1704 1564 1736 aeternae
1602 1711 1717 1748 quam
1756 1699 2010 1736 adumbrauit
2035 1699 2074 1735 in

128 1756 274 1788 natura
301 1755 372 1788 aut
396 1752 436 1788 in
462 1751 578 1789 verbo
607 1751 798 1798 expressit
822 1752 946 1789 Deus.
975 1753 1035 1789 De
1063 1750 1227 1788 materia
1255 1753 1361 1790 nulla
1390 1750 1588 1800 quaestio:
1618 1751 1709 1800 quia
1737 1751 1833 1789 nihil
1857 1752 2074 1788 humanum

128 1810 207 1853 est,
250 1803 299 1841 de
328 1815 408 1853 quo
436 1803 588 1853 legibus
616 1803 795 1841 humanis
824 1804 953 1842 caueri
979 1817 1060 1842 non
1092 1804 1234 1853 possit:
1278 1806 1339 1842 Ac
1367 1811 1576 1855 propterea
1603 1804 1700 1842 nihil
1728 1805 1780 1843 ad
1808 1817 1891 1843 rem
1921 1803 2074 1842 attinuit

128 1863 168 1895 vt
197 1869 284 1895 eam
313 1856 725 1895 circumscriberemus
753 1856 980 1896 definitione
1009 1864 1156 1896 nostra.

178 1912 224 1948 In
254 1922 371 1948 causa
399 1909 516 1959 igitur
543 1910 735 1948 efficiente
764 1911 1024 1949 humanarum
1052 1913 1185 1960 legum
1214 1911 1294 1949 duo
1310 1918 1770 1950 concurruntcausarum
1785 1923 1951 1960 genera,
1976 1922 2076 1960 quae

126 1963 166 2000 111
195 1963 304 2001 0111111
332 1971 566 2013 argumento
593 1963 893 2013 prudentissime
922 1964 1107 2014 distingui
1135 1977 1296 2003 necesse
1325 1972 1396 2003 est.
1423 1966 1514 2003 Vna
1542 1972 1620 2008 est,
1649 1963 1838 2003 instabilis
1864 1964 1899 2001 81
1924 1964 2078 2001 varians

125 2016 358 2066 plurimum,
397 2028 515 2065 quam
552 2016 890 2055 instrumentalem
927 2020 1125 2068 appellant
1162 2017 1321 2067 logici,
1360 2025 1454 2068 puta
1488 2018 1796 2068 Legislatorum,
1834 2017 1915 2056 siue
1944 2031 2073 2055 eornm

118 2077 238 2121 penes
265 2083 360 2119 quos
387 2075 444 2107 est
469 2072 684 2109 auctorztas
713 2071 915 2109 condendi
943 2072 978 2109 ἃ
1007 2071 1157 2110 ferendi
1184 2072 1310 2121 leges:
1341 2073 1475 2109 Altera
1491 2070 1830 2121 constantissima,
1852 2072 1958 2108 velut
1975 2070 2076 2130 prin-

127 2122 271 2172 cipium
298 2122 458 2162 vnicum
486 2130 604 2173 atque
632 2123 842 2162 immotum
871 2125 1047 2162 omnium
1075 2102 1285 2174 legumo&
1302 2138 1465 2163 1110116115
1482 2137 1619 2162 omnes
1636 2124 1893 2174 Legislatores
1909 2123 1983 2161 ad
1974 2132 2077 2161 111511

126 2175 316 2214 tutionem
352 2175 542 2226 ipsarum,
578 2191 624 2215 ac
651 2177 819 2226 proinde
848 2180 938 2216 vere
967 2180 1002 2217 «Sc
1030 2191 1100 2228 per
1128 2191 1168 2215 56
1197 2170 1370 2217 efficiens
1401 2190 1538 2227 causa,
1569 2190 1688 2227 quam
1693 2155 1904 2216 Orationem
1933 2183 2075 2215 certam

125 2231 376 2279 appellamus
420 2231 490 2268 Est
518 2229 622 2269 enim
651 2229 750 2268 ratio
779 2230 1015 2281 principium
1043 2231 1221 2269 omnium
1250 2233 1401 2281 legum:
1432 2244 1504 2269 1166
1533 2231 1615 2269 51116
1644 2230 1796 2269 ratione
1824 2230 2000 2280 praeside
2028 2243 2075 2268 ac

124 2282 299 2342 principe
328 2284 459 2332 legum
487 2290 628 2322 statuta
655 2283 860 2322 hominum
890 2298 962 2334 pro
990 2285 1141 2334 legibus
1162 2284 1298 2322 haberi
1320 2285 1486 2323 debent:
1514 2284 1584 2322 nisi
1609 2286 1708 2322 forte
1733 2291 1775 2322 vt
1802 2284 1842 2322 in
1867 2284 2003 2331 rebus,
2021 2284 2076 2321 516

124 2335 163 2373 111
192 2348 325 2374 earum
352 2336 578 2375 nominibus
608 2337 769 2387 indigna
797 2339 1035 2389 κατάχρησις
1064 2346 1280 2387 vsurpetur.
1317 2339 1418 2376 Cum
1446 2346 1577 2376 autem
1606 2337 1765 2376 rationis
1794 2337 1930 2386 11111115,
1958 2349 2076 2386 quam

123 2388 274 2447 legibus
302 2389 471 2428 ferendis
502 2392 684 2429 volumus
715 2391 956 2440 praesidere
979 2392 1123 2429 modus
1151 2391 1190 2428 in
1219 2390 1303 2440 ipsa
1317 2391 1478 2450 quidem
1494 2392 1674 2429 absolute
1690 2391 1738 2430 sit
1752 2390 2074 2440 perfectissimus:

123 2455 161 2480 111
197 2442 424 2481 hominibus
460 2451 590 2482 autem
627 2443 886 2494 singularibus
915 2444 1125 2493 plurimum
1154 2444 1297 2483 habeat
1326 2444 1481 2483 incerti:
1513 2446 1721 2494 propterea
1748 2444 1941 2482 rationem
1969 2444 2075 2481 illam

122 2495 342 2544 praesidem
371 2497 407 2533 &
435 2504 638 2536 auctorem
667 2499 798 2548 legum
826 2497 876 2535 ab
906 2497 1056 2535 incerto
1095 2497 1253 2536 rationis
1289 2499 1484 2536 humanae
1513 2498 1562 2536 de
1590 2497 1780 2536 industria
1809 2495 2076 2546 distinximus,

121 2550 212 2586 cum
251 2551 439 2587 rationem
478 2556 620 2588 certam
660 2550 891 2589 diceremus.
936 2551 1037 2589 Cum
1073 2551 1178 2589 enim
1217 2558 1367 2589 certum
1405 2552 1644 2601 appellemus
1675 2550 1863 2600 quicquid
1891 2552 1914 2588 a
1943 2557 2077 2588 nostra

122 2601 390 2652 dubitatione,
432 2604 467 2641 δε
504 2605 555 2642 ab
589 2603 839 2642 instabilitate
867 2603 926 2641 sui
952 2611 1070 2654 atque
1108 2604 1324 2642 mutatione
1360 2612 1417 2642 est
1449 2604 1639 2642 alienum:
1680 2604 1843 2643 omnino
1882 2603 2075 2642 rationem

122 2654 228 2693 illam
256 2663 366 2694 extra
391 2668 510 2694 omne
543 2656 706 2695 dubium
735 2661 921 2708 omnesq3
950 2657 1054 2695 vices
1083 2656 1344 2696 mutationum
1373 2657 1561 2707 positam
1589 2657 1696 2695 illam
1722 2656 1960 2716 principem
1975 2656 2077 2695 arbi-

122 2712 304 2758 tramque
336 2708 596 2748 humanarum
623 2712 775 2761 legum,
805 2722 966 2749 necesse
995 2711 1065 2748 fuit
1092 2723 1115 2748 a
1142 2710 1293 2749 ratione
1319 2711 1468 2749 incerta
1497 2713 1629 2770 (prout
1658 2709 1884 2748 hominibus
1912 2711 1951 2748 in
1981 2723 2075 2748 6011-

123 2767 231 2800 creto
263 2760 380 2812 inest)
412 2761 619 2815 distingui,
655 2766 690 2803 &
728 2775 843 2813 supra
870 2776 977 2816 eam,
1006 2771 1192 2815 tanquam
1219 2764 1260 2802 in
1288 2777 1377 2803 arce
1405 2763 1600 2804 societatis
1629 2765 1842 2816 humanae,
1831 2763 2074 2855 ,colloczgh

2054 2829 2076 2855 e
