2334 3020
280 119 326 143 10
931 110 1202 138 FRANCISCI
1239 109 1369 143 JUNII
1411 109 1540 136 VITA.

279 221 538 261 Occasionem
580 219 633 257 rei
674 218 864 267 narrabo,
907 215 1172 265 prouidentiae
1212 214 1365 252 diuinae
1405 220 1560 264 testem,
1588 224 1686 263 quae
1712 218 1862 264 patrem
1889 211 1964 249 hac
1991 210 2199 249 occasione

277 275 410 314 afflixit
437 273 594 323 pariter7
624 272 658 308 δε
686 268 976 308 commendauit
1002 267 1182 306 maxime.

329 330 397 366 Est
437 322 672 364 Vxelloduni
714 324 806 370 (hoc
838 333 983 359 nomen
1012 319 1229 368 secundarij
1259 319 1363 368 apud
1390 317 1580 368 Biturigas
1608 317 1716 368 opidi
1743 316 1835 355 vino
1862 315 2072 366 lanitioque
2101 317 2198 354 cele-

274 381 372 430 bris)
413 379 452 416 in
492 375 678 416 suburbio
721 373 954 412 coenobium
997 372 1363 410 Franciscanorum:
1407 371 1468 409 cui
1508 377 1618 421 pater
1655 369 1874 409 Gardianus
1902 371 1958 418 (vt
1985 369 2199 418 appellatur

275 432 409 483 vulgo)
452 436 626 480 praeerat
665 427 822 477 quidam
864 428 978 464 frater
1020 427 1238 475 Tossanus‚
1278 423 1337 461 vir
1373 423 1622 472 impurissimi
1663 422 1740 461 oris
1782 423 1818 460 &
1851 421 2048 472 corporis,
2086 422 2121 458 &
2149 421 2200 459 ad

274 499 391 524 omne
429 483 613 533 flagitium
654 479 928 530 paratissimus.
974 480 1052 516 Iste
1094 484 1223 515 autem
1264 477 1314 515 de
1355 477 1582 514 Nauarrena
1622 475 1773 526 Regina
1809 474 2037 524 Margarita,
2065 486 2199 512 sorore

276 537 469 577 Francisci
496 535 610 586 primi
637 533 755 583 Regis
785 535 899 581 (quae
927 530 1004 568 dux
1033 536 1113 568 erat
1139 540 1296 578 quoque
1323 528 1554 579 Biturigum)
1581 529 1711 578 palam
1739 527 1967 566 concionari
1986 539 2067 565 non
2091 525 2200 565 dubi-

273 597 438 641 temerat,
463 589 723 627 Lutheranam
744 598 828 623 eam
853 597 956 634 esse,
980 583 1138 633 dignam
1159 593 1259 630 quae
1284 582 1474 620 obuoluta
1498 594 1615 620 sacco
1638 581 1679 619 in
1707 582 1966 631 profluentem
1990 580 2201 628 iaceretur,

274 646 309 683 ἃ
353 644 426 682 alia
466 642 506 680 id
547 651 678 690 genus.
734 639 846 675 Haec
887 647 1006 686 quum
1048 634 1191 674 diutius
1232 634 1451 673 Gardianus
1480 633 1573 680 iste„
1603 633 1778 683 quamuis
1807 632 1996 684 monitus,
2024 639 2202 682 pergeret

274 695 549 748 pronunciare,
590 706 669 731 non
710 689 836 740 potuit
874 689 1118 739 magistratus
1158 686 1236 726 loci
1276 688 1383 725 bona
1413 687 1491 725 fide
1533 687 1773 725 dissimulare
1800 687 1959 724 factum.
2015 684 2202 733 Quaestio

275 753 456 789 habetur:
487 746 693 785 audiuntur
721 750 855 781 testes:
884 743 935 780 ad
962 743 1114 791 Regem
1142 739 1407 790 perscribitur.
1461 738 1544 777 Hic
1570 741 1657 778 Rex
1684 738 1896 789 indignari:
1925 738 2126 777 hominem
2153 739 2204 776 ad

274 802 524 854 supplicium,
572 797 634 836 cui
675 808 850 835 sororem
891 795 1112 843 addixerata
1160 795 1273 843 plane
1316 793 1548 843 deposcere:
1599 791 1812 831 rescribere
1851 791 2114 841 Magistratui‚
2162 797 2204 829 vt

276 853 628 905 comprehendatur
668 851 703 887 δε
744 847 1031 898 quamprimum
1059 847 1277 885 adducatur
1303 846 1354 884 ad
1383 859 1436 884 se.
1489 844 1640 895 Regina
1663 858 1735 895 pro
1763 856 1832 883 sua
1860 844 2067 882 clementia
2089 844 2204 882 inter-

276 909 406 957 cessit,
449 904 755 955 suppliciumque
795 901 919 939 lenius
959 900 998 938 in
1041 898 1241 938 hominem
1277 898 1444 948 pessime
1474 898 1524 936 de
1552 911 1593 936 se
1620 897 1801 936 meritum
1829 897 1943 936 statui
1968 896 2205 947 procurauit.

277 963 351 1000 Sed
394 959 458 1010 qui
493 970 581 997 eum
610 956 659 994 de
686 966 808 1004 regno
832 953 899 992 illo
928 951 1123 991 claustrali
1151 952 1312 1001 auderet
1340 951 1390 989 ad
1417 953 1568 1000 Regem
1595 963 1748 1001 rapere,
1783 949 2010 1000 praesertim
2038 950 2206 1000 opidana

277 1015 389 1065 plebe
431 1014 599 1050 furenter
641 1006 826 1046 monachi
859 1005 1048 1044 insaniam
1076 1005 1338 1055 approbante7
1366 1017 1447 1042 non
1474 1003 1746 1042 inueniebatur
1773 1003 1990 1053 quisquam.
2045 1002 2206 1052 Saepius

276 1069 402 1116 itaque
442 1067 580 1103 frustra
621 1061 816 1112 appellato
849 1072 919 1109 per
946 1058 1151 1108 stipatores
1179 1057 1326 1108 Regios
1355 1058 1390 1095 δε
1419 1056 1633 1106 diplomata
1660 1055 1792 1107 grauia
1819 1055 2068 1106 Magistratu3
2097 1062 2207 1105 pater

278 1121 357 1170 (qui
404 1120 501 1157 forte
539 1117 610 1155 sub
646 1114 740 1152 illud
777 1119 930 1162 tempus
965 1111 1099 1149 aderat
1139 1122 1266 1149 nouus
1303 1112 1324 1148 e
1361 1109 1505 1149 scholis
1542 1110 1712 1160 aduena,
1746 1121 1821 1147 nec
1856 1108 1961 1146 rudis
1989 1119 2206 1158 armorum,

276 1186 349 1211 nec
390 1183 518 1209 rerum
559 1175 646 1207 ante
687 1169 709 1204 a
746 1180 786 1205 se
821 1172 1014 1216 gestarum
1050 1165 1271 1212 immemor)
1308 1163 1558 1213 stipatoribus
1588 1163 1832 1201 confidenter
1859 1161 2028 1211 spondet
2056 1174 2095 1199 se
2123 1173 2206 1198 rem

275 1228 380 1264 certo
422 1226 668 1271 effecturum7
712 1220 743 1260 si
785 1221 984 1259 decretum
1018 1216 1138 1266 Regis
1164 1216 1395 1254 nominatim
1422 1215 1595 1254 mittatur
1621 1216 1672 1254 ad
1700 1228 1752 1254 se.
1795 1215 1915 1263 Quod
1943 1213 2008 1252 vbi
2043 1215 2207 1252 relatum

276 1286 352 1329 cst,
388 1279 429 1314 fit
455 1277 494 1314 in
522 1288 606 1313 eam
634 1273 862 1312 sententiam
890 1269 1136 1320 perscriptio:
1166 1269 1458 1308 Vxellodunum
1486 1268 1665 1307 mittitur:
1696 1268 1734 1306 in
1764 1266 2011 1306 Coenobium
2039 1266 2206 1305 venitur:

276 1330 553 1369 Franciscanus
592 1327 655 1365 ille
696 1323 1058 1376 comprehenditur,
1100 1323 1135 1360 δε
1176 1322 1240 1360 vix
1277 1329 1384 1360 extra
1421 1321 1545 1371 plebis
1572 1321 1729 1360 insanae
1765 1332 1924 1370 manus7
1955 1321 2141 1357 turnultus
2171 1319 2206 1356 δί

273 1382 546 1433 lapidationem
574 1378 899 1429 importunissime
929 1374 1147 1421 excitantis,
1175 1374 1399 1425 abducitur,
1427 1381 1468 1413 vt
1496 1374 1696 1413 biennium
1724 1373 1886 1423 remigio
1915 1372 2023 1411 daret
2050 1371 2090 1410 in
2111 1370 2207 1409 mari

276 1436 555 1475 mediterraneo
584 1446 631 1471 ex
660 1434 815 1471 decreto
843 1429 976 1479 Regis.

328 1491 455 1538 Atque
495 1488 591 1524 haec
631 1485 788 1534 quidem
823 1482 946 1534 prima
980 1480 1050 1519 fuit
1076 1480 1200 1531 actio,
1227 1492 1327 1530 quae
1353 1480 1394 1518 in
1421 1479 1584 1530 gratiam
1612 1479 1750 1529 Regis,
1779 1483 2000 1528 sororisque
2027 1476 2201 1527 Reginae

276 1540 481 1580 insinuauit
502 1545 671 1589 patrer-ng
700 1538 768 1576 scd
788 1536 893 1586 apud
915 1535 1021 1572 illam
1045 1533 1307 1572 inconsultam
1329 1534 1574 1582 plebeculam
1596 1533 1631 1569 δε
1653 1531 1999 1570 Franciscanorum
2023 1530 2202 1569 ordinem

276 1594 367 1633 odia
393 1600 578 1643 perpetua
601 1590 837 1639 conciliauit3
864 1586 1228 1637 indignissimasque
1257 1585 1485 1633 calumnias,
1516 1585 1659 1635 minas,
1690 1583 1998 1634 criminationes!
2025 1593 2200 1633 persecu-

276 1647 418 1697 tiones7
460 1647 621 1693 damna,
661 1650 859 1682 cruentam
900 1639 1067 1689 denique
1108 1639 1270 1677 caedem
1297 1638 1398 1688 patri
1424 1638 1662 1689 apportauit:
1691 1636 1839 1676 felicius
1867 1639 1970 1675 certe
1998 1635 2203 1684 vtiliusque

276 1699 456 1749 politicos
492 1699 658 1735 honores
684 1703 837 1747 gesturo
866 1695 901 1731 &
929 1705 1053 1742 remp.
1080 1691 1414 1741 administratum,
1443 1692 1475 1730 si
1502 1698 1591 1741 post
1617 1698 1697 1729 tam
1726 1691 1826 1729 forte
1853 1702 2010 1739 ausum,
2040 1690 2204 1726 honesta

278 1754 312 1790 &
352 1759 463 1790 cauta
503 1750 729 1800 migratione
774 1751 905 1798 (quam
933 1758 1046 1794 saepe
1075 1745 1157 1782 fieri
1184 1746 1411 1783 Nauarrena
1438 1744 1589 1794 Regina
1617 1745 1653 1782 δε
1680 1743 1858 1781 nonnulli
1885 1754 2067 1792 proceres
2095 1740 2200 1791 cupi-

278 1812 435 1854 uerunt,
464 1810 505 1841 vt
532 1802 624 1840 alibi
651 1801 744 1852 reip.
772 1798 976 1839 inseruiret
1004 1800 1127 1847 pater)
1157 1797 1230 1836 sibi
1257 1797 1530 1847 prospexisset.

332 1859 503 1894 onrem
531 1854 639 1894 duxit
664 1855 850 1892 Iacobam
878 1850 1121 1901 Hugaldam:
1150 1851 1315 1889 honesta
1337 1850 1501 1900 familia,
1529 1849 1718 1899 virginem
1741 1847 2076 1898 honestissimam,
2098 1859 2203 1884 com-

278 1909 512 1959 positissimo
559 1908 608 1945 ad
649 1920 787 1957 pacem
828 1904 983 1955 ingenio
1023 1903 1256 1941 foeminam:
1297 1916 1344 1941 ex
1384 1914 1460 1953 qua
1500 1902 1644 1941 liberos
1685 1913 1862 1940 nouenos
1898 1900 2069 1950 sustulit,
2103 1899 2203 1937 filios

278 1969 442 2012 quatuor
485 1962 519 1998 δε
562 1960 656 1998 filias
688 1960 870 2009 quinque.
924 1958 1030 1994 Duas
1071 1967 1190 2005 quum
1218 1955 1432 1994 sustulisset
1460 1955 1576 2004 filias7
1605 1956 1772 1992 fructum
1799 1953 1956 1992 audacis
1984 1953 2085 1991 illius
2111 1951 2204 1989 facti

277 2014 451 2064 percepit
476 2012 854 2051 iniucundissimum:
882 2022 972 2048 nam
1001 2009 1037 2045 δε
1059 2008 1407 2047 Franciscanorum
1427 2015 1527 2059 arte7
1552 2009 1587 2045 &
1609 2007 1734 2057 plebis
1754 2006 2011 2057 imprudentia
2032 2004 2204 2054 odioque

278 2067 447 2105 maximo
489 2077 642 2115 pressus
682 2072 738 2102 est
778 2065 850 2101 sub
891 2060 1086 2111 religionis
1128 2061 1256 2111 specie
1283 2063 1319 2099 ἃ
1346 2060 1632 2100 Lutheranismi
1660 2063 1716 2109 (vt
1742 2066 1825 2098 tum
1852 2060 2063 2107 vocabant)
2092 2068 2205 2095 accu-

279 2127 401 2169 satus,
431 2120 641 2157 subornata
673 2118 723 2154 ad
750 2130 835 2155 eam
864 2129 944 2154 rem
973 2113 1131 2164 ancilla,
1161 2126 1260 2163 quae
1289 2114 1398 2152 domi
1425 2113 1648 2153 seruiuerat.
1703 2114 1760 2151 Ea
1781 2119 1930 2162 patrem
1953 2114 1976 2149 a
1998 2125 2039 2150 se
2059 2110 2203 2159 visum,

278 2183 397 2221 quum
439 2171 573 2209 diebus
615 2169 740 2208 vetitis
783 2182 916 2207 carnes
961 2167 1111 2217 ederet,
1147 2180 1218 2216 pro
1247 2166 1471 2206 testimonio
1501 2167 1657 2205 dicebat
1684 2167 1800 2216 falso3
1829 2172 1870 2204 vt
1898 2171 2060 2203 matrem
2090 2175 2204 2212 saepe

278 2223 408 2262 audiui
448 2225 756 2261 confirmantem.
812 2222 902 2269 Quo
945 2218 1105 2258 nomine
1145 2219 1317 2270 profugit
1343 2227 1469 2269 pater7
1509 2232 1559 2257 ne
1592 2232 1640 2257 ex
1668 2231 1823 2257 carcere
1850 2230 2026 2256 caussam
2055 2215 2203 2265 dicere,

279 2277 460 2314 omnibus
489 2276 586 2314 adeo
614 2274 777 2324 infestis7
806 2280 1028 2323 cogeretun
1064 2272 1099 2308 δε
1125 2274 1149 2309 a
1176 2273 1327 2322 Regina
1353 2272 1418 2310 illa
1445 2274 1670 2311 Nauarrena
1697 2272 1749 2310 ad
1775 2283 1919 2309 annum
1948 2271 2028 2308 fere
2057 2275 2203 2307 susten-

279 2336 379 2367 tatus
421 2335 493 2367 est.
547 2330 700 2365 Interea
740 2327 780 2364 in
820 2327 927 2363 bona
955 2330 1115 2375 paterna
1143 2325 1338 2363 inuolant:
1368 2325 1591 2375 praesertim
1621 2338 1667 2363 ex
1695 2324 1843 2374 agnatis
1869 2322 2044 2373 quidam,
2075 2321 2203 2371 specie

277 2381 531 2431 pecuniolae„
572 2392 688 2429 quam
723 2378 882 2428 fugienti
909 2375 1268 2428 suppeditauerant3
1297 2390 1379 2416 rem
1406 2377 1551 2416 faciunt
1578 2377 1889 2428 diligentissime,
1919 2381 2203 2414 anteuertentes

278 2436 436 2482 fiscum,
466 2445 608 2483 magno
637 2444 727 2481 sue,
756 2432 862 2469 nullo
892 2431 1009 2481 patris
1037 2430 1264 2469 commodo.
1293 2432 1336 2479 (f.
1359 2432 1412 2478 6.)
1440 2432 1545 2468 Dum
1575 2432 1685 2469 abest
1712 2436 1850 2475 exacto
1877 2425 2205 2476 biennio‚amari

279 2487 558 2524 Franciscanus
598 2485 719 2523 redit:
761 2496 912 2522 summa
955 2481 1235 2521 acclamatione
1264 2483 1299 2519 &
1328 2485 1517 2532 applausu
1545 2483 1691 2521 ordinis
1719 2484 1755 2520 δι
1781 2481 1904 2532 plebis
1931 2480 2141 2530 excipitur:
2169 2479 2204 2516 δι

278 2552 370 2588 prae
412 2539 559 2577 foribus
599 2544 782 2587 paternae
822 2537 962 2574 domus
1003 2535 1235 2573 accurritur:
1266 2535 1447 2585 affligitur
1473 2535 1615 2573 afflicta
1642 2542 1783 2585 mater,
1813 2534 2067 2585 grauidaque3
2096 2544 2205 2581 prae-

279 2591 409 2629 sertim
450 2602 568 2640 quum
597 2591 634 2627 in
665 2600 774 2627 aures
802 2588 901 2626 illius
929 2585 1104 2626 certatim
1133 2589 1348 2626 clamarent
1375 2587 1506 2638 multi,
1534 2590 1668 2626 Rediit
1691 2593 1844 2626 sanctus
1871 2589 1935 2625 ille
1961 2588 2042 2636 vir,
2070 2585 2205 2622 rediit.-

280 2645 453 2681 diabolus
505 2645 727 2691 scamaros„
777 2643 843 2691 qui
888 2647 1021 2679 contra
1060 2639 1186 2690 ibam*³
1229 2643 1467 2689 emportauit:
1508 2641 1543 2677 ἃ
1583 2640 1624 2677 id
1663 2651 1783 2690 genus
1824 2639 1910 2678 alia.
1978 2637 2205 2676 Accedebat

279 2698 441 2734 alterum
481 2694 796 2742 incommodum,
832 2694 939 2742 quod
967 2691 1128 2743 vrgebat
1157 2700 1321 2731 matrem
1350 2705 1432 2730 non
1457 2691 1723 2731 mediocriter.
1750 2694 1854 2730 Nam
1881 2693 2068 2742 profugus
2095 2695 2205 2739 pater

280 2751 379 2786 clam
421 2749 471 2786 ad
513 2754 675 2786 matrem
704 2746 823 2784 semel
851 2745 1036 2783 redierat:
1081 2745 1174 2783 hinc
1201 2744 1359 2794 grauida
1387 2746 1488 2783 facta
1515 2751 1638 2783 mater
1665 2745 1990 2794 proscindebatur
2017 2745 2041 2780 a
2068 2742 2204 2790 vulgo,

2003 2801 2203 2843 tamquam
