2334 3020
769 107 986 136 THESES
1024 107 1454 137 THEOLOGICAE.
2010 112 2085 154 303

150 227 246 254 mus.
291 216 392 253 Nam
422 214 462 253 id
494 215 653 253 demum
684 221 740 253 est
772 216 1045 266 άκριβόλογον.
1091 216 1198 265 quod
1228 215 1406 266 dignitati
1433 216 1618 267 dicentis7
1661 223 1822 257 naturae
1850 221 2094 271 argumenti7

151 270 186 307 &
214 281 354 307 eorum
384 267 603 306 conditioni
630 280 675 305 ac
706 278 839 318 captui
868 276 1207 318 contemperatum
1237 276 1295 307 est
1324 270 1430 319 quib.
1463 270 1627 319 dicitur,
1658 271 1883 312 traditurue.

204 324 267 360 28.
323 321 476 359 Exilem
514 327 678 370 vocant„
725 320 833 359 cuius
865 333 938 359 nec
976 321 1203 372 dignitatem
1236 323 1394 361 vident:
1439 336 1511 362 nec
1548 323 1689 362 imitari
1724 333 1908 375 possunt,
1950 327 2096 365 nedum

148 375 302 424 assequi
331 374 628 424 amplitudinem
658 374 787 412 studio
817 381 883 411 aut
912 375 1047 413 labore
1077 377 1168 414 vllo.

204 441 265 477 29.
322 426 581 477 Impropriam
625 439 709 464 eam
753 428 951 477 appellant
993 427 1141 466 iudices
1183 428 1336 467 odiosi:
1381 441 1481 479 quae
1525 431 1559 467 &
1603 430 1839 481 proprietate
1882 433 2092 470 verborum

148 480 530 529 constructiom'sque
560 493 699 518 omnes
729 488 905 518 oratores
934 489 1112 532 superat,
1142 482 1177 519 &
1206 488 1411 532 troporum
1442 484 1731 533 figurarumque
1759 485 1860 523 luce.

201 547 265 583 30.
313 533 485 571 Dubiam
524 546 608 571 esse
647 545 769 583 quum
807 533 962 583 dicunt,
1003 534 1153 584 seipsos
1181 537 1286 572 certe
1313 548 1359 573 ac
1387 548 1466 573 non
1498 536 1737 586 Scripturam
1766 546 1946 588 arguunt.
1992 540 2092 577 Nam

148 586 268 625 dubia
305 598 564 636 quaecunque
601 587 867 637 a1‚›pellantur„
910 594 976 625 aut
1003 601 1050 625 ex
1079 600 1119 626 se
1149 587 1267 625 dubia
1297 596 1408 636 sunt,
1450 596 1515 627 aut
1553 589 1667 628 alieni
1702 598 1839 640 captus
1869 591 2095 631 infirmitate

147 653 216 690 per
245 652 308 687 se7
336 646 402 677 aut
431 652 501 689 per
530 640 792 678 intercurrens
821 642 856 678 &
882 640 1138 679 aduentitium
1163 640 1373 679 accidens:
1403 643 1739 691 quemadmodum
1764 643 1862 683 visui
1887 646 2094 683 oculorum

147 700 371 731 nostrorum
399 705 459 731 res
481 700 547 730 aut
577 706 645 743 per
674 708 714 732 se
744 694 935 731 obscurae
965 695 1201 742 offeruntur,
1229 701 1293 732 aut
1319 693 1541 734 infirmitate
1567 696 1669 735 visus
1695 698 1888 736 obscurae
1917 698 2097 737 videntur

147 759 250 794 esse,
280 745 536 784 interiectoue
567 745 700 796 aliquo
731 746 863 785 medio
894 759 999 797 rem,
1029 747 1208 796 quamuis
1238 760 1307 796 per
1337 761 1377 786 se
1407 750 1580 799 claram„
1608 751 1858 789 obscurante.

199 812 262 848 31.
319 798 518 849 Scriptura
546 806 676 838 autem
705 813 784 838 non
814 813 882 849 per
911 812 951 838 se
978 802 1148 838 obscura
1173 807 1249 847 est,
1280 808 1346 838 aut
1373 801 1516 840 dubia:
1548 803 1617 841 sed
1641 811 1777 842 nostro
1804 804 1899 842 vitio
1925 806 2096 843 obscura

148 852 299 890 videtur
327 864 423 890 esse.
469 853 590 901 Quod
617 852 753 891 vitium
784 852 880 902 quid
908 853 957 891 ad
986 851 1259 903 scripturam?

200 919 264 955 32·
319 905 598 955 Discrepantes
636 906 760 945 inesse
795 913 924 955 partes
963 918 1151 957 negamus
1186 906 1409 956 Scripturae
1437 921 1592 958 sacrae⁷
1634 922 1708 947 nec
1738 922 1911 959 vnquam
1939 911 1979 949 id
2008 924 2091 962 pro—

146 957 274 998 baturi
304 966 393 996 sunt
422 958 705 1009 Antigraphei:
736 959 847 997 cuius
875 959 1147 998 admirabilem
1178 973 1246 1009 per
1275 960 1408 998 omnia
1436 962 1737 1000 consensionem
1768 964 2014 1014 suspicimus.

199 1025 260 1061 33.
320 1012 522 1061 QVART07
566 1013 643 1051 fine
685 1013 859 1051 diuinam
902 1026 986 1051 esse
1028 1026 1116 1050 eam
1156 1012 1395 1062 Scripturam
1437 1021 1602 1065 negant⁷
1645 1028 1723 1065 qua
1761 1017 1884 1055 homo
1921 1019 2012 1056 cum
2042 1019 2093 1056 ad

147 1072 390 1103 caeterarum
419 1065 642 1104 diuinarum
669 1079 821 1116 rerum7
850 1073 932 1104 tum
956 1066 1006 1104 ad
1030 1073 1191 1104 naturae
1214 1065 1347 1116 huius7
1378 1068 1557 1118 adeoque
1579 1069 1638 1107 sui
1662 1069 1783 1119 ipsius
1803 1070 2095 1110 abdicationem

147 1126 401 1168 prouocatur.

199 1185 264 1221 34.
320 1172 540 1210 Calumnia.
584 1173 686 1210 Nam
723 1171 754 1210 is
788 1184 963 1210 summus
997 1171 1084 1210 finis
1123 1174 1159 1211 ἃ
1195 1173 1312 1223 plane
1346 1173 1501 1212 diuinus
1530 1182 1608 1225 est,
1651 1182 1692 1213 vt
1720 1175 1758 1213 in
1789 1189 1836 1214 eo
1865 1176 1951 1227 ipso
1981 1177 2096 1227 glori-

147 1225 284 1263 ficetur
316 1226 445 1276 Deus,
474 1226 584 1275 quod
609 1227 730 1264 homo
753 1227 1044 1272 conformatur,
1073 1225 1347 1277 coniungitur,
1375 1229 1411 1266 δε
1432 1228 1619 1266 adhaeret
1645 1230 1760 1267 Deo:
1790 1230 1935 1281 reliqua
1963 1231 2095 1269 omnia

146 1277 232 1326 (etsi
260 1285 440 1328 respectu
468 1279 599 1328 aliquo
628 1278 812 1317 dicuntur
839 1280 952 1327 fines)
982 1279 1032 1317 ad
1060 1291 1259 1318 summurn
1289 1280 1396 1318 hunc
1425 1281 1544 1319 finem
1575 1281 1817 1321 ordinantur.

199 1342 262 1381 35.
319 1332 505 1370 Caeteras
531 1331 684 1370 diuinas
713 1345 774 1370 res
802 1331 977 1370 abdicari
1009 1333 1149 1371 falsum
1180 1340 1252 1372 est.
1290 1334 1393 1371 Nam
1423 1341 1575 1373 caetera
1598 1334 1759 1385 quidem
1775 1348 1876 1386 quae
1891 1337 2096 1376 adducunt

145 1384 217 1435 illi,
262 1392 328 1423 aut
362 1397 444 1423 non
483 1393 572 1424 sunt
609 1385 762 1434 diuina,
804 1386 874 1424 sed
911 1385 1129 1435 aequiuoce
1166 1399 1213 1425 ex
1242 1386 1429 1436 opinione
1459 1387 1615 1427 illorum
1655 1390 1926 1439 appellantur:
1969 1398 2034 1429 aut
2065 1390 2096 1429 si

146 1437 281 1476 diuina
309 1444 419 1489 sunt⁷
449 1450 587 1477 eorum
616 1437 877 1477 substantiam
906 1439 1112 1490 Scriptura
1139 1453 1249 1479 sacra
1276 1441 1563 1491 complectitur.

201 1493 264 1541 36.
319 1493 381 1530 Ac
410 1491 639 1531 renunciare
670 1492 832 1542 quidem
859 1499 1022 1531 naturae
1050 1492 1143 1532 huic
1170 1506 1240 1532 nos
1268 1493 1469 1544 Scriptura
1492 1495 1629 1541 docet,
1658 1496 1727 1534 sed
1750 1496 1841 1534 huic
1864 1504 2094 1547 corruptae:

148 1557 291 1595 nempe
319 1551 361 1583 vt
389 1557 503 1596 vera⁷
532 1544 652 1596 iusta⁷
681 1550 898 1595 sanctaque
926 1553 1068 1585 natura
1095 1546 1162 1585 illa
1184 1546 1438 1587 redhibeatur
1459 1560 1576 1598 quarn
1598 1549 1751 1599 peccati
1772 1549 1862 1588 labe
1886 1550 2097 1590 amisimus.

146 1598 195 1636 Id
228 1604 360 1636 autem
396 1600 487 1637 vere
525 1611 573 1637 ex
608 1605 746 1637 natura
784 1606 860 1647 est7
903 1600 1012 1650 quod
1049 1611 1139 1638 cum
1178 1600 1409 1652 primigenia
1444 1601 1529 1652 illa,
1570 1615 1682 1653 vera⁷
1722 1601 1843 1654 iusta⁷
1886 1610 2098 1654 sanctaque

148 1658 288 1689 natura
316 1651 524 1703 conuenit,
568 1652 604 1690 &
638 1659 867 1703 corruptam
905 1654 1150 1692 exterminat.
1193 1656 1287 1692 Hoc
1324 1654 1429 1693 enim
1466 1668 1547 1694 non
1576 1655 1760 1695 abdicare
1787 1663 1990 1708 naturam,
2026 1659 2096 1697 sed

148 1711 365 1743 instaurare
396 1712 467 1744 est,

201 1769 265 1808 37.
319 1759 382 1797 De
410 1758 705 1797 renunciatione
733 1758 858 1797 nostri
886 1758 1090 1811 ipsorum,
1119 1761 1309 1799 iudicium
1337 1760 1456 1800 idem.
1485 1761 1612 1801 Nobis
1641 1762 1744 1801 enim
1772 1763 1933 1813 perditis
1958 1776 2094 1803 renun-

147 1810 322 1862 ciamus,
357 1819 401 1850 vt
427 1824 500 1850 nos
527 1811 772 1851 inueniamus
802 1813 932 1851 saluos
962 1812 1001 1852 in
1029 1813 1172 1852 virtute
1200 1814 1287 1853 Dei.
1331 1815 1423 1853 Non
1452 1816 1559 1866 Ergo
1589 1815 1835 1867 simpliciter,
1865 1818 1935 1856 sed
1965 1818 2094 1868 potius

146 1864 364 1903 secundum
393 1864 433 1903 id
462 1877 542 1915 quo
571 1865 714 1915 perditi
742 1877 896 1913 sumus,
931 1879 1120 1905 vocamur
1147 1867 1366 1907 salutariter
1393 1869 1443 1906 ad
1472 1869 1809 1908 renunciationem
1839 1871 1974 1910 nostri.

199 1921 263 1968 38.
319 1920 475 1957 Harum
509 1922 604 1958 vero
643 1919 962 1958 criminationum
992 1920 1057 1958 illa
1091 1932 1252 1971 quoque
1283 1928 1341 1960 est
1370 1924 1493 1971 con(f.
1524 1923 1828 1974 1764)sectaria,
1860 1937 1978 1973 quam
2009 1924 2096 1963 illae

145 1972 384 2010 castissimae
426 1971 575 2010 scilicet
612 1973 832 2011 Atheorum
869 1980 1020 2012 mentes
1056 1975 1187 2013 solent
1222 1974 1420 2025 obiicere,
1449 1976 1570 2024 Quod
1601 1976 1766 2015 Cantica
1792 1990 1873 2015 non
1903 1990 2028 2028 pauca
2059 1979 2094 2016 δι

145 2025 235 2063 libri
275 2025 390 2064 etiam
433 2032 609 2075 exstant„
653 2025 720 2075 qui
761 2026 857 2065 nihil
899 2026 1076 2065 diuinum
1118 2028 1298 2079 sapiunt:
1340 2029 1409 2067 sed
1451 2029 1584 2067 omnia
1627 2043 1808 2069 sermone
1851 2031 2018 2081 lasciua,
2058 2033 2094 2070 δε

147 2087 381 2128 argumento
411 2079 613 2117 amatoria.

201 2145 266 2181 39.
321 2134 382 2170 Ac
419 2133 595 2170 Psalmus
630 2132 790 2182 quidem
826 2143 889 2183 45.
918 2135 1051 2183 (quern
1079 2135 1156 2173 hoc
1186 2135 1308 2173 modo
1336 2142 1518 2174 notatum
1546 2138 1699 2186 volunt)
1727 2137 1827 2176 adeo
1856 2138 2010 2176 diuinus
2039 2145 2096 2177 est

148 2197 328 2224 sermone
371 2186 406 2223 &
447 2193 700 2236 argumento,
735 2194 776 2224 vt
813 2193 909 2236 typo
938 2188 1065 2225 solum
1094 2187 1265 2239 coniugij
1295 2189 1490 2228 humanus
1519 2189 1587 2239 sit,
1617 2189 1771 2228 diuinus
1800 2199 1973 2230 caetera:
2003 2204 2093 2242 qua-

147 2245 308 2288 propter
337 2238 455 2277 etiam
485 2238 523 2276 in
551 2239 783 2289 grauissimo
813 2247 1046 2290 argumento
1076 2242 1125 2279 de
1156 2241 1237 2280 filio
1266 2242 1341 2280 Dei
1371 2244 1496 2281 Hebr.
1531 2256 1563 2280 1.
1593 2243 1812 2283 adducitur,

201 2305 263 2339 40.
321 2291 528 2330 Canticum
558 2296 650 2331 vero
686 2293 941 2332 Canticorum
968 2293 1064 2332 nihil
1094 2302 1151 2333 est
1178 2307 1313 2333 reuera
1342 2296 1447 2333 aliud
1477 2299 1594 2346 quam
1625 2296 1798 2336 eiusdem
1827 2298 1911 2348 typi
1938 2300 1973 2337 δε
2000 2299 2095 2337 veri-

145 2345 232 2383 tatis
262 2345 388 2383 fucior
416 2345 627 2396 expositio,
657 2347 829 2384 humana
857 2347 978 2385 verba
1008 2348 1162 2386 dicens:
1193 2348 1326 2386 diuina
1355 2348 1526 2399 sapiens:
1557 2350 1593 2387 &
1616 2356 1694 2388 tam
1721 2352 1771 2389 ab
1787 2351 1896 2389 omni
1912 2352 2094 2401 spurcitia

145 2400 263 2447 quam
294 2398 441 2448 reliqua
469 2399 659 2449 scriptura
687 2400 903 2438 abstinens:
932 2407 1131 2451 vtcunque
1159 2401 1237 2440 loci
1266 2402 1367 2440 illius
1395 2403 1446 2440 ab
1474 2403 1662 2453 imperitis
1692 2404 1728 2441 &
1757 2405 1957 2444 malitiosis
1986 2419 2091 2444 men-

143 2451 246 2489 tibus
274 2458 530 2501 torqueantur
556 2453 596 2491 in
623 2454 902 2492 contumeliam
931 2454 1007 2492 Dei
1034 2456 1070 2493 &
1098 2454 1313 2504 perniciem
1341 2455 1530 2506 ipsorum.

196 2518 260 2551 41.
316 2506 506 2557 QVINTO,
535 2506 574 2543 in
604 2507 745 2545 effectu
773 2507 1016 2557 Scripturam
1048 2520 1131 2546 esse
1161 2507 1334 2546 diuinam
1362 2516 1530 2560 negant,
1558 2509 1650 2560 quia
1681 2511 1785 2550 odor
1813 2518 1869 2550 est
1891 2511 2027 2550 mortis
2041 2513 2091 2550 ad

145 2565 340 2608 mortem,
369 2559 405 2596 δι
435 2558 466 2597 si
496 2571 574 2609 qua
601 2567 689 2598 sunt
718 2559 924 2599 eiusmodi.

196 2624 260 2659 42,
314 2613 454 2662 Inepte
481 2614 575 2650 vero
605 2624 809 2652 causarum
839 2614 951 2652 locos
981 2615 1270 2654 confundentes
1299 2623 1529 2666 argutantur
1556 2615 1631 2655 isti.
1660 2618 1763 2655 Nam
1792 2629 1949 2656 causam
1963 2619 2093 2669 proxi-

143 2678 268 2711 mam,
310 2677 409 2715 quae
447 2665 568 2705 istum
605 2679 674 2716 per
710 2680 752 2705 se
790 2667 971 2705 effectum
1012 2667 1130 2717 parit,
1170 2667 1318 2707 ibidem
1353 2670 1513 2720 exponit
1550 2671 1782 2721 Apostolus,
1811 2683 1931 2721 quum
1961 2672 2013 2710 ait
2040 2673 2091 2710 ad

144 2725 311 2756 mortem
341 2731 425 2757 esse
454 2719 493 2757 in
522 2718 567 2757 iis
595 2720 661 2769 qui
689 2728 870 2770 pereunt3
899 2733 1041 2770 nempe
1069 2720 1318 2760 vitiositatem
1347 2724 1383 2761 &
1410 2724 1565 2773 culpam
1596 2722 1783 2774 subiecti,
1805 2726 1914 2774 quod
1937 2738 2017 2763 non
2034 2732 2091 2764 est

152 2784 275 2821 capax
320 2779 385 2810 aut
434 2771 564 2811 habile
604 2773 843 2822 operationis
882 2775 932 2812 ad
975 2775 1150 2813 salutem.
1181 2776 1301 2823 Quod
1332 2783 1461 2814 autem
1497 2789 1578 2815 non
1613 2777 1833 2827 Scripturae
1861 2791 1994 2817 sacrae
2022 2779 2092 2817 sed

1881 2831 2087 2871 hominum
