2334 3020
955 74 1352 106 PRAEFATIO.
2057 48 2117 103 Vll

175 204 385 250 veterum,
402 197 451 241 τό
464 196 641 250 πνεῦμα
658 194 859 250 ἒνὸιῆκον
870 197 1114 245 arguentes,
1127 191 1217 232 sive
1232 189 1427 244 Epicuro
1445 189 1556 229 duce
1575 187 1740 245 ἡδονήν
1760 193 1970 229 venantes
1995 204 2123 230 κατα-

174 257 441 317 στηματικήν
454 289 463 306 ,
488 256 530 296 in
547 254 812 295 Pantheismi
831 254 920 294 sive
935 251 1238 294 Materialismi
1259 264 1339 291 nos
1358 263 1460 290 cum
1483 248 1673 303 posteris
1698 247 1935 290 ferventem
1952 250 2124 303 penitus

176 320 365 361 deiciant
396 318 626 371 abyssum3
659 315 750 356 sive
780 327 911 354 omne
943 313 1060 367 quod
1094 327 1117 353 e
1143 312 1295 366 spiritu
1329 309 1551 364 spirituale
1585 322 1734 350 orsum
1752 310 2046 363 constipando
2080 308 2124 348 in

174 379 414 428 materiem,
431 378 522 419 sive
535 389 679 426 omne,
699 374 818 428 quod
835 388 859 416 e
878 374 1073 415 materiei
1091 379 1246 414 natura
1263 371 1449 412 solidum
1467 376 1545 420 est,
1564 370 1608 410 in
1627 369 1848 411 nimbosas
1866 368 2123 411 resolvendo

178 439 371 488 nebulas,
398 451 528 480 omne
561 436 679 490 quod
708 434 931 489 palpabile
963 439 1121 483 exstat,
1152 434 1195 474 in
1226 431 1425 473 volatiles
1458 444 1707 484 vacuasque
1729 430 1938 472 diluendo
1970 442 2124 479 auras;

178 500 349 542 Fichtio
381 498 570 553 Hegelio
603 496 676 547 illi,
704 496 748 536 hi
784 495 1000 545 Helvetio,
1024 494 1213 543 Comtio‚
1248 491 1670 547 Schoppenhaverio
1693 491 1854 532 addicti
1885 490 2117 545 magistris.

236 560 312 602 ΙΙΙ.
374 560 469 600 Iam
502 563 668 600 restant
703 555 1049 606 Christianismi,
1087 569 1198 608 quos
1231 555 1425 609 cogitate
1458 554 1590 595 modo
1623 552 1885 603 transibam,
1917 551 2124 600 fautores,

178 622 251 675 qui
285 620 404 662 letali
446 619 728 674 pantheismo
767 616 971 658 Triunius
1004 616 1089 656 Dei
1123 615 1300 664 cultum,
1329 614 1538 656 classicae
1570 613 1785 654 venustati
1820 625 1977 666 pacem
2008 618 2126 653 tran-

175 681 523 735 quillitatemque
569 679 897 730 redemtorum,
940 677 1132 718 terrestri
1180 676 1367 729 denique
1415 675 1511 716 solo
1543 673 1736 715 coeleste
1767 672 1954 724 Christi,
1997 686 2127 727 quem

174 743 373 792 adorant,
408 739 765 795 anteponendum
781 739 1017 780 aestimant
1041 751 1236 791 regnum.
1257 735 1525 777 Dilabuntur
1548 741 1695 776 autem
1724 739 1768 775 et
1790 733 1834 774 hi
1853 734 1932 788 ipsi
1950 733 2038 775 fere
2055 733 2127 775 tri-

173 803 349 857 partito,
368 803 513 856 prouti
532 802 717 850 Romae,
740 800 1072 854 Wittenbergae
1089 803 1166 838 aut
1184 796 1461 838 Genevarum
1495 797 1546 837 iis
1579 796 1738 837 arridet
1755 794 1872 835 urbs.
1890 793 2126 836 Parvulum

175 863 354 917 quidem
370 863 495 904 initio
511 862 637 903 huius
665 860 828 902 saeculi
861 867 1149 908 momentum,
1183 872 1261 912 per
1286 858 1400 898 laeta
1412 855 1698 910 Syncretismi
1725 856 1907 905 somnia,
1936 855 2129 897 diversas

174 924 381 966 ecclesias
399 924 442 964 in
459 937 594 964 unum
612 921 773 963 Christi
791 921 905 962 ovile
934 935 1042 962 mox
1060 918 1380 972 recolligendas
1406 918 1489 959 sibi
1508 919 1789 959 decreverant
1813 916 2129 958 adlectantium

175 986 418 1040 imaginum
436 983 736 1025 amabilissimi
769 982 1115 1031 adumbratores,
1136 994 1243 1020 mox
1276 986 1427 1020 tamen
1446 977 1804 1032 perincommode
1831 991 1910 1018 suo
1928 989 2130 1031 perspec—

173 1046 260 1088 turi
291 1045 551 1087 detrimento
578 1044 779 1085 inanibus
807 1042 925 1084 hisce
951 1048 994 1083 et
1011 1040 1295 1083 mendacibus
1312 1039 1537 1080 insomniis
1555 1053 1602 1080 se
1620 1038 1838 1090 „incidere
1856 1038 1899 1078 in
1917 1036 2128 1091 Scyllam,

175 1107 311 1149 vitare
342 1106 569 1160 cupientes
599 1101 922 1158 Charybdim'’,
954 1116 1036 1143 nec
1065 1101 1185 1143 aliud
1216 1101 1280 1141 sic
1311 1100 1398 1154 agi,
1418 1099 1497 1140 nisi
1530 1100 1755 1141 utiterum
1772 1097 1985 1139 historiae
2003 1103 2131 1153 rupto

178 1167 413 1221 obsequIO,
459 1166 690 1207 Roussavii
732 1164 1028 1218 generaliores
1075 1162 1129 1203 de
1174 1175 1219 1202 re
1267 1160 1395 1202 civili
1439 1161 1497 1201 ad
1544 1174 1638 1201 rem
1672 1158 2022 1200 ecclesiasticam
2055 1172 2128 1201 ac-

178 1227 560 1269 commodarentur
594 1224 785 1280 pensiles
809 1224 1142 1276 titubantesque
1169 1221 1411 1274 opiniones.
1438 1219 1715 1274 Quicumque
1736 1219 1872 1260 semel
1890 1233 1970 1273 per
1993 1219 2132 1261 histo-

174 1289 262 1330 riae
287 1288 488 1329 incedere
519 1288 636 1328 viam
668 1285 753 1326 sibi
786 1285 994 1336 decrevit,
1029 1284 1126 1337 ipso
1143 1281 1415 1336 propellente
1433 1281 1640 1323 historiae
1658 1280 1801 1335 genio,
1821 1280 1854 1320 is
1873 1294 2088 1334 praeceps
2106 1293 2132 1322 a

176 1363 203 1390 a
232 1347 572 1403 generalioribus
614 1346 672 1388 ad
719 1345 953 1399 specialia,
1002 1358 1029 1385 a
1060 1343 1183 1397 vagis
1215 1342 1270 1383 ad
1303 1349 1529 1392 concreta,
1578 1356 1606 1383 a
1637 1341 1785 1383 vacuis
1818 1341 1876 1382 ad
1910 1340 2053 1382 solida
2091 1340 2131 1382 vi

177 1407 433 1451 irresistibili
465 1421 639 1462 prorsus
671 1407 849 1460 rapitur.
884 1405 1001 1446 Hinc
1027 1405 1163 1446 nostri
1184 1417 1358 1458 quoque
1376 1404 1472 1445 aevi
1491 1402 1742 1452 Christiani,
1763 1400 1927 1443 dolosis
1945 1415 2129 1457 propere

176 1468 462 1525 Syncretismi
488 1468 672 1510 habenis
703 1467 901 1517 abiectis,
934 1466 1115 1507 iamiam
1147 1464 1206 1506 ab
1238 1464 1405 1506 arboris
1441 1478 1601 1518 genere
1634 1465 1754 1517 quod
1782 1468 1909 1504 extra
1938 1464 2131 1517 speciem

176 1543 409 1584 nusquam,
441 1529 501 1572 ad
531 1529 702 1584 fagum,
735 1528 794 1569 ad
832 1528 1014 1578 ulmum,
1046 1526 1104 1569 ad
1137 1539 1349 1580 quercum
1382 1526 1630 1577 redeuntes,
1658 1538 1760 1566 suas
1793 1523 1954 1578 quique
1985 1537 2133 1566 sacras

176 1591 474 1646 repetiverunt
504 1590 659 1640 aedes,
695 1601 1012 1644 romanumque
1059 1600 1203 1628 rursus
1236 1593 1279 1628 et
1314 1584 1603 1628 lutheranzcm
1654 1591 1702 1627 ut
1743 1589 1787 1626 et
1817 1584 2131 1636 reformatum,

176 1651 411 1708 praeclaris
440 1651 660 1693 maiorum
690 1649 910 1704 martyriis
941 1648 1182 1703 inclytum,
1214 1647 1298 1688 sibi
1331 1647 1635 1699 restituerunt,
1669 1647 1759 1687 imo
1793 1646 2131 1696 revindicavere,

179 1725 358 1755 nomen.

230 1772 309 1816 IV.
363 1773 434 1815 De
446 1772 738 1827 papistarum
764 1771 976 1813 ecclesiae
993 1770 1038 1811 in
1060 1768 1149 1810 suis
1166 1768 1462 1811 restaurandis
1478 1767 1678 1819 consilio,
1697 1774 1873 1818 conatu,
1893 1766 2132 1819 molimine,

175 1847 408 1889 progressu
434 1834 509 1875 vix
539 1839 619 1885 est,
651 1832 771 1888 quod
789 1845 1009 1874 moneam.
1041 1829 1278 1885 Propalam
1310 1829 1419 1870 haec
1448 1835 1551 1870 sunt
1583 1835 1628 1870 et
1659 1830 1786 1883 quasi
1820 1829 1865 1870 in
1882 1828 2034 1871 oculos
2067 1828 2131 1870 in-

176 1902 364 1938 currunt.
396 1895 557 1937 Fervet
582 1892 740 1936 Curiae
755 1893 989 1935 Romanae
1005 1891 1176 1933 fervens
1194 1890 1523 1945 indefessusque
1540 1889 1679 1932 labor.
1697 1888 1873 1932 Clamat
1889 1888 2134 1932 Concilium

176 1956 520 2008 oecumenicum,
554 1955 674 2010 quod
701 1968 866 2009 magna
887 1967 995 1996 voce
1010 1953 1181 2007 Papam
1197 1951 1475 1993 infallibilem
1501 1951 1813 2005 nuneprimum
1831 1950 2134 2005 proclamavit.

175 2014 351 2059 Clamat
366 2016 626 2068 Brittannia,
650 2015 725 2057 ubi
743 2015 980 2057 nobiliores
997 2028 1022 2056 e
1038 2012 1320 2055 nobilissimis
1338 2013 1395 2054 ad
1412 2026 1459 2053 se
1475 2013 1616 2067 rapuit
1633 2011 1831 2053 familias.
1842 2011 2016 2053 Clamat
2030 2009 2137 2053 Ger-

176 2078 337 2129 mania,
365 2077 442 2120 ubi
465 2077 634 2120 Galliae
660 2076 836 2131 subegit
859 2076 1068 2118 invictum
1096 2075 1323 2116 victorem.
1352 2072 1526 2115 Clamat
1554 2074 1708 2127 patria,
1735 2072 1810 2114 ubi
1828 2073 2137 2127 episcoporum

175 2143 465 2193 reposuerunt
474 2137 614 2180 sedes.
632 2137 804 2179 Clamat
813 2137 1036 2179 America!
1054 2134 1230 2177 Clamat
1240 2134 1364 2175 Asia!
1384 2133 1559 2175 Clamat
1577 2134 1693 2175 orbis
1711 2134 1959 2176 universus!
1973 2158 2030 2163 ——
2042 2133 2137 2175 Nec

174 2200 312 2254 magis
327 2198 437 2241 latet
452 2198 557 2254 quid
572 2198 693 2254 apud
707 2197 949 2240 Germanos
965 2196 1220 2252 perfecerint
1236 2194 1432 2237 Lutlzerz‘
1446 2194 1640 2236 asseclae
1666 2193 1804 2250 (haud
1822 2208 1997 2246 nomen,
2016 2194 2136 2248 quod

173 2260 304 2312 absit,
322 2260 400 2302 sed
414 2259 605 2302 hominis
620 2260 758 2301 secuti
776 2258 1108 2311 confessionem)
1127 2257 1201 2311 qui
1218 2256 1302 2297 sub
1314 2255 1544 2298 Villmario
1557 2257 1602 2297 in
1614 2255 1789 2306 Hessia,
1800 2256 1883 2297 sub
1895 2254 2134 2298 Kliefothio

174 2320 272 2363 aliis
300 2321 344 2363 in
375 2321 582 2363 Borussia
612 2322 726 2363 duce
741 2333 898 2376 puram
921 2325 1075 2374 putam
1102 2331 1207 2359 suae
1228 2317 1424 2359 nativam
1447 2316 1657 2358 ecclesiae
1674 2330 1940 2358 renovavere
1960 2316 2131 2368 faciem,

173 2381 304 2436 inque
330 2382 422 2424 dies
454 2382 594 2437 magis
628 2381 742 2424 vires
771 2387 1008 2431 sumentes,
1037 2379 1258 2433 adaugent
1274 2379 1496 2430 continuo,
1515 2392 1602 2432 qua
1634 2379 1721 2419 iam
1756 2377 1999 2432 pollebant,
2029 2390 2132 2419 auc-

173 2443 409 2485 toritatem.
429 2468 481 2475 --
501 2442 632 2497 Quod
662 2456 767 2484 vero
799 2442 857 2484 ad
887 2440 1158 2496 reformatas
1190 2440 1346 2480 attinet
1377 2438 1598 2490 ecclesias,
1626 2438 1745 2480 haud
1769 2437 1945 2490 infitior,
1975 2452 2052 2480 eas
2069 2437 2130 2480 ob

172 2516 298 2545 suam
344 2517 422 2558 per
462 2504 602 2546 varias
648 2503 804 2558 plagas
850 2502 1168 2557 dispersionem
1200 2501 1412 2542 tardiores
1442 2513 1524 2554 pro
1558 2506 1757 2554 tempore
1787 2499 1980 2551 venisse3
2014 2512 2130 2540 nunc

174 2570 326 2606 autem
369 2564 503 2607 hasce
547 2578 721 2620 quoque
768 2563 976 2606 ecclesias
1023 2566 1229 2617 prompte
1275 2566 1318 2602 et
1349 2560 1550 2602 alacriter
1581 2575 1660 2615 per
1702 2560 1891 2602 eundem
1923 2559 2130 2601 historiae

173 2625 395 2667 tramitem
423 2639 524 2668 cum
555 2639 720 2680 magna
751 2626 950 2668 incedere
981 2622 1269 2673 confidentia,
1315 2622 1489 2676 egregie
1519 2623 1718 2676 gaudent
1750 2621 1875 2672 laici,
1910 2620 2128 2675 theologi,

172 2685 418 2729 liberalium
448 2687 611 2728 artium
644 2686 830 2728 cultores
863 2699 1017 2728 omnes
1047 2683 1232 2737 quibus,
1270 2682 1384 2724 bene
1425 2696 1483 2723 ex
1514 2683 1648 2724 animi
1682 2682 1901 2724 sententia
1933 2681 2129 2724 ecclesiis

1969 2742 2128 2783 nostris
