2334 3020
771 113 1466 143 Tliusrts'l·111‹·.or,ocrc.x13.
2013 111 2084 156 283

141 226 257 265 nobis
273 225 458 275 terrenis,
475 222 716 263 terrestrium
732 223 1051 272 caducarumque
1066 234 1195 261 rerum
1212 222 1341 273 specie
1367 224 1403 261 in
1427 225 1548 262 verbo
1565 236 1636 262 suo
1652 225 1921 275 adumbrauit,
1938 226 2097 263 Gloriae

143 281 178 317 δε
206 279 308 318 vitae
340 291 550 327 coronam,
579 275 860 315 haereditatem
894 275 1252 335 incorruptibilem
1284 276 1410 315 sinum
1441 277 1677 317 Α111ι111ι,11111
1709 285 1904 316 aeternam
1936 280 2097 317 salutem

142 332 429 383 nuncupando,
459 343 560 380 quae
594 329 784 379 imprimis
815 329 998 367 omnibus
1026 329 1150 368 beatis
1180 329 1218 367 in
1248 342 1391 380 genere
1420 331 1639 368 communis
1668 323 1739 368 erit
1765 345 1810 368 a<
1840 345 1909 381 per
1932 346 1972 370 se
1995 333 2096 369 suffi

143 385 268 434 010115,
308 387 505 424 honorum
545 389 676 421 tamen
711 382 1020 432 dignitatumque
1049 382 1244 432 quantitas
1272 396 1318 421 ac
1347 382 1511 433 qualitas
1542 383 1579 421 in
1609 383 1691 433 ipsa
1720 383 1919 431 distemus,
1951 385 2096 444 dispari

145 416 328 478 omnibus
371 440 538 487 decore,
580 442 734 475 seruata
769 435 1027 485 proportione
1064 447 1129 474 seu
1164 435 1315 475 ratione
1343 448 1420 486 qua
1448 437 1702 502 inaequaliter
1731 439 1836 476 Deus
1865 438 2027 488 onium]
2058 438 2094 476 in

142 493 220 530 hoe
256 499 434 541 tempore
476 488 608 528 electis
648 489 727 527 suis
761 489 858 527 iuste
895 489 1055 539 singulis
1083 489 1322 540 gratificatus
1352 497 1429 541 est,
1459 493 1538 539 quo
1567 491 1661 528 olim
1693 490 1800 529 bona
1835 502 1903 529 sua
1929 491 2094 540 gratuita

143 544 260 583 etiam
298 545 412 583 simul
449 542 488 581 in
517 541 749 592 corporibus
776 542 950 592 ipsorum
980 550 1158 581 coronet.
1187 544 1317 581 Iacob.
1352 557 1385 582 1.
1419 557 1476 581 12.
1512 557 1542 581 1.
1573 545 1655 582 Pet.
1686 554 1721 593 5.
1751 557 1788 590 4.
1823 558 1853 581 1.
1882 546 1963 582 Pes.
1999 558 2027 581 1.
2060 556 2095 594 5.

146 599 237 637 Luc.
273 599 329 636 16.
362 611 423 636 22.
457 610 487 634 1.
526 597 638 635 Thes.
669 609 704 634 2.
738 609 796 645 19.
830 595 965 633 Matth.
1005 609 1063 645 19.
1097 598 1157 634 28.
1184 597 1295 634 Dan.
1330 610 1388 635 12.
1418 611 1455 646 3.

193 653 230 690 6.
284 652 411 701 Agere
440 649 615 700 ipsorum
645 656 702 687 est
730 662 869 687 vacare
898 648 972 686 Dei
1001 649 1199 699 laudibus,
1223 649 1404 699 curisque
1428 649 1614 688 edacibus
1630 656 1832 699 exemptos
1848 650 2086 699 reliquorum

143 710 366 742 sanctorum
407 703 525 741 finem
563 705 598 741 ἃ
641 714 855 752 corporum
890 713 1050 740 suorum
1089 702 1434 754 resurrectionem„
1471 717 1517 741 ac
1546 703 1715 752 denique
1744 703 1782 741 in
1812 702 2093 753 perfectissimo

144 756 336 795 felicitatis
379 757 540 807 gaudio:
585 768 675 794 nam
719 755 831 794 sicuti
860 757 1016 805 postea,
1049 756 1159 819 quod
1187 755 1263 793 iam
1294 757 1487 794 caducum
1518 755 1588 794 fuit
1605 768 1780 821 corpus,
1811 757 1942 795 denuo
1972 756 2095 794 incor-

141 810 323 860 ruptibile
347 809 646 859 assumendum,
674 809 798 858 (quod
831 808 989 846 tandem
1019 809 1085 846 δια·
1116 814 1180 857 τῆς
1210 812 1283 846 τῶν
1311 809 1567 859 ἐλπιζομένωι
1598 811 1822 853 ῖποςάσεως
1838 809 2094 855 101ον1(·,10111

143 875 243 922 quae
273 863 368 913 ipsis
396 870 476 901 tam
505 869 652 901 certam
682 876 727 900 ac
756 861 960 900 indubiam
989 863 1139 900 futurae
1168 861 1222 899 rei
1251 862 1421 912 speciem
1451 861 1561 911 quasi
1589 875 1682 912 prae
1706 875 1746 900 se
1762 865 1836 901 lert
1853 875 1913 914 qu
1907 878 1969 901 1111
1986 840 2095 913 quod

143 915 235 966 ipsis
262 915 610 966 inpraesentiarum
640 923 697 954 est
726 915 1002 975 certissimum)
1030 916 1140 953 nullo
1169 927 1216 952 ex
1243 921 1362 965 pacto
1391 914 1568 965 grauabit
1597 915 1787 965 animam,
1817 916 1872 954 sic
1901 930 1974 955 nec
1998 916 2094 954 cius-

142 970 234 1008 dem
276 969 473 1014 absentia,
515 968 739 1008 felicitatem
784 969 903 1019 ipsius
936 969 1014 1006 vlla
1048 981 1095 1006 ex
1133 974 1266 1018 parte,
1294 969 1345 1006 ad
1373 967 1467 1006 illud
1495 967 1787 1007 resurrectionis
1816 977 1990 1020 tempus.
2020 970 2094 1007 Dei

143 1022 410 1073 ordinatione,
441 1022 656 1061 imminuet.

197 1088 230 1125 7.
288 1077 379 1125 Quo
409 1076 448 1114 in
475 1077 566 1114 loco
595 1076 759 1126 degant,
787 1082 997 1134 postquam
1026 1085 1170 1124 corpus
1198 1073 1398 1113 viuificare
1419 1074 1611 1113 dissoluto
1629 1075 1791 1114 actualis
1807 1076 2093 1114 coniunctionis

142 1141 244 1167 nexu
275 1130 482 1168 beatorum
512 1129 666 1167 animae
695 1127 940 1167 desiuerunt:
971 1128 1070 1166 inter
1100 1140 1238 1166 ornnes
1266 1140 1347 1166 non
1377 1128 1574 1167 conuenit.
1604 1128 1819 1167 secundum
1846 1130 1961 1167 situm
1991 1130 2092 1179 ipsas

142 1182 291 1233 seiungi
334 1196 414 1221 non
456 1195 541 1222 esse
581 1195 742 1221 necesse
771 1188 909 1232 putant
938 1181 1185 1244 Philosophi,
1215 1193 1336 1230 quum
1365 1182 1580 1220 secundum
1611 1181 1716 1231 ipsos
1745 1183 1783 1220 in
1814 1195 1981 1232 corpore
2010 1195 2092 1220 esse

142 1236 320 1274 desinant
347 1236 645 1274 informatione.
681 1248 754 1273 nos
782 1247 872 1273 cum
901 1232 1106 1284 Apostolo
1130 1234 1171 1271 ἐν
1201 1238 1275 1276 τοῖς
1302 1234 1560 1286 ἐπουρανίοις.
1589 1234 1613 1272 i.
1643 1236 1683 1272 ἑν
1716 1237 1766 1272 τῶ
1788 1237 2008 1286 παραδείσῳ
2039 1236 2089 1273 ad

142 1289 298 1328 tertium
336 1291 488 1328 caelum
525 1289 637 1328 euehi
666 1288 850 1337 dicimus
883 1288 989 1337 (licet
1017 1286 1288 1325 Mathematici
1314 1289 1444 1337 plures
1473 1295 1696 1339 numerent,
1725 1274 1969 1338 'lheologiee
1998 1292 2092 1327 vero

141 1356 188 1381 ac
216 1355 298 1380 non
323 1342 596 1393 philosophice
624 1341 792 1392 agimus)
821 1341 888 1380 vbi
917 1340 1035 1391 capiti
1062 1352 1133 1379 suo
1163 1339 1320 1379 Christo
1349 1340 1554 1380 indiuiduo
1584 1354 1708 1390 nexu,
1737 1342 1916 1379 membra
1945 1341 2091 1380 seilicet

142 1395 319 1446 corporis
348 1395 548 1434 Ecclesiae
576 1395 685 1446 quod
712 1394 750 1433 in
780 1394 896 1434 caelis
924 1402 982 1433 est
1011 1395 1236 1433 adhaerent.
1271 1395 1526 1444 Praeparatus
1553 1397 1648 1433 verd)
1677 1396 1788 1434 locus
1817 1394 1975 1433 cuilibet
2004 1408 2092 1445 pro—

143 1449 246 1499 prius
275 1449 567 1500 Metaphysieus
596 1456 663 1487 est.

196 1505 231 1541 8.
287 1504 574 1541 Damnatorum
615 1501 792 1541 conditio
834 1515 882 1540 ex
917 1500 1122 1552 opposito,
1159 1501 1344 1539 nimirum
1379 1512 1468 1539 cum
1501 1503 1714 1540 electorum
1746 1508 1847 1540 statu
1876 1501 1948 1540 rite
1977 1514 2024 1540 ex
2053 1503 2089 1540 S.

143 1556 339 1606 Scriptura
376 1555 583 1606 colligitur.
627 1555 829 1605 Siquidem
865 1562 907 1593 vt
934 1555 974 1593 hi
1002 1554 1130 1594 omnis
1159 1554 1411 1593 beatitudinis
1441 1556 1476 1592 ἃ*
1506 1556 1707 1593 aeternum
1739 1555 1946 1593 duraturae
1973 1555 2090 1593 felici-

141 1609 228 1648 tatis
269 1609 477 1659 gaudium,
518 1610 633 1658 quale
669 1622 751 1647 non
786 1609 992 1647 hominum
1029 1608 1205 1658 percepit
1239 1621 1327 1659 cor,
1365 1608 1443 1646 iam
1472 1621 1520 1646 ex
1547 1608 1808 1658 promissione
1835 1608 1910 1646 Dei
1939 1609 2092 1659 adepti,

141 1662 196 1700 illi
235 1662 322 1701 vice
362 1662 475 1701 versa
515 1662 721 1701 horrendis
761 1661 853 1701 diris
890 1669 1008 1712 atque
1037 1663 1220 1701 omnibus
1249 1661 1486 1701 cruciatibus
1514 1661 1700 1713 expositi,
1730 1665 1921 1712 perpetuo
1952 1662 2094 1700 summi

140 1715 237 1754 boni
264 1716 501 1766 priuatione..
530 1715 685 1755 miseria
712 1715 902 1766 imprimis
930 1716 1004 1754 hac
1032 1715 1217 1755 omnibus
1240 1715 1441 1754 communi
1456 1715 1700 1766 afficiuntur,
1717 1721 1869 1765 proque
1884 1715 2092 1753 iustissima

140 1769 217 1807 Dei
242 1769 385 1808 iustitia
412 1769 545 1808 debita
573 1768 785 1819 vnicuique
811 1782 883 1820 per
909 1768 1126 1807 indebitam
1154 1769 1318 1820 gratiam
1345 1782 1427 1807 non
1443 1769 1769 1819 saluato,poenis
1784 1768 2092 1807 indesinentibus

141 1830 389 1873 exercentur,
430 1826 684 1872 vetert'unque
710 1823 906 1861 malorum
933 1823 1112 1873 pendunt
1148 1822 1359 1874 supplicia,
1394 1821 1447 1860 ita
1474 1830 1515 1861 vt
1543 1822 1697 1861 miseria
1725 1822 1900 1873 ipsorum
1926 1821 2002 1860 alia
2029 1823 2090 1860 vel

139 1877 255 1915 aliam
284 1883 459 1926 superet,
485 1877 549 1915 vel
574 1874 733 1915 inferior
759 1883 825 1914 aut
852 1877 1072 1926 adaequata
1099 1875 1147 1915 sit
1173 1875 1351 1915 miseriae
1378 1875 1547 1915 alterius.

195 1943 231 1979 9.
287 1929 528 1968 Miserrimus
569 1929 632 1968 ille
674 1936 812 1981 status,
850 1929 992 1968 rationi
1031 1929 1197 1968 iustitiae
1231 1929 1307 1968 Dei
1342 1930 1576 1980 respondet,
1605 1929 1644 1967 in
1671 1941 1751 1979 quo
1782 1942 1855 1979 pro
1880 1928 2091 1979 temporeis

142 1983 313 2033 delictis,
342 1996 388 2021 ac
415 1982 814 2033 praeuaricationibus
842 1996 972 2033 poena
1001 1982 1165 2032 quisque
1193 1983 1401 2022 damnatur
1429 1982 1607 2022 aeterna:
1637 1995 1779 2032 nempe
1802 1981 1893 2031 quia
1907 1983 2093 2021 aduersus

140 2036 216 2074 Dei
258 2035 500 2075 maiestatem
541 2037 760 2075 voluntarie
795 2036 1051 2087 impegerint,
1085 2036 1194 2075 0111115
1222 2036 1286 2075 hic
1314 2036 1433 2075 etiam
1461 2036 1502 2074 in
1525 2035 1636 2074 terris
1667 2035 1980 2073 manifestissima
2009 2038 2094 2074 sese

142 2089 252 2139 signa
280 2096 455 2128 exerunt.
483 2102 564 2128 non
592 2088 695 2128 enim
723 2091 867 2129 horum
895 2096 1101 2140 peccatum
1129 2102 1249 2129 vnum
1279 2096 1357 2140 est,
1386 2090 1496 2139 quod
1524 2102 1596 2139 pro
1612 2088 2092 2139 peecaticeleritate,tam

142 2143 281 2193 exigua
316 2142 533 2181 vindicetur
570 2145 743 2195 morula,
772 2150 917 2194 quanta
944 2143 1249 2193 deprehenditur
1277 2149 1552 2194 perpetratum.
1580 2142 1765 2182 Subditus
1793 2141 1967 2192 quisquis
1994 2141 2095 2192 eapi-

142 2198 260 2235 talem
289 2209 433 2235 noxam
461 2198 564 2235 elam
591 2197 750 2236 molitus
778 2196 913 2246 fuerit,
944 2203 1109 2236 conatus
1137 2197 1196 2236 sui
1223 2197 1429 2236 conuictus
1458 2203 1584 2235 morte
1611 2195 1813 2246 plectitur,
1839 2207 1940 2246 quae
1964 2195 2092 2245 ipsum

143 2249 182 2288 in
211 2249 490 2300 sempiternum
518 2252 542 2288 a
571 2249 756 2289 societate
790 2250 1004 2289 viuentium
1032 2251 1168 2289 aufert.
1197 2252 1222 2289 l.
1256 2262 1290 2301 5.
1319 2251 1364 2289 C.
1394 2252 1451 2288 ad
1466 2251 1610 2288 Iuliam
1632 2251 1776 2288 majest.
1806 2251 1977 2287 Poenam
1993 2250 2094 2287 hanc

143 2305 305 2353 Paulus,
338 2317 370 2342 2.
406 2304 520 2342 Thes.
553 2317 584 2341 1.
615 2318 650 2353 9.
682 2304 839 2355 ὄλεθρον
867 2304 1045 2353 αἰώνιον,
1073 2303 1215 2354 expelli
1242 2307 1265 2342 a
1294 2303 1392 2342 facie
1420 2302 1606 2354 Domini,
1637 2303 1717 2341 siue
1745 2305 1768 2341 a
1796 2309 2000 2352 praesente
2015 2304 2094 2340 Do·

143 2356 250 2395 mino
284 2356 473 2395 damnari.
520 2370 553 2396 1.
583 2356 736 2395 excludi
770 2360 794 2394 a
821 2356 986 2408 sanctis,
1021 2357 1255 2407 Christoque
1293 2368 1455 2396 exosum
1482 2369 1586 2395 esse:
1619 2356 1728 2406 quod
1757 2357 1907 2394 tantum
1935 2368 1983 2393 ex
2011 2368 2093 2394 sese

142 2417 302 2460 generat
328 2409 544 2449 cruciatum
572 2424 619 2448 ac
648 2411 844 2460 dolorem,
877 2416 919 2449 vt
946 2410 977 2449 si
1005 2409 1093 2449 illos
1121 2412 1228 2449 nulla
1256 2409 1495 2449 extrinsecus
1519 2422 1648 2460 poena
1662 2410 1997 2458 torqueret,liaec
2012 2410 2096 2447 sola

144 2464 348 2502 sufficeret.
394 2464 534 2513 Neque
576 2463 680 2503 enim
722 2465 848 2503 solum
887 2463 927 2502 in
965 2463 1062 2503 boni
1097 2463 1237 2502 summi
1265 2463 1484 2514 priuatione
1516 2470 1628 2514 sunt,
1657 2463 1727 2501 sed
1755 2462 1795 2500 in
1824 2461 1916 2500 mali
1944 2464 2096 2500 summe

142 2517 328 2555 horrendi
357 2517 572 2568 positione,
599 2530 742 2567 nempe
770 2516 1028 2567 implacabilis
1055 2517 1133 2556 irae
1163 2517 1319 2555 diuinae
1348 2529 1419 2567 pro
1449 2516 1582 2555 delicti
1609 2516 1760 2555 ratione
1787 2515 2095 2565 efferuescentiS,

144 2583 191 2608 ac
227 2569 266 2608 in
295 2570 575 2620 sempiternum
604 2570 812 2609 duraturae
839 2582 975 2620 sensu,
1003 2583 1104 2621 quae
1132 2571 1290 2619 quidem
1320 2584 1392 2620 pro
1420 2569 1751 2620 consequentibus
1778 2569 1960 2607 dicuntur
1986 2570 2096 2607 Mors

145 2624 188 2672 (f.
222 2625 337 2672 1747)
366 2630 542 2675 aeterna,
574 2623 868 2675 acerbissimus,
897 2624 1111 2675 cruciatus,
1139 2622 1545 2675 horror,ignominia.
1575 2625 1612 2662 S.
1629 2623 1826 2673 Scriptura
1841 2622 1958 2660 etiam
1974 2622 2098 2660 nomi-

144 2683 211 2714 nat
241 2677 475 2715 Gehennam
507 2677 629 2729 ignis,
657 2677 864 2716 stridorem
897 2677 1092 2729 dentium,
1120 2679 1292 2716 Mortem
1322 2677 1549 2717 secundam.
1579 2679 1681 2715 lesa.
1709 2678 1770 2726 56.
1804 2689 1863 2723 24.
1891 2677 2038 2714 Matth.
2060 2678 2096 2713 8.

150 2743 209 2768 12.
243 2729 348 2769 Mar.
378 2744 415 2778 4.
444 2743 507 2780 43.
535 2732 700 2783 Apocal.
731 2744 793 2771 21.
822 2733 858 2769 8.

210 2797 270 2822 10.
326 2784 526 2833 Quamdiu
562 2791 693 2824 autem
720 2791 974 2835 vtrorumque
1002 2791 1123 2824 status
1152 2785 1358 2823 duraturus
1387 2783 1453 2836 sit,
1482 2783 1572 2823 satis
1600 2782 1736 2823 innuit.
1764 2783 1914 2823 Asattlt.
1945 2795 2016 2872 12,
2032 2795 2097 2831 32.

1968 2843 1999 2873 A
2013 2849 2095 2873 ‹ch
