2334 3020
776 112 995 140 ‘russas
1037 108 1470 137 Trimonocicass.
2050 91 2117 141 137

183 228 427 272 compertum
464 221 672 270 habemu83
711 218 779 257 sed
815 219 965 256 tantum
993 229 1067 256 nos
1097 215 1234 255 mediis
1261 215 1370 254 hisce
1398 214 1575 264 alligatos
1604 225 1686 252 esse
1715 213 1912 257 volumus,
1941 211 1976 248 &
2003 209 2054 248 ita
2082 215 2123 247 vt

183 275 440 325 quicumque,
483 273 527 312 iis
570 272 781 323 neglectis,
822 270 861 309 in
903 277 1054 309 secreta
1089 269 1164 307 Dei
1191 269 1405 318 irrumpere
1427 267 1537 317 velit,
1570 273 1635 304 aut
1662 264 1829 315 negatis,
1857 265 1908 302 ad
1936 265 2053 301 finem
2081 275 2121 300 se

182 327 386 378 peruenire
414 339 531 378 posse
559 331 726 376 asserat,
755 335 845 363 eum
875 323 915 362 in
942 324 1073 362 Deum
1101 322 1395 372 blasphemum,
1423 320 1635 371 ingratum,
1665 320 1700 357 δε
1727 324 1811 357 toto
1839 318 1951 356 coelo
1973 328 2122 365 errare,

184 380 317 420 dicere
343 393 423 419 non
450 389 665 418 vereamur.

235 445 299 482 47.
354 433 559 481 Secundo,
602 429 740 469 mediis
782 429 862 469 istis
902 430 939 468 &
980 428 1126 468 effectis
1168 426 1369 466 electionis
1403 426 1544 473 vtitur,
1582 431 1624 463 vt
1651 430 1780 463 certos
1808 435 1882 462 nos
1909 421 2046 461 reddat
2073 421 2123 459 de

184 486 307 524 nostri
334 485 536 524 electione.
580 485 678 522 Sunt
715 482 819 522 enim
856 495 903 521 ex
930 481 1049 532 ipsius
1074 481 1150 520 Dei
1177 480 1373 530 instituto,
1402 480 1539 518 effecta
1570 489 1708 516 causae
1736 488 1827 515 suae
1854 475 2124 524 ἀψευδέςατα,

185 538 237 577 ita
277 546 318 577 vt
349 538 415 588 qui
443 550 484 576 se
513 543 697 576 vocatum
725 535 877 574 efficaci
903 534 1066 585 Spiritus
1094 534 1233 573 virtute
1262 532 1446 583 senserit,
1475 544 1516 570 se
1544 532 1710 570 electum
1738 529 1868 568 dicere
1896 527 2032 577 possit3
2060 527 2126 575 qui

184 591 367 630 iustitiam
407 590 550 629 Christi
583 589 656 628 sibi
685 592 709 628 a
737 591 824 627 Deo
852 588 1081 638 imputatam
1108 587 1307 637 amplexus
1334 584 1463 636 fuerit,
1493 597 1533 622 se
1561 590 1746 622 vocatum
1775 595 1857 621 esse
1885 580 2015 619 dicere
2043 592 2123 617 non

192 644 364 696 dubitet3
392 643 460 693 qui
487 643 655 682 studium
683 643 880 681 bonorum
909 653 1072 691 operum
1098 640 1136 679 in
1166 653 1207 678 se
1233 639 1362 690 vigere
1390 636 1563 686 nouerit,
1588 650 1629 675 se
1643 635 2126 681 iustificatummocatum,

183 698 352 735 electum
381 709 484 742 esse,
514 698 647 735 sancte
676 694 834 746 gloriari
862 701 997 744 queat,
1029 696 1064 733 δε
1092 706 1162 744 per
1177 704 1423 741 consequens
1438 703 1479 729 se
1497 697 1604 728 certo
1620 688 1883 740 glorificatum
1898 685 1955 724 iri.
1985 686 2054 722 Ille
2070 692 2127 723 est

186 749 319 788 tertius
347 749 487 788 modus
516 761 595 799 quo
625 748 719 787 certi
747 747 949 786 reddimur
977 747 1026 785 de
1053 745 1176 785 nostri
1198 745 1410 795 electione,
1426 744 1475 782 de
1490 754 1569 792 quo
1586 743 1751 792 paucula
1766 740 1933 779 diximus
1948 739 2045 776 thes.
2064 751 2124 786 34.

235 805 299 850 48.
355 803 504 841 Omnes
531 802 666 853 igitur,
695 802 731 840 δι
760 800 922 851 singuli,
950 799 1018 849 qui
1047 800 1141 838 tales
1170 800 1350 837 &tantae
1365 804 1482 835 notae
1499 803 1615 834 testes
1630 793 1833 833 electionis
1849 804 1940 832 suae
1954 792 2121 839 habent,

185 857 318 906 quales
347 863 436 894 sunt
465 856 529 905 Sp.
546 857 584 893 S.
599 854 808 904 applicatio
824 852 1128 904 promissionum
1144 850 1488 901 Euangelicarum,
1505 849 1642 886 effecta
1657 848 1720 886 illa
1736 845 1994 885 electionibus
2008 855 2124 893 supra

184 915 429 959 enumerata,
467 915 634 946 statuere
663 908 829 957 debent,
859 919 933 944 nec
961 918 1002 943 se
1031 918 1103 943 nee
1132 905 1298 943 electum
1326 914 1551 952 quenquam
1579 900 1745 938 finaliter
1773 902 1809 938 δε
1838 897 2007 937 totaliter
2035 897 2126 935 defi-

185 975 272 1000 cere
315 974 444 1012 posse.
487 962 580 999 Illos
608 963 701 999 vero
729 973 801 1010 pro
831 959 963 998 electis
991 959 1137 996 habere
1164 963 1344 995 tenentur
1374 968 1422 993 ex
1447 953 1522 992 Dei
1549 953 1758 1003 mandato,
1787 952 1826 990 in
1855 951 1996 1001 quibus
2023 948 2126 987 testi·

192 1014 328 1053 monia
369 1013 571 1053 electionis
612 1013 941 1061 animaduertent,
981 1011 1100 1059 idque
1133 1023 1181 1048 ex
1208 1008 1352 1047 iudicio
1381 1006 1599 1056 charitatis,
1627 1005 1815 1044 iudicium
1841 1002 2012 1042 veritatis
2041 1004 2128 1040 Deo

194 1067 454 1118 καρδιογνώςῃ
483 1067 759 1116 relinquentes.
801 1067 861 1103 De
890 1064 934 1103 iis
961 1066 1075 1114 vero,
1102 1063 1142 1101 in
1169 1062 1309 1112 quibus
1337 1060 1428 1099 talia
1454 1072 1535 1097 non
1562 1058 1742 1097 videntur
1769 1057 1899 1108 signa,
1922 1057 2127 1105 desperare

193 1132 275 1158 non
305 1121 474 1170 debent,
502 1121 632 1159 Deum
661 1132 744 1157 esse
771 1117 1066 1157 misericordem
1095 1115 1282 1164 scientes,
1310 1113 1378 1163 qui
1404 1112 1503 1151 hora
1529 1110 1744 1150 nouissima
1771 1122 1871 1160 quos
1891 1110 1973 1148 vult
2000 1114 2127 1146 vocat.

241 1185 304 1222 49.
360 1174 564 1212 Hactenus
594 1173 643 1211 de
671 1171 885 1221 electione,
913 1169 992 1208 iam
1020 1169 1070 1207 de
1099 1167 1386 1218 reprobatione.
1427 1165 1726 1215 Reprobatiom's
1752 1176 1895 1201 nomen
1926 1168 1983 1200 est
2011 1160 2126 1199 etiam

188 1225 428 1275 πολύσημον;
457 1225 598 1264 dicitur
627 1224 730 1263 enim
758 1225 820 1263 vel
849 1221 1128 1271 communiter,
1159 1222 1219 1259 vel
1248 1218 1502 1270 singulariter.
1531 1215 1803 1256 Communiter
1830 1215 2126 1264 dicitur,quum

187 1280 222 1315 δι
256 1278 559 1317 non-electionis
587 1278 806 1327 decretum,
835 1278 870 1315 δι
899 1274 1194 1314 damnationem
1222 1273 1336 1312 simul
1363 1269 1648 1321 complectitur.
1689 1268 1940 1319 Singulariter
1967 1266 2127 1312 dicitur,

190 1329 309 1380 idque
338 1331 493 1370 duobus
523 1330 670 1382 modis,
698 1329 846 1381 primus
875 1335 954 1378 est,
989 1339 1109 1377 quum
1133 1325 1358 1376 reprobatio
1387 1323 1569 1363 electioni
1597 1322 1831 1373 opponitur,
1861 1332 1985 1370 eaque
2013 1318 2125 1370 signi-

189 1384 278 1420 ficat
312 1390 462 1432 partem
504 1383 626 1422 diuini
665 1382 831 1432 decreti,
869 1393 970 1431 quae
998 1387 1160 1419 vocatur
1188 1377 1427 1417 non-electio
1457 1378 1519 1416 vel
1539 1374 1774 1426 praeteritio.
1817 1374 2020 1413 Secundus
2049 1378 2127 1421 est,

186 1437 276 1473 curn
303 1436 528 1485 reprobatio
558 1449 630 1487 pro
660 1435 912 1474 damnatione
941 1440 1158 1484 vsurpatur.
1196 1433 1303 1481 Nos,
1330 1431 1459 1482 primo
1487 1429 1704 1480 significato
1734 1431 1910 1478 (propter
1939 1424 2127 1475 ambigui-

186 1495 304 1527 tatem
331 1499 432 1538 quae
460 1502 508 1527 ex
536 1489 682 1528 decreti
710 1487 1014 1527 non-electionis
1043 1489 1078 1525 &
1106 1485 1366 1524 damnationis
1395 1482 1627 1522 confusione
1655 1481 1747 1520 oriri
1774 1483 1922 1530 posset)
1951 1478 2122 1518 &tertio

186 1545 363 1591 (propter
391 1542 648 1593 κατᾶχρησιν)
687 1541 859 1590 reiectis,
896 1539 1069 1578 medium
1108 1538 1230 1589 magis
1259 1540 1490 1588 probamus,
1519 1543 1602 1574 turn
1629 1534 1720 1584 quia
1752 1534 1952 1584 ῖδιώτερον
1979 1539 2056 1578 est,
2086 1532 2121 1569 &

186 1594 309 1644 magis
332 1603 468 1633 nostro
483 1596 686 1645 proposito
702 1594 962 1645 conueniens,
978 1600 1060 1631 tum
1074 1592 1166 1642 quia
1181 1605 1258 1630 vox
1271 1591 1313 1630 id
1327 1590 1529 1630 reuincere
1544 1589 1713 1627 videtur:
1730 1600 1821 1626 nam
1837 1586 2106 1633 ἀποδοκιμάζω
2118 1614 2127 1631 ,

186 1647 294 1696 quod
330 1648 495 1685 verbum
530 1656 588 1687 est
615 1648 753 1687 Latine
780 1648 975 1698 reprobo,
1004 1646 1195 1697 significat
1222 1645 1405 1695 Budaeo,
1425 1648 1656 1694 praetereo:
1685 1640 1753 1679 sed
1783 1640 1833 1677 ad
1860 1638 2127 1676 definitionem

185 1699 431 1738 accedamus.

240 1764 300 1803 50.
355 1754 591 1804 Reprobatio
627 1766 695 1793 seu
732 1752 956 1804 praeteritio
990 1758 1048 1791 est
1076 1759 1278 1790 aeternum
1306 1750 1381 1789 Dei
1408 1751 1632 1798 decretum,
1661 1758 1741 1797 quo
1770 1747 1877 1783 Deus
1906 1742 2122 1782 secundum

185 1805 431 1856 propositum
468 1807 678 1846 voluntatis
716 1820 827 1858 suae,
865 1813 954 1845 ante
983 1818 1100 1844 omne
1128 1811 1301 1854 tempus,
1329 1802 1503 1842 decreuit
1529 1801 1717 1839 maiorem
1743 1798 1950 1837 hominum
1978 1802 2127 1846 partem

187 1872 266 1898 non
295 1859 582 1909 praedestinare
609 1862 661 1899 ad
691 1862 914 1908 ὑιοθεσὶαν,
943 1871 1024 1897 non
1052 1857 1247 1908 misereri,
1269 1858 1338 1896 sed
1359 1855 1539 1906 sibiipsis
1555 1853 1643 1893 &in
1658 1851 1796 1891 natura
1810 1850 1878 1890 sua
1892 1848 2127 1898 relinquere,

187 1913 238 1951 ad
263 1911 558 1951 illustrationem
581 1913 729 1964 gloriae
744 1925 848 1964 suae,
863 1916 899 1951 &
913 1910 1193 1963 perfectionem
1209 1912 1489 1949 πολυποικὶλου
1505 1906 1716 1958 sapientiae
1732 1917 1823 1944 suae
1835 1902 2124 1942 declarandam.

241 1976 304 2016 51.
359 1966 663 2015 Reprobationis
691 1967 838 2004 nullam
862 1979 945 2004 esse
967 1976 1125 2003 causam
1155 1965 1400 2015 impulsc‘uam
1429 1969 1580 2012 praeter
1602 1961 1844 1998 voluntatem
1859 1955 1953 2006 Dei,
1968 1955 2129 1993 demon-

185 2025 345 2057 stratum
380 2026 437 2057 cst
465 2031 599 2070 supra,
627 2022 663 2059 &
685 2018 858 2058 definitio
874 2019 1138 2067 demonstrat,
1155 2028 1254 2066 quae
1270 2014 1479 2054 voluntatis
1495 2013 1613 2053 solius
1629 2011 1818 2051 meminit.
1848 2010 1996 2048 Omnes
2010 2007 2126 2058 igitur

186 2084 286 2121 quae
317 2072 528 2110 afferuntur
554 2073 673 2124 aliae,
702 2071 994 2111 commentitiae
1023 2077 1131 2110 sunt:
1162 2083 1252 2108 narn
1279 2082 1360 2107 non
1385 2075 1442 2106 est
1458 2067 1550 2106 mali
1564 2065 1709 2114 arbitrij
1730 2075 1838 2114 vsus,
1854 2062 1944 2112 quia
1958 2061 2013 2100 sic
2029 2067 2129 2099 esset

187 2124 286 2164 vasis
313 2137 354 2163 se
381 2124 625 2177 discernere,
654 2139 736 2165 non
762 2125 887 2176 figuli,
917 2125 1026 2175 quod
1054 2123 1286 2172 absurdum,
1314 2134 1395 2160 non
1423 2122 1523 2159 mala
1550 2133 1682 2170 opera.
1712 2118 1735 2156 i.
1765 2123 1948 2167 peccata,
1979 2113 2127 2164 quaesi

187 2185 316 2217 essent
344 2189 463 2217 causa
489 2178 799 2230 reprobationis,
828 2179 935 2217 bona
963 2190 1083 2228 opera
1111 2182 1240 2215 essent
1268 2187 1384 2213 causa
1411 2173 1635 2223 electionis,
1662 2172 1770 2222 quod
1795 2170 2010 2219 falsum,vt
2024 2169 2129 2206 recte

186 2238 322 2270 monet
349 2232 514 2282 August.
545 2237 631 2271 lom.
660 2246 695 2280 4.
725 2234 766 2271 li.
799 2245 832 2270 1.
854 2245 900 2280 g.
928 2232 984 2269 ad
1007 2231 1142 2281 Sz'mpl.
1173 2231 1241 2267 col.
1273 2230 1363 2277 630.
1394 2229 1435 2276 (f.
1467 2228 1596 2274 1621.)

242 2296 304 2334 52.
363 2282 557 2326 Obc‘ectum
598 2286 860 2335 adaequatum
890 2282 1200 2334 reprobationis,
1230 2288 1318 2321 sunt
1347 2293 1485 2319 omnes
1511 2281 1547 2317 δι
1575 2276 1716 2328 singuli
1744 2275 1918 2326 reprobi.
1960 2276 2127 2322 Forma,

187 2350 267 2376 non
295 2338 513 2390 designatio
541 2342 598 2380 εἰς
629 2340 858 2387 ὗιοθεσίαν,
884 2338 920 2375 &
942 2336 1092 2376 relictio
1116 2335 1155 2374 in
1176 2342 1314 2373 natura
1336 2346 1417 2373 sua.
1445 2333 1598 2371 Finalz‘s
1623 2343 1762 2382 causa,
1787 2336 1829 2368 vt
1848 2341 1964 2378 supra
1978 2326 2126 2365 dictum

187 2397 267 2440 est,
295 2399 353 2430 est
379 2391 589 2442 sapientiae
617 2392 692 2430 Dei
717 2390 935 2430 illustratio.

242 2454 305 2494 53.
359 2444 698 2495 Reprobationem
737 2443 990 2482 infallibiliter
1032 2447 1327 2490 consequuntur
1364 2445 1549 2490 peccata,
1591 2438 1627 2475 &
1667 2449 1819 2487 poenae
1861 2440 2126 2485 peccatorum.

186 2497 443 2537 Infallibiliter
483 2497 593 2549 dico,
630 2504 712 2536 tum
738 2504 918 2547 respectu
946 2495 1131 2535 scientiae
1159 2494 1253 2542 Dei,
1283 2505 1402 2543 quam
1430 2493 1537 2531 nulla
1565 2502 1694 2530 rerum
1722 2501 1822 2540 quae
1850 2494 1938 2527 sunt
1967 2487 2002 2524 &
2031 2486 2127 2523 fiunt

187 2549 227 2588 in
255 2550 439 2591 vniuerso
468 2552 578 2589 latet:
608 2557 691 2589 tum
720 2549 810 2600 quia
837 2550 984 2588 lumine
1012 2548 1158 2599 gratiae
1187 2545 1362 2586 salutaris
1390 2545 1548 2596 reprobi
1571 2543 1765 2593 destituti,
1787 2540 1955 2581 tenebris
1977 2539 2127 2577 i1n1ner⁶

188 2610 351 2654 guntur,
379 2605 415 2642 &
443 2603 498 2643 sic
525 2610 800 2654 nonrpossunt
826 2615 907 2642 non
935 2615 1122 2653 peccare,
1150 2614 1224 2640 nec
1244 2607 1374 2638 tamen
1393 2598 1446 2637 ita
1467 2596 1717 2637 infallibiliter
1732 2601 1932 2646 patrantur
1945 2597 2128 2643 peccata,

189 2655 283 2705 quin
311 2659 412 2696 vltro
439 2657 641 2706 liberaque
669 2657 888 2706 voluntate,
916 2655 982 2706 qui
1009 2662 1193 2706 peccant,
1222 2660 1399 2704 peccent.

246 2720 306 2760 54.
363 2712 531 2749 Peccata
571 2709 859 2759 reprobationis
887 2707 1169 2758 consequentia
1197 2706 1384 2756 dicimus,
1411 2717 1493 2743 non
1521 2705 1682 2753 effecta,
1709 2701 1800 2752 quia
1828 2701 2027 2740 decretum
2054 2696 2129 2735 Dei

197 2775 280 2801 non
309 2763 428 2802 efficit
456 2770 496 2801 vt
522 2762 702 2801 homines
730 2770 915 2813 peccent,
942 2775 1014 2800 nec
1041 2763 1159 2799 talem
1186 2759 1259 2798 sibi
1286 2761 1394 2797 Deus
1421 2757 1625 2808 proposuit
1639 2757 1775 2806 finem,
1800 2766 1920 2804 quum
1935 2750 2126 2809 quosdam

1143 2816 1188 2850 18
1947 2807 2126 2842 homines
