<?xml version="1.0" encoding="UTF-8"?>
<!DOCTYPE html PUBLIC "-//W3C//DTD XHTML 1.0 Transitional//EN"
    "http://www.w3.org/TR/xhtml1/DTD/xhtml1-transitional.dtd">
<html xmlns="http://www.w3.org/1999/xhtml" xml:lang="en" lang="en">
 <head>
  <title>
</title>
<meta http-equiv="Content-Type" content="text/html;charset=utf-8" />
  <meta name='ocr-system' content='tesseract 3.04.00' />
  <meta name='ocr-capabilities' content='ocr_page ocr_carea ocr_par ocr_line ocrx_word'/>
</head>
<body>
  <div class='ocr_page' id='page_1' title='image "./opusculatheologi00juni/opusculatheologi00juni_0480.png"; bbox 0 0 2334 3020; ppageno 0'>
   <div class='ocr_carea' id='block_1_1' title="bbox 235 66 1456 111">
    <p class='ocr_par' dir='ltr' id='par_1_1' title="bbox 235 66 1456 111">
     <span class='ocr_line' id='line_1_1' title="bbox 235 66 1456 111; baseline 0.001 -10"><span class='ocrx_word' id='word_1_1' title='bbox 235 66 309 111; x_wconf 85' lang='lat'>446</span> <span class='ocrx_word' id='word_1_2' title='bbox 940 75 1208 103; x_wconf 74' lang='lat' dir='ltr'><strong>EIRENICJ</strong></span> <span class='ocrx_word' id='word_1_3' title='bbox 1250 75 1391 103; x_wconf 80' lang='lat' dir='ltr'>PARS</span> <span class='ocrx_word' id='word_1_4' title='bbox 1432 76 1456 102; x_wconf 93' lang='lat'>1.</span> 
     </span>
    </p>
   </div>
   <div class='ocr_carea' id='block_1_2' title="bbox 227 178 2178 2836">
    <p class='ocr_par' dir='ltr' id='par_1_2' title="bbox 230 178 2172 550">
     <span class='ocr_line' id='line_1_2' title="bbox 231 178 2168 233; baseline 0.004 -17"><span class='ocrx_word' id='word_1_5' title='bbox 231 180 408 230; x_wconf 81' lang='lat' dir='ltr'>aboleat,</span> <span class='ocrx_word' id='word_1_6' title='bbox 446 178 729 228; x_wconf 78' lang='lat' dir='ltr'>sapientissime</span> <span class='ocrx_word' id='word_1_7' title='bbox 766 181 896 218; x_wconf 87' lang='lat' dir='ltr'>Deum</span> <span class='ocrx_word' id='word_1_8' title='bbox 934 181 1202 232; x_wconf 67' lang='lat' dir='ltr'>prospexisse,</span> <span class='ocrx_word' id='word_1_9' title='bbox 1238 188 1280 221; x_wconf 91' lang='lat' dir='ltr'>vt</span> <span class='ocrx_word' id='word_1_10' title='bbox 1314 193 1416 232; x_wconf 87' lang='lat' dir='ltr'>quae</span> <span class='ocrx_word' id='word_1_11' title='bbox 1448 182 1558 221; x_wconf 88' lang='lat' dir='ltr'>bona</span> <span class='ocrx_word' id='word_1_12' title='bbox 1592 181 1631 220; x_wconf 92' lang='lat' dir='ltr'>in</span> <span class='ocrx_word' id='word_1_13' title='bbox 1669 183 1807 221; x_wconf 84' lang='lat' dir='ltr'>ordine</span> <span class='ocrx_word' id='word_1_14' title='bbox 1845 185 2018 224; x_wconf 89' lang='lat' dir='ltr'>humano</span> <span class='ocrx_word' id='word_1_15' title='bbox 2057 193 2168 233; x_wconf 88' lang='lat' dir='ltr'>sunt,</span> 
     </span>
     <span class='ocr_line' id='line_1_3' title="bbox 235 231 2170 292; baseline 0.004 -21"><span class='ocrx_word' id='word_1_16' title='bbox 235 233 372 271; x_wconf 91' lang='lat' dir='ltr'>eadem</span> <span class='ocrx_word' id='word_1_17' title='bbox 410 231 448 270; x_wconf 95' lang='lat' dir='ltr'>in</span> <span class='ocrx_word' id='word_1_18' title='bbox 486 233 662 271; x_wconf 85' lang='lat' dir='ltr'>Ecclesia</span> <span class='ocrx_word' id='word_1_19' title='bbox 700 234 982 272; x_wconf 89' lang='lat' dir='ltr'>obseruentur:</span> <span class='ocrx_word' id='word_1_20' title='bbox 1017 248 1099 273; x_wconf 93' lang='lat' dir='ltr'>non</span> <span class='ocrx_word' id='word_1_21' title='bbox 1141 235 1244 273; x_wconf 89' lang='lat' dir='ltr'>enim</span> <span class='ocrx_word' id='word_1_22' title='bbox 1271 235 1483 274; x_wconf 87' lang='lat' dir='ltr'>reiicienda</span> <span class='ocrx_word' id='word_1_23' title='bbox 1509 248 1613 286; x_wconf 89' lang='lat' dir='ltr'>esse,</span> <span class='ocrx_word' id='word_1_24' title='bbox 1643 236 1734 286; x_wconf 82' lang='lat' dir='ltr'>quia</span> <span class='ocrx_word' id='word_1_25' title='bbox 1762 237 1935 275; x_wconf 87' lang='lat' dir='ltr'>humana</span> <span class='ocrx_word' id='word_1_26' title='bbox 1963 246 2073 292; x_wconf 80' lang='lat' dir='ltr'>sunt3</span> <span class='ocrx_word' id='word_1_27' title='bbox 2101 241 2170 279; x_wconf 89' lang='lat' dir='ltr'>sed</span> 
     </span>
     <span class='ocr_line' id='line_1_4' title="bbox 233 285 2172 342; baseline 0.005 -20"><span class='ocrx_word' id='word_1_28' title='bbox 233 285 323 334; x_wconf 89' lang='lat' dir='ltr'>quia</span> <span class='ocrx_word' id='word_1_29' title='bbox 363 286 488 336; x_wconf 85' lang='lat' dir='ltr'>bona,</span> <span class='ocrx_word' id='word_1_30' title='bbox 525 285 728 324; x_wconf 89' lang='lat' dir='ltr'>retinenda</span> <span class='ocrx_word' id='word_1_31' title='bbox 763 286 798 323; x_wconf 71' lang='grc' dir='ltr'>δε</span> <span class='ocrx_word' id='word_1_32' title='bbox 834 287 1050 326; x_wconf 89' lang='lat' dir='ltr'>excolenda</span> <span class='ocrx_word' id='word_1_33' title='bbox 1084 289 1235 326; x_wconf 91' lang='lat' dir='ltr'>cultura</span> <span class='ocrx_word' id='word_1_34' title='bbox 1269 289 1447 328; x_wconf 88' lang='lat' dir='ltr'>salutaris</span> <span class='ocrx_word' id='word_1_35' title='bbox 1483 289 1641 339; x_wconf 86' lang='lat' dir='ltr'>gratiae.</span> <span class='ocrx_word' id='word_1_36' title='bbox 1685 290 1782 328; x_wconf 85' lang='lat' dir='ltr'>Sunt</span> <span class='ocrx_word' id='word_1_37' title='bbox 1824 302 1919 340; x_wconf 91' lang='lat' dir='ltr'>ergo</span> <span class='ocrx_word' id='word_1_38' title='bbox 1954 292 2106 342; x_wconf 91' lang='lat' dir='ltr'>Reges,</span> <span class='ocrx_word' id='word_1_39' title='bbox 2136 294 2172 332; x_wconf 87' lang='lat'>&amp;</span> 
     </span>
     <span class='ocr_line' id='line_1_5' title="bbox 232 337 2171 393; baseline 0.005 -18"><span class='ocrx_word' id='word_1_40' title='bbox 232 337 454 387; x_wconf 90' lang='lat' dir='ltr'>Principes,</span> <span class='ocrx_word' id='word_1_41' title='bbox 499 340 534 376; x_wconf 67' lang='grc' dir='ltr'>δε</span> <span class='ocrx_word' id='word_1_42' title='bbox 576 346 789 388; x_wconf 83' lang='lat' dir='ltr'>potestates</span> <span class='ocrx_word' id='word_1_43' title='bbox 830 340 1025 379; x_wconf 87' lang='lat' dir='ltr'>humanae</span> <span class='ocrx_word' id='word_1_44' title='bbox 1066 340 1107 379; x_wconf 90' lang='lat' dir='ltr'>in</span> <span class='ocrx_word' id='word_1_45' title='bbox 1149 342 1349 393; x_wconf 86' lang='lat' dir='ltr'>Ecclesia,</span> <span class='ocrx_word' id='word_1_46' title='bbox 1394 343 1429 380; x_wconf 68' lang='grc' dir='ltr'>δε</span> <span class='ocrx_word' id='word_1_47' title='bbox 1460 349 1550 380; x_wconf 89' lang='lat' dir='ltr'>sunt</span> <span class='ocrx_word' id='word_1_48' title='bbox 1578 343 1627 380; x_wconf 91' lang='lat' dir='ltr'>de</span> <span class='ocrx_word' id='word_1_49' title='bbox 1656 343 1852 392; x_wconf 87' lang='lat' dir='ltr'>Ecclesia,</span> <span class='ocrx_word' id='word_1_50' title='bbox 1881 344 1971 382; x_wconf 79' lang='lat' dir='ltr'>cum</span> <span class='ocrx_word' id='word_1_51' title='bbox 1999 345 2171 385; x_wconf 90' lang='lat' dir='ltr'>eiusdem</span> 
     </span>
     <span class='ocr_line' id='line_1_6' title="bbox 231 391 2172 449; baseline 0.003 -19"><span class='ocrx_word' id='word_1_52' title='bbox 231 391 368 441; x_wconf 89' lang='lat' dir='ltr'>capitis</span> <span class='ocrx_word' id='word_1_53' title='bbox 411 392 445 429; x_wconf 71' lang='grc' dir='ltr'>δι</span> <span class='ocrx_word' id='word_1_54' title='bbox 488 391 666 441; x_wconf 90' lang='lat' dir='ltr'>corporis</span> <span class='ocrx_word' id='word_1_55' title='bbox 706 391 746 429; x_wconf 90' lang='lat' dir='ltr'>in</span> <span class='ocrx_word' id='word_1_56' title='bbox 787 392 934 432; x_wconf 86' lang='lat' dir='ltr'>vnitate</span> <span class='ocrx_word' id='word_1_57' title='bbox 970 393 1133 444; x_wconf 86' lang='lat' dir='ltr'>Spiritus</span> <span class='ocrx_word' id='word_1_58' title='bbox 1171 407 1248 432; x_wconf 89' lang='lat' dir='ltr'>vna</span> <span class='ocrx_word' id='word_1_59' title='bbox 1274 396 1353 434; x_wconf 88' lang='lat' dir='ltr'>fide</span> <span class='ocrx_word' id='word_1_60' title='bbox 1382 402 1472 434; x_wconf 91' lang='lat' dir='ltr'>sunt</span> <span class='ocrx_word' id='word_1_61' title='bbox 1499 395 1627 433; x_wconf 90' lang='lat' dir='ltr'>effecti</span> <span class='ocrx_word' id='word_1_62' title='bbox 1654 395 1876 445; x_wconf 85' lang='lat' dir='ltr'>participes.</span> <span class='ocrx_word' id='word_1_63' title='bbox 1920 398 2172 449; x_wconf 82' lang='lat' dir='ltr'>Quapropter</span> 
     </span>
     <span class='ocr_line' id='line_1_7' title="bbox 231 444 2172 499; baseline 0.005 -17"><span class='ocrx_word' id='word_1_64' title='bbox 231 444 347 483; x_wconf 89' lang='lat' dir='ltr'>etiam</span> <span class='ocrx_word' id='word_1_65' title='bbox 377 446 606 483; x_wconf 83' lang='lat' dir='ltr'>hortabatur</span> <span class='ocrx_word' id='word_1_66' title='bbox 637 446 877 496; x_wconf 76' lang='lat' dir='ltr'>Apostolus,</span> <span class='ocrx_word' id='word_1_67' title='bbox 907 454 948 485; x_wconf 89' lang='lat' dir='ltr'>vt</span> <span class='ocrx_word' id='word_1_68' title='bbox 977 447 1294 498; x_wconf 89' lang='lat' dir='ltr'>deprecationes,</span> <span class='ocrx_word' id='word_1_69' title='bbox 1322 461 1480 498; x_wconf 85' lang='lat' dir='ltr'>preces,</span> <span class='ocrx_word' id='word_1_70' title='bbox 1510 448 1815 498; x_wconf 76' lang='lat' dir='ltr'>postulationes,</span> <span class='ocrx_word' id='word_1_71' title='bbox 1839 449 2052 499; x_wconf 88' lang='lat' dir='ltr'>gratiarum</span> <span class='ocrx_word' id='word_1_72' title='bbox 2080 451 2172 491; x_wconf 90' lang='lat' dir='ltr'>acti-</span> 
     </span>
     <span class='ocr_line' id='line_1_8' title="bbox 230 498 2020 550; baseline 0.003 -15"><span class='ocrx_word' id='word_1_73' title='bbox 230 511 326 536; x_wconf 92' lang='lat' dir='ltr'>ones</span> <span class='ocrx_word' id='word_1_74' title='bbox 361 498 498 536; x_wconf 87' lang='lat' dir='ltr'>fierent</span> <span class='ocrx_word' id='word_1_75' title='bbox 527 511 599 548; x_wconf 93' lang='lat' dir='ltr'>pro</span> <span class='ocrx_word' id='word_1_76' title='bbox 628 498 823 548; x_wconf 82' lang='lat' dir='ltr'>Regibus,</span> <span class='ocrx_word' id='word_1_77' title='bbox 853 501 888 538; x_wconf 68' lang='grc' dir='ltr'>δε</span> <span class='ocrx_word' id='word_1_78' title='bbox 917 500 1120 550; x_wconf 89' lang='lat' dir='ltr'>quibusuis</span> <span class='ocrx_word' id='word_1_79' title='bbox 1148 500 1187 538; x_wconf 92' lang='lat' dir='ltr'>in</span> <span class='ocrx_word' id='word_1_80' title='bbox 1217 501 1428 540; x_wconf 88' lang='lat' dir='ltr'>eminentia</span> <span class='ocrx_word' id='word_1_81' title='bbox 1457 501 1690 540; x_wconf 80' lang='lat' dir='ltr'>constitutis.</span> <span class='ocrx_word' id='word_1_82' title='bbox 1725 515 1756 540; x_wconf 93' lang='lat'>1.</span> <span class='ocrx_word' id='word_1_83' title='bbox 1787 502 1891 541; x_wconf 88' lang='lat' dir='ltr'>Tim.</span> <span class='ocrx_word' id='word_1_84' title='bbox 1922 516 1956 541; x_wconf 89' lang='lat'>2.</span> <span class='ocrx_word' id='word_1_85' title='bbox 1989 517 2020 542; x_wconf 93' lang='lat'>1.</span> 
     </span>
    </p>

    <p class='ocr_par' dir='ltr' id='par_1_3' title="bbox 227 550 2178 2786">
     <span class='ocr_line' id='line_1_9' title="bbox 286 550 2173 608; baseline 0.004 -20"><span class='ocrx_word' id='word_1_86' title='bbox 286 550 364 589; x_wconf 83' lang='lat' dir='ltr'>Sed</span> <span class='ocrx_word' id='word_1_87' title='bbox 400 558 531 589; x_wconf 87' lang='lat' dir='ltr'>tamen</span> <span class='ocrx_word' id='word_1_88' title='bbox 567 552 658 589; x_wconf 80' lang='lat' dir='ltr'>cum</span> <span class='ocrx_word' id='word_1_89' title='bbox 695 554 827 589; x_wconf 72' lang='lat' dir='ltr'>domus</span> <span class='ocrx_word' id='word_1_90' title='bbox 866 553 1041 591; x_wconf 57' lang='lat' dir='ltr'>Daztz&#39;dzlv</span> <span class='ocrx_word' id='word_1_91' title='bbox 1075 555 1210 591; x_wconf 71' lang='lat' dir='ltr'>throni</span> <span class='ocrx_word' id='word_1_92' title='bbox 1235 554 1388 593; x_wconf 89' lang='lat' dir='ltr'>disertis</span> <span class='ocrx_word' id='word_1_93' title='bbox 1416 555 1545 593; x_wconf 89' lang='lat' dir='ltr'>verbis</span> <span class='ocrx_word' id='word_1_94' title='bbox 1571 555 1649 593; x_wconf 89' lang='lat' dir='ltr'>hoc</span> <span class='ocrx_word' id='word_1_95' title='bbox 1676 556 1768 594; x_wconf 92' lang='lat' dir='ltr'>loco</span> <span class='ocrx_word' id='word_1_96' title='bbox 1799 557 2070 608; x_wconf 83' lang='lat' dir='ltr'>appellantur,</span> <span class='ocrx_word' id='word_1_97' title='bbox 2100 558 2173 596; x_wconf 90' lang='lat' dir='ltr'>tria</span> 
     </span>
     <span class='ocr_line' id='line_1_10' title="bbox 231 603 2172 658; baseline 0.004 -17"><span class='ocrx_word' id='word_1_98' title='bbox 231 604 297 642; x_wconf 90' lang='lat' dir='ltr'>illa</span> <span class='ocrx_word' id='word_1_99' title='bbox 333 603 462 654; x_wconf 80' lang='lat' dir='ltr'>capita</span> <span class='ocrx_word' id='word_1_100' title='bbox 503 603 542 642; x_wconf 88' lang='lat' dir='ltr'>in</span> <span class='ocrx_word' id='word_1_101' title='bbox 582 604 815 642; x_wconf 83' lang='lat' dir='ltr'>memoriam</span> <span class='ocrx_word' id='word_1_102' title='bbox 850 618 949 655; x_wconf 91' lang='lat' dir='ltr'>opus</span> <span class='ocrx_word' id='word_1_103' title='bbox 985 614 1043 645; x_wconf 89' lang='lat' dir='ltr'>est</span> <span class='ocrx_word' id='word_1_104' title='bbox 1081 607 1282 658; x_wconf 91' lang='lat' dir='ltr'>reuocari,</span> <span class='ocrx_word' id='word_1_105' title='bbox 1312 620 1412 657; x_wconf 92' lang='lat' dir='ltr'>quae</span> <span class='ocrx_word' id='word_1_106' title='bbox 1439 610 1528 646; x_wconf 78' lang='lat' dir='ltr'>ante</span> <span class='ocrx_word' id='word_1_107' title='bbox 1558 607 1823 655; x_wconf 83' lang='lat' dir='ltr'>distinximus,</span> <span class='ocrx_word' id='word_1_108' title='bbox 1854 610 1943 647; x_wconf 72' lang='lat' dir='ltr'>cum</span> <span class='ocrx_word' id='word_1_109' title='bbox 1972 610 2021 648; x_wconf 92' lang='lat' dir='ltr'>de</span> <span class='ocrx_word' id='word_1_110' title='bbox 2050 611 2172 650; x_wconf 89' lang='lat' dir='ltr'>domo</span> 
     </span>
     <span class='ocr_line' id='line_1_11' title="bbox 231 657 2174 714; baseline 0.004 -19"><span class='ocrx_word' id='word_1_111' title='bbox 231 658 403 696; x_wconf 90' lang='lat' dir='ltr'>Iehouae</span> <span class='ocrx_word' id='word_1_112' title='bbox 432 658 467 695; x_wconf 67' lang='lat' dir='ltr'>Sc</span> <span class='ocrx_word' id='word_1_113' title='bbox 488 657 778 707; x_wconf 86' lang='lat' dir='ltr'>Hierosolymis</span> <span class='ocrx_word' id='word_1_114' title='bbox 793 671 1019 708; x_wconf 83' lang='lat' dir='ltr'>ageremus:</span> <span class='ocrx_word' id='word_1_115' title='bbox 1049 661 1228 698; x_wconf 88' lang='lat' dir='ltr'>Domum</span> <span class='ocrx_word' id='word_1_116' title='bbox 1243 661 1421 700; x_wconf 90' lang='lat' dir='ltr'>Dauidus</span> <span class='ocrx_word' id='word_1_117' title='bbox 1435 674 1577 711; x_wconf 89' lang='lat' dir='ltr'>nempe</span> <span class='ocrx_word' id='word_1_118' title='bbox 1592 662 1808 700; x_wconf 72' lang='lat' dir='ltr'>secundnm</span> <span class='ocrx_word' id='word_1_119' title='bbox 1822 670 1983 701; x_wconf 87' lang='lat' dir='ltr'>naturae</span> <span class='ocrx_word' id='word_1_120' title='bbox 1997 665 2174 714; x_wconf 84' lang='lat' dir='ltr'>modum,</span> 
     </span>
     <span class='ocr_line' id='line_1_12' title="bbox 230 711 2172 766; baseline 0.003 -17"><span class='ocrx_word' id='word_1_121' title='bbox 230 711 445 749; x_wconf 78' lang='lat' dir='ltr'>secundum</span> <span class='ocrx_word' id='word_1_122' title='bbox 483 711 667 761; x_wconf 84' lang='lat' dir='ltr'>figuram,</span> <span class='ocrx_word' id='word_1_123' title='bbox 703 712 739 749; x_wconf 65' lang='grc' dir='ltr'>δε</span> <span class='ocrx_word' id='word_1_124' title='bbox 775 713 991 751; x_wconf 80' lang='lat' dir='ltr'>secundum</span> <span class='ocrx_word' id='word_1_125' title='bbox 1027 713 1231 751; x_wconf 87' lang='lat' dir='ltr'>veritatem</span> <span class='ocrx_word' id='word_1_126' title='bbox 1266 713 1429 765; x_wconf 87' lang='lat' dir='ltr'>intelligi</span> <span class='ocrx_word' id='word_1_127' title='bbox 1463 727 1535 764; x_wconf 90' lang='lat' dir='ltr'>pro</span> <span class='ocrx_word' id='word_1_128' title='bbox 1570 714 1721 753; x_wconf 89' lang='lat' dir='ltr'>ratione</span> <span class='ocrx_word' id='word_1_129' title='bbox 1756 716 1936 753; x_wconf 84' lang='lat' dir='ltr'>locorum</span> <span class='ocrx_word' id='word_1_130' title='bbox 1965 725 2172 766; x_wconf 86' lang='lat' dir='ltr'>oportere:</span> 
     </span>
     <span class='ocr_line' id='line_1_13' title="bbox 232 764 2174 816; baseline 0.003 -14"><span class='ocrx_word' id='word_1_131' title='bbox 232 765 459 802; x_wconf 79' lang='lat' dir='ltr'>Secundum</span> <span class='ocrx_word' id='word_1_132' title='bbox 501 771 680 802; x_wconf 84' lang='lat' dir='ltr'>naturam</span> <span class='ocrx_word' id='word_1_133' title='bbox 722 764 933 814; x_wconf 88' lang='lat' dir='ltr'>significari</span> <span class='ocrx_word' id='word_1_134' title='bbox 974 767 1154 805; x_wconf 90' lang='lat' dir='ltr'>homines</span> <span class='ocrx_word' id='word_1_135' title='bbox 1197 766 1264 816; x_wconf 90' lang='lat' dir='ltr'>qui</span> <span class='ocrx_word' id='word_1_136' title='bbox 1299 779 1370 806; x_wconf 94' lang='lat' dir='ltr'>suo</span> <span class='ocrx_word' id='word_1_137' title='bbox 1413 766 1549 806; x_wconf 89' lang='lat' dir='ltr'>ordine</span> <span class='ocrx_word' id='word_1_138' title='bbox 1578 767 1788 806; x_wconf 86' lang='lat' dir='ltr'>extiterunt</span> <span class='ocrx_word' id='word_1_139' title='bbox 1816 781 1863 806; x_wconf 86' lang='lat' dir='ltr'>ex</span> <span class='ocrx_word' id='word_1_140' title='bbox 1889 781 1936 806; x_wconf 88' lang='lat' dir='ltr'>ea</span> <span class='ocrx_word' id='word_1_141' title='bbox 1963 770 2108 809; x_wconf 84' lang='lat' dir='ltr'>familia</span> <span class='ocrx_word' id='word_1_142' title='bbox 2133 770 2174 809; x_wconf 93' lang='lat' dir='ltr'>in</span> 
     </span>
     <span class='ocr_line' id='line_1_14' title="bbox 232 818 2176 873; baseline 0.003 -18"><span class='ocrx_word' id='word_1_143' title='bbox 232 829 360 855; x_wconf 89' lang='lat' dir='ltr'>rerum</span> <span class='ocrx_word' id='word_1_144' title='bbox 395 824 550 856; x_wconf 88' lang='lat' dir='ltr'>natura:</span> <span class='ocrx_word' id='word_1_145' title='bbox 590 818 814 855; x_wconf 79' lang='lat' dir='ltr'>Secundum</span> <span class='ocrx_word' id='word_1_146' title='bbox 851 820 1016 868; x_wconf 88' lang='lat' dir='ltr'>figuram</span> <span class='ocrx_word' id='word_1_147' title='bbox 1056 820 1223 858; x_wconf 89' lang='lat' dir='ltr'>eandem</span> <span class='ocrx_word' id='word_1_148' title='bbox 1251 820 1436 859; x_wconf 84' lang='lat' dir='ltr'>familiam</span> <span class='ocrx_word' id='word_1_149' title='bbox 1465 820 1649 871; x_wconf 77' lang='lat' dir='ltr'>intelligi,</span> <span class='ocrx_word' id='word_1_150' title='bbox 1678 833 1758 870; x_wconf 90' lang='lat' dir='ltr'>qua</span> <span class='ocrx_word' id='word_1_151' title='bbox 1785 833 1951 871; x_wconf 88' lang='lat' dir='ltr'>regnum</span> <span class='ocrx_word' id='word_1_152' title='bbox 1979 823 2176 873; x_wconf 88' lang='lat' dir='ltr'>spirituale</span> 
     </span>
     <span class='ocr_line' id='line_1_15' title="bbox 233 869 2176 926; baseline 0.003 -17"><span class='ocrx_word' id='word_1_153' title='bbox 233 870 377 910; x_wconf 86' lang='lat' dir='ltr'>Christi</span> <span class='ocrx_word' id='word_1_154' title='bbox 417 869 621 919; x_wconf 87' lang='lat' dir='ltr'>figurauit:</span> <span class='ocrx_word' id='word_1_155' title='bbox 667 871 891 909; x_wconf 75' lang='lat' dir='ltr'>Secundum</span> <span class='ocrx_word' id='word_1_156' title='bbox 928 873 1131 911; x_wconf 88' lang='lat' dir='ltr'>veritatem</span> <span class='ocrx_word' id='word_1_157' title='bbox 1175 886 1260 912; x_wconf 91' lang='lat' dir='ltr'>esse</span> <span class='ocrx_word' id='word_1_158' title='bbox 1301 873 1398 912; x_wconf 89' lang='lat' dir='ltr'>illud</span> <span class='ocrx_word' id='word_1_159' title='bbox 1440 874 1570 924; x_wconf 92' lang='lat' dir='ltr'>ipsum</span> <span class='ocrx_word' id='word_1_160' title='bbox 1604 873 1810 924; x_wconf 86' lang='lat' dir='ltr'>Spirituale</span> <span class='ocrx_word' id='word_1_161' title='bbox 1844 887 2028 925; x_wconf 90' lang='lat' dir='ltr'>regnum,</span> <span class='ocrx_word' id='word_1_162' title='bbox 2065 877 2176 926; x_wconf 91' lang='lat' dir='ltr'>quod</span> 
     </span>
     <span class='ocr_line' id='line_1_16' title="bbox 233 923 2176 978; baseline 0.003 -16"><span class='ocrx_word' id='word_1_163' title='bbox 233 923 410 962; x_wconf 90' lang='lat' dir='ltr'>Christus</span> <span class='ocrx_word' id='word_1_164' title='bbox 447 923 611 961; x_wconf 89' lang='lat' dir='ltr'>Dauidis</span> <span class='ocrx_word' id='word_1_165' title='bbox 649 924 749 962; x_wconf 89' lang='lat' dir='ltr'>filius</span> <span class='ocrx_word' id='word_1_166' title='bbox 784 926 986 963; x_wconf 80' lang='lat' dir='ltr'>aeternum</span> <span class='ocrx_word' id='word_1_167' title='bbox 1013 926 1210 977; x_wconf 89' lang='lat' dir='ltr'>possidet,</span> <span class='ocrx_word' id='word_1_168' title='bbox 1238 927 1573 976; x_wconf 88' lang='lat' dir='ltr'>quemadmodem</span> <span class='ocrx_word' id='word_1_169' title='bbox 1601 928 1762 978; x_wconf 91' lang='lat' dir='ltr'>angelus</span> <span class='ocrx_word' id='word_1_170' title='bbox 1790 927 1963 966; x_wconf 87' lang='lat' dir='ltr'>dixerat:</span> <span class='ocrx_word' id='word_1_171' title='bbox 1993 928 2074 967; x_wconf 88' lang='lat' dir='ltr'>Hic</span> <span class='ocrx_word' id='word_1_172' title='bbox 2104 930 2176 968; x_wconf 90' lang='lat' dir='ltr'>erit</span> 
     </span>
     <span class='ocr_line' id='line_1_17' title="bbox 232 976 2176 1033; baseline 0.003 -19"><span class='ocrx_word' id='word_1_173' title='bbox 232 989 416 1027; x_wconf 87' lang='lat' dir='ltr'>magnus,</span> <span class='ocrx_word' id='word_1_174' title='bbox 446 978 482 1015; x_wconf 86' lang='lat'>&amp;</span> <span class='ocrx_word' id='word_1_175' title='bbox 511 976 612 1014; x_wconf 85' lang='lat' dir='ltr'>filius</span> <span class='ocrx_word' id='word_1_176' title='bbox 641 977 817 1016; x_wconf 89' lang='lat' dir='ltr'>altissimi</span> <span class='ocrx_word' id='word_1_177' title='bbox 844 979 1073 1030; x_wconf 88' lang='lat' dir='ltr'>vocabitur,</span> <span class='ocrx_word' id='word_1_178' title='bbox 1102 980 1290 1030; x_wconf 76' lang='lat' dir='ltr'>dabitque</span> <span class='ocrx_word' id='word_1_179' title='bbox 1318 980 1354 1019; x_wconf 88' lang='lat' dir='ltr'>ei</span> <span class='ocrx_word' id='word_1_180' title='bbox 1382 980 1578 1019; x_wconf 86' lang='lat' dir='ltr'>Dominus</span> <span class='ocrx_word' id='word_1_181' title='bbox 1601 982 1710 1020; x_wconf 90' lang='lat' dir='ltr'>Deus</span> <span class='ocrx_word' id='word_1_182' title='bbox 1724 981 1862 1020; x_wconf 90' lang='lat' dir='ltr'>sedem</span> <span class='ocrx_word' id='word_1_183' title='bbox 1875 981 2040 1020; x_wconf 92' lang='lat' dir='ltr'>Dauidis</span> <span class='ocrx_word' id='word_1_184' title='bbox 2055 982 2176 1033; x_wconf 89' lang='lat' dir='ltr'>patris</span> 
     </span>
     <span class='ocr_line' id='line_1_18' title="bbox 230 1029 2176 1084; baseline 0.002 -15"><span class='ocrx_word' id='word_1_185' title='bbox 230 1029 362 1081; x_wconf 89' lang='lat' dir='ltr'>ipsius.</span> <span class='ocrx_word' id='word_1_186' title='bbox 399 1031 498 1068; x_wconf 90' lang='lat' dir='ltr'>Luc.</span> <span class='ocrx_word' id='word_1_187' title='bbox 538 1044 568 1068; x_wconf 86' lang='lat'>1.</span> <span class='ocrx_word' id='word_1_188' title='bbox 606 1044 670 1079; x_wconf 82' lang='lat'>32.</span> <span class='ocrx_word' id='word_1_189' title='bbox 707 1032 777 1069; x_wconf 93' lang='lat' dir='ltr'>Est</span> <span class='ocrx_word' id='word_1_190' title='bbox 819 1039 949 1070; x_wconf 88' lang='lat' dir='ltr'>autem</span> <span class='ocrx_word' id='word_1_191' title='bbox 979 1044 1142 1082; x_wconf 83' lang='lat' dir='ltr'>regnum</span> <span class='ocrx_word' id='word_1_192' title='bbox 1171 1035 1410 1084; x_wconf 82' lang='lat' dir='ltr'>temporale,</span> <span class='ocrx_word' id='word_1_193' title='bbox 1439 1033 1708 1084; x_wconf 88' lang='lat' dir='ltr'>quodcunque</span> <span class='ocrx_word' id='word_1_194' title='bbox 1738 1033 1778 1072; x_wconf 89' lang='lat' dir='ltr'>in</span> <span class='ocrx_word' id='word_1_195' title='bbox 1808 1034 1987 1073; x_wconf 87' lang='lat' dir='ltr'>Ecclesia</span> <span class='ocrx_word' id='word_1_196' title='bbox 2014 1037 2049 1074; x_wconf 67' lang='grc' dir='ltr'>δι</span> <span class='ocrx_word' id='word_1_197' title='bbox 2077 1035 2176 1074; x_wconf 90' lang='lat' dir='ltr'>inter</span> 
     </span>
     <span class='ocr_line' id='line_1_19' title="bbox 230 1083 2177 1133; baseline 0.003 -11"><span class='ocrx_word' id='word_1_198' title='bbox 230 1083 412 1122; x_wconf 89' lang='lat' dir='ltr'>homines</span> <span class='ocrx_word' id='word_1_199' title='bbox 441 1084 615 1121; x_wconf 86' lang='lat' dir='ltr'>humano</span> <span class='ocrx_word' id='word_1_200' title='bbox 645 1083 783 1122; x_wconf 89' lang='lat' dir='ltr'>ordine</span> <span class='ocrx_word' id='word_1_201' title='bbox 812 1084 977 1123; x_wconf 89' lang='lat' dir='ltr'>instituit</span> <span class='ocrx_word' id='word_1_202' title='bbox 1004 1087 1136 1133; x_wconf 88' lang='lat' dir='ltr'>Deus,</span> <span class='ocrx_word' id='word_1_203' title='bbox 1165 1087 1216 1125; x_wconf 90' lang='lat' dir='ltr'>ad</span> <span class='ocrx_word' id='word_1_204' title='bbox 1245 1086 1464 1125; x_wconf 90' lang='lat' dir='ltr'>custodiam</span> <span class='ocrx_word' id='word_1_205' title='bbox 1496 1087 1624 1126; x_wconf 90' lang='lat' dir='ltr'>omnis</span> <span class='ocrx_word' id='word_1_206' title='bbox 1653 1087 1750 1126; x_wconf 90' lang='lat' dir='ltr'>boni</span> <span class='ocrx_word' id='word_1_207' title='bbox 1774 1087 1827 1125; x_wconf 87' lang='lat' dir='ltr'>ita</span> <span class='ocrx_word' id='word_1_208' title='bbox 1855 1088 2109 1127; x_wconf 88' lang='lat' dir='ltr'>constitutum</span> <span class='ocrx_word' id='word_1_209' title='bbox 2135 1096 2177 1128; x_wconf 89' lang='lat' dir='ltr'>vt</span> 
     </span>
     <span class='ocr_line' id='line_1_20' title="bbox 231 1136 2175 1191; baseline 0.003 -17"><span class='ocrx_word' id='word_1_210' title='bbox 231 1150 280 1175; x_wconf 91' lang='lat' dir='ltr'>ne</span> <span class='ocrx_word' id='word_1_211' title='bbox 309 1137 406 1175; x_wconf 90' lang='lat' dir='ltr'>illud</span> <span class='ocrx_word' id='word_1_212' title='bbox 434 1136 594 1186; x_wconf 87' lang='lat' dir='ltr'>quidem</span> <span class='ocrx_word' id='word_1_213' title='bbox 622 1136 750 1187; x_wconf 91' lang='lat' dir='ltr'>ipsum</span> <span class='ocrx_word' id='word_1_214' title='bbox 778 1139 930 1176; x_wconf 89' lang='lat' dir='ltr'>bonum</span> <span class='ocrx_word' id='word_1_215' title='bbox 959 1139 1177 1189; x_wconf 89' lang='lat' dir='ltr'>spirituale,</span> <span class='ocrx_word' id='word_1_216' title='bbox 1208 1141 1316 1190; x_wconf 90' lang='lat' dir='ltr'>quod</span> <span class='ocrx_word' id='word_1_217' title='bbox 1344 1140 1383 1178; x_wconf 90' lang='lat' dir='ltr'>in</span> <span class='ocrx_word' id='word_1_218' title='bbox 1413 1141 1591 1179; x_wconf 88' lang='lat' dir='ltr'>Ecclesia</span> <span class='ocrx_word' id='word_1_219' title='bbox 1619 1140 1811 1190; x_wconf 90' lang='lat' dir='ltr'>disposuit</span> <span class='ocrx_word' id='word_1_220' title='bbox 1838 1142 1968 1191; x_wconf 86' lang='lat' dir='ltr'>Deus,</span> <span class='ocrx_word' id='word_1_221' title='bbox 2005 1141 2175 1181; x_wconf 91' lang='lat' dir='ltr'>alienum</span> 
     </span>
     <span class='ocr_line' id='line_1_21' title="bbox 230 1189 2174 1246; baseline 0.002 -17"><span class='ocrx_word' id='word_1_222' title='bbox 230 1193 254 1229; x_wconf 73' lang='lat' dir='ltr'>a</span> <span class='ocrx_word' id='word_1_223' title='bbox 282 1202 375 1228; x_wconf 91' lang='lat' dir='ltr'>cura</span> <span class='ocrx_word' id='word_1_224' title='bbox 403 1189 578 1240; x_wconf 87' lang='lat' dir='ltr'>ipsorum</span> <span class='ocrx_word' id='word_1_225' title='bbox 607 1192 764 1241; x_wconf 89' lang='lat' dir='ltr'>Regum</span> <span class='ocrx_word' id='word_1_226' title='bbox 793 1191 930 1230; x_wconf 85' lang='lat' dir='ltr'>haberi</span> <span class='ocrx_word' id='word_1_227' title='bbox 958 1199 1151 1241; x_wconf 86' lang='lat' dir='ltr'>oporteat.</span> <span class='ocrx_word' id='word_1_228' title='bbox 1179 1194 1280 1232; x_wconf 91' lang='lat' dir='ltr'>Nam</span> <span class='ocrx_word' id='word_1_229' title='bbox 1310 1193 1342 1232; x_wconf 91' lang='lat' dir='ltr'>si</span> <span class='ocrx_word' id='word_1_230' title='bbox 1368 1194 1543 1232; x_wconf 89' lang='lat' dir='ltr'>humano</span> <span class='ocrx_word' id='word_1_231' title='bbox 1575 1194 1714 1232; x_wconf 90' lang='lat' dir='ltr'>ordine</span> <span class='ocrx_word' id='word_1_232' title='bbox 1743 1195 1780 1232; x_wconf 86' lang='lat'>&amp;</span> <span class='ocrx_word' id='word_1_233' title='bbox 1808 1193 1982 1233; x_wconf 89' lang='lat' dir='ltr'>instituto</span> <span class='ocrx_word' id='word_1_234' title='bbox 1999 1195 2174 1246; x_wconf 88' lang='lat' dir='ltr'>obligan-</span> 
     </span>
     <span class='ocr_line' id='line_1_22' title="bbox 232 1243 2175 1297; baseline 0.002 -15"><span class='ocrx_word' id='word_1_235' title='bbox 232 1251 294 1282; x_wconf 89' lang='lat' dir='ltr'>tur</span> <span class='ocrx_word' id='word_1_236' title='bbox 328 1244 378 1282; x_wconf 84' lang='lat' dir='ltr'>ad</span> <span class='ocrx_word' id='word_1_237' title='bbox 414 1243 734 1293; x_wconf 89' lang='lat' dir='ltr'>procurationem</span> <span class='ocrx_word' id='word_1_238' title='bbox 772 1245 994 1284; x_wconf 88' lang='lat' dir='ltr'>communis</span> <span class='ocrx_word' id='word_1_239' title='bbox 1024 1246 1143 1284; x_wconf 90' lang='lat' dir='ltr'>boni:</span> <span class='ocrx_word' id='word_1_240' title='bbox 1174 1248 1278 1285; x_wconf 78' lang='lat' dir='ltr'>certe</span> <span class='ocrx_word' id='word_1_241' title='bbox 1307 1260 1355 1284; x_wconf 83' lang='lat' dir='ltr'>ex</span> <span class='ocrx_word' id='word_1_242' title='bbox 1383 1259 1463 1296; x_wconf 88' lang='lat' dir='ltr'>quo</span> <span class='ocrx_word' id='word_1_243' title='bbox 1492 1246 1548 1285; x_wconf 93' lang='lat' dir='ltr'>illi</span> <span class='ocrx_word' id='word_1_244' title='bbox 1575 1247 1614 1285; x_wconf 92' lang='lat' dir='ltr'>in</span> <span class='ocrx_word' id='word_1_245' title='bbox 1643 1260 1691 1286; x_wconf 90' lang='lat' dir='ltr'>eo</span> <span class='ocrx_word' id='word_1_246' title='bbox 1720 1247 1806 1297; x_wconf 84' lang='lat' dir='ltr'>ipso</span> <span class='ocrx_word' id='word_1_247' title='bbox 1835 1248 2008 1286; x_wconf 85' lang='lat' dir='ltr'>humano</span> <span class='ocrx_word' id='word_1_248' title='bbox 2037 1248 2175 1288; x_wconf 89' lang='lat' dir='ltr'>ordine</span> 
     </span>
     <span class='ocr_line' id='line_1_23' title="bbox 231 1296 2173 1350; baseline 0.003 -16"><span class='ocrx_word' id='word_1_249' title='bbox 231 1299 254 1335; x_wconf 78' lang='lat' dir='ltr'>a</span> <span class='ocrx_word' id='word_1_250' title='bbox 282 1298 371 1334; x_wconf 91' lang='lat' dir='ltr'>Deo</span> <span class='ocrx_word' id='word_1_251' title='bbox 403 1303 607 1346; x_wconf 88' lang='lat' dir='ltr'>praesente</span> <span class='ocrx_word' id='word_1_252' title='bbox 640 1296 871 1336; x_wconf 87' lang='lat' dir='ltr'>sanctificati</span> <span class='ocrx_word' id='word_1_253' title='bbox 901 1305 1010 1348; x_wconf 90' lang='lat' dir='ltr'>sunt,</span> <span class='ocrx_word' id='word_1_254' title='bbox 1039 1299 1166 1349; x_wconf 91' lang='lat' dir='ltr'>reipsa</span> <span class='ocrx_word' id='word_1_255' title='bbox 1195 1300 1420 1350; x_wconf 90' lang='lat' dir='ltr'>obligantur</span> <span class='ocrx_word' id='word_1_256' title='bbox 1449 1301 1624 1339; x_wconf 88' lang='lat' dir='ltr'>humano</span> <span class='ocrx_word' id='word_1_257' title='bbox 1652 1302 1688 1339; x_wconf 85' lang='lat'>&amp;</span> <span class='ocrx_word' id='word_1_258' title='bbox 1715 1299 1850 1339; x_wconf 90' lang='lat' dir='ltr'>diuino</span> <span class='ocrx_word' id='word_1_259' title='bbox 1879 1300 1962 1339; x_wconf 91' lang='lat' dir='ltr'>iure</span> <span class='ocrx_word' id='word_1_260' title='bbox 1989 1300 2107 1340; x_wconf 90' lang='lat' dir='ltr'>etiam</span> <span class='ocrx_word' id='word_1_261' title='bbox 2122 1301 2173 1340; x_wconf 91' lang='lat' dir='ltr'>ad</span> 
     </span>
     <span class='ocr_line' id='line_1_24' title="bbox 232 1349 2177 1401; baseline 0.003 -13"><span class='ocrx_word' id='word_1_262' title='bbox 232 1352 430 1388; x_wconf 88' lang='lat' dir='ltr'>bonorum</span> <span class='ocrx_word' id='word_1_263' title='bbox 459 1349 715 1400; x_wconf 89' lang='lat' dir='ltr'>spiritualium</span> <span class='ocrx_word' id='word_1_264' title='bbox 744 1352 1077 1401; x_wconf 87' lang='lat' dir='ltr'>procurationem,</span> <span class='ocrx_word' id='word_1_265' title='bbox 1107 1365 1188 1391; x_wconf 90' lang='lat' dir='ltr'>non</span> <span class='ocrx_word' id='word_1_266' title='bbox 1218 1353 1308 1391; x_wconf 91' lang='lat' dir='ltr'>dico</span> <span class='ocrx_word' id='word_1_267' title='bbox 1337 1352 1741 1392; x_wconf 90' lang='lat' dir='ltr'>administrationem:</span> <span class='ocrx_word' id='word_1_268' title='bbox 1771 1366 1864 1392; x_wconf 91' lang='lat' dir='ltr'>nam</span> <span class='ocrx_word' id='word_1_269' title='bbox 1888 1354 2072 1393; x_wconf 87' lang='lat' dir='ltr'>distincta</span> <span class='ocrx_word' id='word_1_270' title='bbox 2088 1361 2177 1393; x_wconf 90' lang='lat' dir='ltr'>sunt</span> 
     </span>
     <span class='ocr_line' id='line_1_25' title="bbox 228 1403 2176 1458; baseline 0.003 -17"><span class='ocrx_word' id='word_1_271' title='bbox 228 1403 356 1453; x_wconf 88' lang='lat' dir='ltr'>dona,</span> <span class='ocrx_word' id='word_1_272' title='bbox 398 1403 778 1454; x_wconf 87' lang='lat' dir='ltr'>administrationes,</span> <span class='ocrx_word' id='word_1_273' title='bbox 821 1407 856 1443; x_wconf 71' lang='grc' dir='ltr'>δι</span> <span class='ocrx_word' id='word_1_274' title='bbox 899 1405 1148 1455; x_wconf 89' lang='lat' dir='ltr'>operationes</span> <span class='ocrx_word' id='word_1_275' title='bbox 1194 1406 1379 1456; x_wconf 87' lang='lat' dir='ltr'>singulari</span> <span class='ocrx_word' id='word_1_276' title='bbox 1420 1406 1668 1456; x_wconf 89' lang='lat' dir='ltr'>prouidentia</span> <span class='ocrx_word' id='word_1_277' title='bbox 1696 1407 1783 1445; x_wconf 90' lang='lat' dir='ltr'>Dei.</span> <span class='ocrx_word' id='word_1_278' title='bbox 1822 1407 2074 1458; x_wconf 86' lang='lat' dir='ltr'>Quapropter</span> <span class='ocrx_word' id='word_1_279' title='bbox 2102 1421 2176 1447; x_wconf 89' lang='lat' dir='ltr'>nec</span> 
     </span>
     <span class='ocr_line' id='line_1_26' title="bbox 229 1456 2176 1510; baseline 0.002 -15"><span class='ocrx_word' id='word_1_280' title='bbox 229 1469 341 1507; x_wconf 84' lang='lat' dir='ltr'>reges</span> <span class='ocrx_word' id='word_1_281' title='bbox 370 1456 410 1494; x_wconf 93' lang='lat' dir='ltr'>in</span> <span class='ocrx_word' id='word_1_282' title='bbox 437 1456 797 1496; x_wconf 88' lang='lat' dir='ltr'>administrationes</span> <span class='ocrx_word' id='word_1_283' title='bbox 825 1458 1121 1497; x_wconf 89' lang='lat' dir='ltr'>Ecclesiasticas</span> <span class='ocrx_word' id='word_1_284' title='bbox 1149 1459 1325 1498; x_wconf 89' lang='lat' dir='ltr'>inuolare</span> <span class='ocrx_word' id='word_1_285' title='bbox 1352 1467 1540 1510; x_wconf 91' lang='lat' dir='ltr'>possunt,</span> <span class='ocrx_word' id='word_1_286' title='bbox 1570 1473 1644 1499; x_wconf 90' lang='lat' dir='ltr'>nec</span> <span class='ocrx_word' id='word_1_287' title='bbox 1665 1459 1883 1499; x_wconf 90' lang='lat' dir='ltr'>administri</span> <span class='ocrx_word' id='word_1_288' title='bbox 1910 1460 2176 1500; x_wconf 89' lang='lat' dir='ltr'>Ecclesiastici</span> 
     </span>
     <span class='ocr_line' id='line_1_27' title="bbox 230 1509 2175 1564; baseline 0.003 -17"><span class='ocrx_word' id='word_1_289' title='bbox 230 1509 269 1548; x_wconf 91' lang='lat' dir='ltr'>in</span> <span class='ocrx_word' id='word_1_290' title='bbox 298 1510 424 1559; x_wconf 89' lang='lat' dir='ltr'>regias</span> <span class='ocrx_word' id='word_1_291' title='bbox 452 1512 487 1548; x_wconf 83' lang='lat'>&amp;</span> <span class='ocrx_word' id='word_1_292' title='bbox 516 1510 651 1548; x_wconf 89' lang='lat' dir='ltr'>ciuiles</span> <span class='ocrx_word' id='word_1_293' title='bbox 680 1512 962 1560; x_wconf 77' lang='lat' dir='ltr'>humanasque.</span> <span class='ocrx_word' id='word_1_294' title='bbox 992 1512 1152 1563; x_wconf 88' lang='lat' dir='ltr'>singulis</span> <span class='ocrx_word' id='word_1_295' title='bbox 1180 1514 1332 1551; x_wconf 77' lang='lat' dir='ltr'>tantum</span> <span class='ocrx_word' id='word_1_296' title='bbox 1362 1520 1420 1551; x_wconf 90' lang='lat' dir='ltr'>est</span> <span class='ocrx_word' id='word_1_297' title='bbox 1446 1512 1596 1563; x_wconf 84' lang='lat' dir='ltr'>oneris,</span> <span class='ocrx_word' id='word_1_298' title='bbox 1625 1520 1666 1552; x_wconf 91' lang='lat' dir='ltr'>vt</span> <span class='ocrx_word' id='word_1_299' title='bbox 1694 1515 1847 1563; x_wconf 87' lang='lat' dir='ltr'>furore,</span> <span class='ocrx_word' id='word_1_300' title='bbox 1875 1526 1957 1552; x_wconf 93' lang='lat' dir='ltr'>non</span> <span class='ocrx_word' id='word_1_301' title='bbox 1985 1514 2175 1564; x_wconf 88' lang='lat' dir='ltr'>sapientia</span> 
     </span>
     <span class='ocr_line' id='line_1_28' title="bbox 230 1563 2175 1618; baseline 0.003 -18"><span class='ocrx_word' id='word_1_302' title='bbox 230 1563 293 1613; x_wconf 87' lang='lat' dir='ltr'>agi</span> <span class='ocrx_word' id='word_1_303' title='bbox 320 1563 546 1613; x_wconf 89' lang='lat' dir='ltr'>videantur,</span> <span class='ocrx_word' id='word_1_304' title='bbox 588 1563 654 1613; x_wconf 90' lang='lat' dir='ltr'>qui</span> <span class='ocrx_word' id='word_1_305' title='bbox 683 1563 759 1602; x_wconf 88' lang='lat' dir='ltr'>alia</span> <span class='ocrx_word' id='word_1_306' title='bbox 788 1564 945 1614; x_wconf 89' lang='lat' dir='ltr'>insuper</span> <span class='ocrx_word' id='word_1_307' title='bbox 973 1578 1095 1604; x_wconf 87' lang='lat' dir='ltr'>onera</span> <span class='ocrx_word' id='word_1_308' title='bbox 1124 1565 1198 1605; x_wconf 91' lang='lat' dir='ltr'>sibi</span> <span class='ocrx_word' id='word_1_309' title='bbox 1227 1565 1379 1616; x_wconf 90' lang='lat' dir='ltr'>imponi</span> <span class='ocrx_word' id='word_1_310' title='bbox 1407 1574 1546 1616; x_wconf 88' lang='lat' dir='ltr'>petunt</span> <span class='ocrx_word' id='word_1_311' title='bbox 1573 1573 1640 1605; x_wconf 89' lang='lat' dir='ltr'>aut</span> <span class='ocrx_word' id='word_1_312' title='bbox 1668 1567 1785 1605; x_wconf 89' lang='lat' dir='ltr'>etiam</span> <span class='ocrx_word' id='word_1_313' title='bbox 1814 1566 1928 1605; x_wconf 77' lang='lat' dir='ltr'>facile</span> <span class='ocrx_word' id='word_1_314' title='bbox 1955 1567 2175 1618; x_wconf 88' lang='lat' dir='ltr'>patiuntur,</span> 
     </span>
     <span class='ocr_line' id='line_1_29' title="bbox 234 1616 2175 1669; baseline 0.003 -16"><span class='ocrx_word' id='word_1_315' title='bbox 234 1627 482 1666; x_wconf 88' lang='lat' dir='ltr'>quacumque</span> <span class='ocrx_word' id='word_1_316' title='bbox 511 1616 723 1655; x_wconf 88' lang='lat' dir='ltr'>occasione</span> <span class='ocrx_word' id='word_1_317' title='bbox 752 1624 818 1655; x_wconf 87' lang='lat' dir='ltr'>aut</span> <span class='ocrx_word' id='word_1_318' title='bbox 846 1617 977 1667; x_wconf 88' lang='lat' dir='ltr'>specie</span> <span class='ocrx_word' id='word_1_319' title='bbox 1006 1619 1046 1657; x_wconf 94' lang='lat' dir='ltr'>id</span> <span class='ocrx_word' id='word_1_320' title='bbox 1073 1618 1157 1657; x_wconf 90' lang='lat' dir='ltr'>fieri</span> <span class='ocrx_word' id='word_1_321' title='bbox 1184 1632 1301 1669; x_wconf 87' lang='lat' dir='ltr'>posse</span> <span class='ocrx_word' id='word_1_322' title='bbox 1328 1619 1562 1669; x_wconf 91' lang='lat' dir='ltr'>putauerint.</span> <span class='ocrx_word' id='word_1_323' title='bbox 1592 1621 1654 1658; x_wconf 92' lang='lat' dir='ltr'>De</span> <span class='ocrx_word' id='word_1_324' title='bbox 1683 1632 1776 1658; x_wconf 89' lang='lat' dir='ltr'>cura</span> <span class='ocrx_word' id='word_1_325' title='bbox 1804 1620 2175 1659; x_wconf 79' lang='lat' dir='ltr'>solum&amp;custodia</span> 
     </span>
     <span class='ocr_line' id='line_1_30' title="bbox 227 1669 2174 1724; baseline 0.003 -17"><span class='ocrx_word' id='word_1_326' title='bbox 227 1672 393 1719; x_wconf 89' lang='lat' dir='ltr'>loquor,</span> <span class='ocrx_word' id='word_1_327' title='bbox 436 1681 554 1719; x_wconf 88' lang='lat' dir='ltr'>quam</span> <span class='ocrx_word' id='word_1_328' title='bbox 596 1669 668 1720; x_wconf 91' lang='lat' dir='ltr'>piis</span> <span class='ocrx_word' id='word_1_329' title='bbox 710 1670 865 1720; x_wconf 88' lang='lat' dir='ltr'>regibus</span> <span class='ocrx_word' id='word_1_330' title='bbox 906 1671 1226 1722; x_wconf 81' lang='lat' dir='ltr'>principibusque</span> <span class='ocrx_word' id='word_1_331' title='bbox 1268 1673 1377 1711; x_wconf 91' lang='lat' dir='ltr'>Deus</span> <span class='ocrx_word' id='word_1_332' title='bbox 1406 1686 1561 1723; x_wconf 90' lang='lat' dir='ltr'>semper</span> <span class='ocrx_word' id='word_1_333' title='bbox 1589 1672 1860 1712; x_wconf 87' lang='lat' dir='ltr'>demandauit:</span> <span class='ocrx_word' id='word_1_334' title='bbox 1889 1686 1970 1711; x_wconf 90' lang='lat' dir='ltr'>non</span> <span class='ocrx_word' id='word_1_335' title='bbox 1999 1680 2041 1713; x_wconf 84' lang='lat' dir='ltr'>vt</span> <span class='ocrx_word' id='word_1_336' title='bbox 2067 1674 2174 1724; x_wconf 87' lang='lat' dir='ltr'>leges</span> 
     </span>
     <span class='ocr_line' id='line_1_31' title="bbox 229 1722 2175 1777; baseline 0.002 -16"><span class='ocrx_word' id='word_1_337' title='bbox 229 1724 354 1762; x_wconf 89' lang='lat' dir='ltr'>ferant</span> <span class='ocrx_word' id='word_1_338' title='bbox 384 1722 571 1761; x_wconf 89' lang='lat' dir='ltr'>Ecclesiis</span> <span class='ocrx_word' id='word_1_339' title='bbox 600 1725 679 1772; x_wconf 74' lang='lat' dir='ltr'>qua</span> <span class='ocrx_word' id='word_1_340' title='bbox 707 1724 909 1763; x_wconf 87' lang='lat' dir='ltr'>Ecclesiae</span> <span class='ocrx_word' id='word_1_341' title='bbox 939 1733 1047 1771; x_wconf 89' lang='lat' dir='ltr'>sunt,</span> <span class='ocrx_word' id='word_1_342' title='bbox 1076 1726 1118 1764; x_wconf 91' lang='lat' dir='ltr'>id</span> <span class='ocrx_word' id='word_1_343' title='bbox 1141 1732 1216 1774; x_wconf 88' lang='lat' dir='ltr'>est,</span> <span class='ocrx_word' id='word_1_344' title='bbox 1247 1739 1368 1776; x_wconf 90' lang='lat' dir='ltr'>regno</span> <span class='ocrx_word' id='word_1_345' title='bbox 1398 1725 1586 1776; x_wconf 89' lang='lat' dir='ltr'>spirituali</span> <span class='ocrx_word' id='word_1_346' title='bbox 1614 1725 1780 1777; x_wconf 91' lang='lat' dir='ltr'>Christi,</span> <span class='ocrx_word' id='word_1_347' title='bbox 1808 1725 1876 1776; x_wconf 91' lang='lat' dir='ltr'>qui</span> <span class='ocrx_word' id='word_1_348' title='bbox 1905 1738 2005 1765; x_wconf 91' lang='lat' dir='ltr'>vnus</span> <span class='ocrx_word' id='word_1_349' title='bbox 2026 1726 2175 1765; x_wconf 90' lang='lat' dir='ltr'>anima-</span> 
     </span>
     <span class='ocr_line' id='line_1_32' title="bbox 232 1776 2176 1829; baseline 0.003 -16"><span class='ocrx_word' id='word_1_350' title='bbox 232 1788 317 1813; x_wconf 91' lang='lat' dir='ltr'>rum</span> <span class='ocrx_word' id='word_1_351' title='bbox 348 1783 570 1814; x_wconf 89' lang='lat' dir='ltr'>nostrarum</span> <span class='ocrx_word' id='word_1_352' title='bbox 600 1776 800 1826; x_wconf 88' lang='lat' dir='ltr'>legislator</span> <span class='ocrx_word' id='word_1_353' title='bbox 827 1785 905 1829; x_wconf 70' lang='lat' dir='ltr'>est,</span> <span class='ocrx_word' id='word_1_354' title='bbox 934 1778 1004 1816; x_wconf 89' lang='lat' dir='ltr'>sed</span> <span class='ocrx_word' id='word_1_355' title='bbox 1031 1785 1072 1816; x_wconf 91' lang='lat' dir='ltr'>vt</span> <span class='ocrx_word' id='word_1_356' title='bbox 1099 1780 1206 1829; x_wconf 86' lang='lat' dir='ltr'>leges</span> <span class='ocrx_word' id='word_1_357' title='bbox 1234 1780 1257 1816; x_wconf 75' lang='lat' dir='ltr'>a</span> <span class='ocrx_word' id='word_1_358' title='bbox 1284 1780 1373 1818; x_wconf 92' lang='lat' dir='ltr'>Deo</span> <span class='ocrx_word' id='word_1_359' title='bbox 1402 1781 1498 1817; x_wconf 88' lang='lat' dir='ltr'>latas</span> <span class='ocrx_word' id='word_1_360' title='bbox 1525 1792 1594 1829; x_wconf 93' lang='lat' dir='ltr'>per</span> <span class='ocrx_word' id='word_1_361' title='bbox 1614 1779 1864 1818; x_wconf 90' lang='lat' dir='ltr'>administros</span> <span class='ocrx_word' id='word_1_362' title='bbox 1879 1779 1961 1818; x_wconf 90' lang='lat' dir='ltr'>eius</span> <span class='ocrx_word' id='word_1_363' title='bbox 1974 1779 2176 1819; x_wconf 90' lang='lat' dir='ltr'>obseruari</span> 
     </span>
     <span class='ocr_line' id='line_1_33' title="bbox 231 1829 2176 1882; baseline 0.002 -15"><span class='ocrx_word' id='word_1_364' title='bbox 231 1837 388 1879; x_wconf 90' lang='lat' dir='ltr'>curent,</span> <span class='ocrx_word' id='word_1_365' title='bbox 427 1829 591 1879; x_wconf 87' lang='lat' dir='ltr'>instent,</span> <span class='ocrx_word' id='word_1_366' title='bbox 629 1830 665 1867; x_wconf 67' lang='grc' dir='ltr'>δε</span> <span class='ocrx_word' id='word_1_367' title='bbox 695 1837 878 1881; x_wconf 89' lang='lat' dir='ltr'>vrgeant,</span> <span class='ocrx_word' id='word_1_368' title='bbox 909 1830 1056 1881; x_wconf 89' lang='lat' dir='ltr'>nequid</span> <span class='ocrx_word' id='word_1_369' title='bbox 1085 1833 1135 1870; x_wconf 91' lang='lat' dir='ltr'>de</span> <span class='ocrx_word' id='word_1_370' title='bbox 1164 1833 1272 1870; x_wconf 91' lang='lat' dir='ltr'>cultu</span> <span class='ocrx_word' id='word_1_371' title='bbox 1301 1832 1376 1870; x_wconf 91' lang='lat' dir='ltr'>Dei</span> <span class='ocrx_word' id='word_1_372' title='bbox 1404 1833 1595 1882; x_wconf 88' lang='lat' dir='ltr'>decedat,</span> <span class='ocrx_word' id='word_1_373' title='bbox 1625 1832 1730 1870; x_wconf 92' lang='lat' dir='ltr'>vnde</span> <span class='ocrx_word' id='word_1_374' title='bbox 1758 1832 1816 1871; x_wconf 90' lang='lat' dir='ltr'>ira</span> <span class='ocrx_word' id='word_1_375' title='bbox 1841 1833 1961 1882; x_wconf 90' lang='lat' dir='ltr'>ipsius</span> <span class='ocrx_word' id='word_1_376' title='bbox 1987 1833 2027 1871; x_wconf 91' lang='lat' dir='ltr'>in</span> <span class='ocrx_word' id='word_1_377' title='bbox 2055 1833 2176 1872; x_wconf 90' lang='lat' dir='ltr'>admi-</span> 
     </span>
     <span class='ocr_line' id='line_1_34' title="bbox 229 1882 2178 1936; baseline 0.002 -15"><span class='ocrx_word' id='word_1_378' title='bbox 229 1890 351 1931; x_wconf 90' lang='lat' dir='ltr'>stros,</span> <span class='ocrx_word' id='word_1_379' title='bbox 380 1886 592 1933; x_wconf 77' lang='lat' dir='ltr'>regemque</span> <span class='ocrx_word' id='word_1_380' title='bbox 622 1882 704 1922; x_wconf 89' lang='lat' dir='ltr'>siue</span> <span class='ocrx_word' id='word_1_381' title='bbox 732 1883 951 1933; x_wconf 85' lang='lat' dir='ltr'>principes,</span> <span class='ocrx_word' id='word_1_382' title='bbox 996 1885 1031 1922; x_wconf 69' lang='grc' dir='ltr'>δι</span> <span class='ocrx_word' id='word_1_383' title='bbox 1060 1887 1270 1934; x_wconf 90' lang='lat' dir='ltr'>populares</span> <span class='ocrx_word' id='word_1_384' title='bbox 1298 1898 1435 1924; x_wconf 90' lang='lat' dir='ltr'>omnes</span> <span class='ocrx_word' id='word_1_385' title='bbox 1449 1886 1698 1924; x_wconf 89' lang='lat' dir='ltr'>accendatur.</span> <span class='ocrx_word' id='word_1_386' title='bbox 1727 1887 1822 1925; x_wconf 92' lang='lat' dir='ltr'>Hoc</span> <span class='ocrx_word' id='word_1_387' title='bbox 1836 1885 1951 1936; x_wconf 90' lang='lat' dir='ltr'>igitur</span> <span class='ocrx_word' id='word_1_388' title='bbox 1966 1898 2178 1925; x_wconf 87' lang='lat' dir='ltr'>commune</span> 
     </span>
     <span class='ocr_line' id='line_1_35' title="bbox 230 1936 2177 1989; baseline 0.003 -16"><span class='ocrx_word' id='word_1_389' title='bbox 230 1942 288 1974; x_wconf 90' lang='lat' dir='ltr'>est</span> <span class='ocrx_word' id='word_1_390' title='bbox 318 1936 495 1974; x_wconf 88' lang='lat' dir='ltr'>omnium</span> <span class='ocrx_word' id='word_1_391' title='bbox 525 1944 749 1986; x_wconf 88' lang='lat' dir='ltr'>temporum</span> <span class='ocrx_word' id='word_1_392' title='bbox 780 1936 820 1974; x_wconf 93' lang='lat' dir='ltr'>in</span> <span class='ocrx_word' id='word_1_393' title='bbox 849 1937 1028 1976; x_wconf 90' lang='lat' dir='ltr'>Ecclesia</span> <span class='ocrx_word' id='word_1_394' title='bbox 1055 1938 1152 1977; x_wconf 91' lang='lat' dir='ltr'>Dei:</span> <span class='ocrx_word' id='word_1_395' title='bbox 1183 1938 1377 1988; x_wconf 90' lang='lat' dir='ltr'>singulare</span> <span class='ocrx_word' id='word_1_396' title='bbox 1405 1946 1536 1977; x_wconf 89' lang='lat' dir='ltr'>autem</span> <span class='ocrx_word' id='word_1_397' title='bbox 1558 1938 1658 1977; x_wconf 91' lang='lat' dir='ltr'>illius</span> <span class='ocrx_word' id='word_1_398' title='bbox 1673 1939 1862 1989; x_wconf 88' lang='lat' dir='ltr'>temporis</span> <span class='ocrx_word' id='word_1_399' title='bbox 1877 1938 1948 1977; x_wconf 88' lang='lat' dir='ltr'>fuit</span> <span class='ocrx_word' id='word_1_400' title='bbox 1962 1939 2177 1978; x_wconf 90' lang='lat' dir='ltr'>institutum</span> 
     </span>
     <span class='ocr_line' id='line_1_36' title="bbox 229 1988 2178 2042; baseline 0.003 -16"><span class='ocrx_word' id='word_1_401' title='bbox 229 1988 328 2027; x_wconf 84' lang='lat' dir='ltr'>illius</span> <span class='ocrx_word' id='word_1_402' title='bbox 372 1988 504 2039; x_wconf 87' lang='lat' dir='ltr'>regni,</span> <span class='ocrx_word' id='word_1_403' title='bbox 548 2001 626 2039; x_wconf 90' lang='lat' dir='ltr'>qua</span> <span class='ocrx_word' id='word_1_404' title='bbox 669 1997 784 2039; x_wconf 91' lang='lat' dir='ltr'>typus</span> <span class='ocrx_word' id='word_1_405' title='bbox 827 1992 850 2027; x_wconf 79' lang='lat' dir='ltr'>a</span> <span class='ocrx_word' id='word_1_406' title='bbox 887 1991 977 2029; x_wconf 91' lang='lat' dir='ltr'>Deo</span> <span class='ocrx_word' id='word_1_407' title='bbox 1006 1990 1203 2030; x_wconf 90' lang='lat' dir='ltr'>institutus</span> <span class='ocrx_word' id='word_1_408' title='bbox 1232 1998 1308 2042; x_wconf 83' lang='lat' dir='ltr'>est,</span> <span class='ocrx_word' id='word_1_409' title='bbox 1337 2004 1416 2040; x_wconf 90' lang='lat' dir='ltr'>quo</span> <span class='ocrx_word' id='word_1_410' title='bbox 1449 1992 1646 2042; x_wconf 89' lang='lat' dir='ltr'>spirituale</span> <span class='ocrx_word' id='word_1_411' title='bbox 1675 2004 1839 2042; x_wconf 89' lang='lat' dir='ltr'>regnum</span> <span class='ocrx_word' id='word_1_412' title='bbox 1870 1992 2013 2031; x_wconf 89' lang='lat' dir='ltr'>Christi</span> <span class='ocrx_word' id='word_1_413' title='bbox 2039 1992 2111 2031; x_wconf 90' lang='lat' dir='ltr'>fuit</span> <span class='ocrx_word' id='word_1_414' title='bbox 2137 1992 2178 2030; x_wconf 94' lang='lat' dir='ltr'>in</span> 
     </span>
     <span class='ocr_line' id='line_1_37' title="bbox 234 2042 2177 2096; baseline 0.003 -17"><span class='ocrx_word' id='word_1_415' title='bbox 234 2042 320 2079; x_wconf 90' lang='lat' dir='ltr'>rudi</span> <span class='ocrx_word' id='word_1_416' title='bbox 351 2043 501 2092; x_wconf 90' lang='lat' dir='ltr'>populo</span> <span class='ocrx_word' id='word_1_417' title='bbox 531 2050 621 2081; x_wconf 90' lang='lat' dir='ltr'>ante</span> <span class='ocrx_word' id='word_1_418' title='bbox 649 2043 934 2092; x_wconf 88' lang='lat' dir='ltr'>plenitudinem</span> <span class='ocrx_word' id='word_1_419' title='bbox 963 2051 1186 2094; x_wconf 88' lang='lat' dir='ltr'>temporum</span> <span class='ocrx_word' id='word_1_420' title='bbox 1215 2045 1505 2083; x_wconf 88' lang='lat' dir='ltr'>adumbratum.</span> <span class='ocrx_word' id='word_1_421' title='bbox 1541 2046 1644 2083; x_wconf 90' lang='lat' dir='ltr'>Nam</span> <span class='ocrx_word' id='word_1_422' title='bbox 1674 2045 1788 2084; x_wconf 92' lang='lat' dir='ltr'>huius</span> <span class='ocrx_word' id='word_1_423' title='bbox 1816 2045 1901 2096; x_wconf 91' lang='lat' dir='ltr'>typi</span> <span class='ocrx_word' id='word_1_424' title='bbox 1927 2046 2177 2095; x_wconf 74' lang='lat' dir='ltr'>veritatisque</span> 
     </span>
     <span class='ocr_line' id='line_1_38' title="bbox 233 2095 2177 2145; baseline 0.003 -13"><span class='ocrx_word' id='word_1_425' title='bbox 233 2095 571 2145; x_wconf 86' lang='lat' dir='ltr'>contemplatione</span> <span class='ocrx_word' id='word_1_426' title='bbox 613 2095 835 2134; x_wconf 89' lang='lat' dir='ltr'>Ecclesiam</span> <span class='ocrx_word' id='word_1_427' title='bbox 862 2097 968 2135; x_wconf 90' lang='lat' dir='ltr'>illam</span> <span class='ocrx_word' id='word_1_428' title='bbox 999 2099 1232 2136; x_wconf 85' lang='lat' dir='ltr'>confirmare</span> <span class='ocrx_word' id='word_1_429' title='bbox 1260 2097 1298 2135; x_wconf 90' lang='lat' dir='ltr'>in</span> <span class='ocrx_word' id='word_1_430' title='bbox 1329 2098 1514 2137; x_wconf 88' lang='lat' dir='ltr'>omnibus</span> <span class='ocrx_word' id='word_1_431' title='bbox 1541 2110 1671 2137; x_wconf 89' lang='lat' dir='ltr'>rerum</span> <span class='ocrx_word' id='word_1_432' title='bbox 1699 2098 1992 2138; x_wconf 85' lang='lat' dir='ltr'>difficultatibus</span> <span class='ocrx_word' id='word_1_433' title='bbox 2021 2099 2056 2137; x_wconf 86' lang='lat'>&amp;</span> <span class='ocrx_word' id='word_1_434' title='bbox 2086 2111 2177 2137; x_wconf 93' lang='lat' dir='ltr'>con-</span> 
     </span>
     <span class='ocr_line' id='line_1_39' title="bbox 233 2148 2176 2200; baseline 0.002 -14"><span class='ocrx_word' id='word_1_435' title='bbox 233 2148 350 2186; x_wconf 89' lang='lat' dir='ltr'>solari</span> <span class='ocrx_word' id='word_1_436' title='bbox 377 2150 554 2187; x_wconf 86' lang='lat' dir='ltr'>voluerat</span> <span class='ocrx_word' id='word_1_437' title='bbox 585 2149 678 2187; x_wconf 87' lang='lat' dir='ltr'>inde</span> <span class='ocrx_word' id='word_1_438' title='bbox 705 2151 727 2186; x_wconf 77' lang='grc' dir='ltr'>Ξῑ</span> <span class='ocrx_word' id='word_1_439' title='bbox 755 2150 947 2200; x_wconf 90' lang='lat' dir='ltr'>principio</span> <span class='ocrx_word' id='word_1_440' title='bbox 975 2152 1108 2199; x_wconf 92' lang='lat' dir='ltr'>Deus,</span> <span class='ocrx_word' id='word_1_441' title='bbox 1140 2151 1371 2190; x_wconf 86' lang='lat' dir='ltr'>Abrahamo</span> <span class='ocrx_word' id='word_1_442' title='bbox 1401 2152 1450 2190; x_wconf 91' lang='lat' dir='ltr'>de</span> <span class='ocrx_word' id='word_1_443' title='bbox 1485 2165 1530 2189; x_wconf 89' lang='lat' dir='ltr'>ea</span> <span class='ocrx_word' id='word_1_444' title='bbox 1559 2152 1704 2200; x_wconf 90' lang='lat' dir='ltr'>dicens,</span> <span class='ocrx_word' id='word_1_445' title='bbox 1732 2154 1778 2190; x_wconf 92' lang='lat' dir='ltr'>In</span> <span class='ocrx_word' id='word_1_446' title='bbox 1806 2151 1953 2190; x_wconf 89' lang='lat' dir='ltr'>semine</span> <span class='ocrx_word' id='word_1_447' title='bbox 1975 2159 2044 2190; x_wconf 92' lang='lat' dir='ltr'>tuo</span> <span class='ocrx_word' id='word_1_448' title='bbox 2059 2153 2176 2191; x_wconf 90' lang='lat' dir='ltr'>bene-</span> 
     </span>
     <span class='ocr_line' id='line_1_40' title="bbox 237 2201 2177 2255; baseline 0.002 -16"><span class='ocrx_word' id='word_1_449' title='bbox 237 2201 387 2240; x_wconf 90' lang='lat' dir='ltr'>dicetur</span> <span class='ocrx_word' id='word_1_450' title='bbox 430 2203 614 2241; x_wconf 90' lang='lat' dir='ltr'>omnibus</span> <span class='ocrx_word' id='word_1_451' title='bbox 656 2203 865 2252; x_wconf 83' lang='lat' dir='ltr'>gentibus:</span> <span class='ocrx_word' id='word_1_452' title='bbox 907 2203 1053 2242; x_wconf 91' lang='lat' dir='ltr'>Dauidi</span> <span class='ocrx_word' id='word_1_453' title='bbox 1094 2206 1188 2242; x_wconf 79' lang='lat' dir='ltr'>vero</span> <span class='ocrx_word' id='word_1_454' title='bbox 1224 2205 1342 2254; x_wconf 77' lang='lat' dir='ltr'>longe</span> <span class='ocrx_word' id='word_1_455' title='bbox 1384 2204 1592 2254; x_wconf 80' lang='lat' dir='ltr'>gloriosius</span> <span class='ocrx_word' id='word_1_456' title='bbox 1634 2207 1756 2243; x_wconf 86' lang='lat' dir='ltr'>multa</span> <span class='ocrx_word' id='word_1_457' title='bbox 1767 2223 1776 2251; x_wconf 90' lang='lat'>;</span> <span class='ocrx_word' id='word_1_458' title='bbox 1810 2212 1853 2243; x_wconf 91' lang='lat' dir='ltr'>vt</span> <span class='ocrx_word' id='word_1_459' title='bbox 1883 2206 1972 2243; x_wconf 78' lang='lat' dir='ltr'>cum</span> <span class='ocrx_word' id='word_1_460' title='bbox 2002 2205 2177 2255; x_wconf 89' lang='lat' dir='ltr'>plurimis</span> 
     </span>
     <span class='ocr_line' id='line_1_41' title="bbox 238 2255 2178 2308; baseline 0.002 -16"><span class='ocrx_word' id='word_1_461' title='bbox 238 2255 459 2304; x_wconf 85' lang='lat' dir='ltr'>Scripturae</span> <span class='ocrx_word' id='word_1_462' title='bbox 489 2255 606 2306; x_wconf 90' lang='lat' dir='ltr'>locis,</span> <span class='ocrx_word' id='word_1_463' title='bbox 650 2264 732 2293; x_wconf 87' lang='lat' dir='ltr'>tum</span> <span class='ocrx_word' id='word_1_464' title='bbox 761 2257 861 2294; x_wconf 89' lang='lat' dir='ltr'>Psal.</span> <span class='ocrx_word' id='word_1_465' title='bbox 892 2259 955 2305; x_wconf 86' lang='lat'>89.</span> <span class='ocrx_word' id='word_1_466' title='bbox 985 2258 1276 2296; x_wconf 89' lang='lat' dir='ltr'>demonstratur</span> <span class='ocrx_word' id='word_1_467' title='bbox 1303 2258 1619 2296; x_wconf 80' lang='lat' dir='ltr'>luculentissime.</span> <span class='ocrx_word' id='word_1_468' title='bbox 1649 2258 1809 2297; x_wconf 89' lang='lat' dir='ltr'>Etenim</span> <span class='ocrx_word' id='word_1_469' title='bbox 1839 2259 1931 2296; x_wconf 79' lang='lat' dir='ltr'>curn</span> <span class='ocrx_word' id='word_1_470' title='bbox 1958 2258 2086 2308; x_wconf 90' lang='lat' dir='ltr'>prisca</span> <span class='ocrx_word' id='word_1_471' title='bbox 2113 2258 2178 2297; x_wconf 90' lang='lat' dir='ltr'>illa</span> 
     </span>
     <span class='ocr_line' id='line_1_42' title="bbox 237 2308 2178 2361; baseline 0.003 -16"><span class='ocrx_word' id='word_1_472' title='bbox 237 2314 344 2346; x_wconf 80' lang='lat' dir='ltr'>aetas</span> <span class='ocrx_word' id='word_1_473' title='bbox 374 2308 610 2357; x_wconf 89' lang='lat' dir='ltr'>quibusdam</span> <span class='ocrx_word' id='word_1_474' title='bbox 639 2308 761 2346; x_wconf 85' lang='lat' dir='ltr'>veluti</span> <span class='ocrx_word' id='word_1_475' title='bbox 789 2310 987 2348; x_wconf 87' lang='lat' dir='ltr'>fulmentis</span> <span class='ocrx_word' id='word_1_476' title='bbox 1017 2322 1117 2360; x_wconf 90' lang='lat' dir='ltr'>opus</span> <span class='ocrx_word' id='word_1_477' title='bbox 1143 2311 1342 2358; x_wconf 88' lang='lat' dir='ltr'>habuerit,</span> <span class='ocrx_word' id='word_1_478' title='bbox 1371 2317 1412 2348; x_wconf 89' lang='lat' dir='ltr'>vt</span> <span class='ocrx_word' id='word_1_479' title='bbox 1439 2311 1478 2349; x_wconf 90' lang='lat' dir='ltr'>in</span> <span class='ocrx_word' id='word_1_480' title='bbox 1508 2310 1781 2361; x_wconf 80' lang='lat' dir='ltr'>expectatione</span> <span class='ocrx_word' id='word_1_481' title='bbox 1808 2311 1952 2350; x_wconf 89' lang='lat' dir='ltr'>Christi</span> <span class='ocrx_word' id='word_1_482' title='bbox 1963 2313 2052 2350; x_wconf 92' lang='lat' dir='ltr'>Iesu</span> <span class='ocrx_word' id='word_1_483' title='bbox 2067 2312 2178 2350; x_wconf 85' lang='lat' dir='ltr'>firma</span> 
     </span>
     <span class='ocr_line' id='line_1_43' title="bbox 236 2361 2178 2415; baseline 0.002 -17"><span class='ocrx_word' id='word_1_484' title='bbox 236 2361 486 2411; x_wconf 87' lang='lat' dir='ltr'>consisteret,</span> <span class='ocrx_word' id='word_1_485' title='bbox 530 2361 814 2412; x_wconf 76' lang='lat' dir='ltr'>sapientissime</span> <span class='ocrx_word' id='word_1_486' title='bbox 857 2364 966 2401; x_wconf 84' lang='lat' dir='ltr'>Deus</span> <span class='ocrx_word' id='word_1_487' title='bbox 995 2364 1243 2413; x_wconf 84' lang='lat' dir='ltr'>prouiderat,</span> <span class='ocrx_word' id='word_1_488' title='bbox 1272 2371 1312 2401; x_wconf 84' lang='lat' dir='ltr'>vt</span> <span class='ocrx_word' id='word_1_489' title='bbox 1341 2365 1680 2413; x_wconf 88' lang='lat' dir='ltr'>quemadmodum</span> <span class='ocrx_word' id='word_1_490' title='bbox 1710 2364 1917 2412; x_wconf 66' lang='lat' dir='ltr'>sacerdotii</span> <span class='ocrx_word' id='word_1_491' title='bbox 1935 2394 1946 2415; x_wconf 95' lang='lat'>,</span> <span class='ocrx_word' id='word_1_492' title='bbox 1980 2364 2035 2402; x_wconf 94' lang='lat' dir='ltr'>sic</span> <span class='ocrx_word' id='word_1_493' title='bbox 2063 2364 2178 2402; x_wconf 87' lang='lat' dir='ltr'>etiam</span> 
     </span>
     <span class='ocr_line' id='line_1_44' title="bbox 237 2413 2175 2467; baseline 0.002 -16"><span class='ocrx_word' id='word_1_494' title='bbox 237 2413 345 2463; x_wconf 87' lang='lat' dir='ltr'>regni</span> <span class='ocrx_word' id='word_1_495' title='bbox 386 2415 533 2453; x_wconf 89' lang='lat' dir='ltr'>aeterni</span> <span class='ocrx_word' id='word_1_496' title='bbox 574 2415 675 2453; x_wconf 89' lang='lat' dir='ltr'>illius</span> <span class='ocrx_word' id='word_1_497' title='bbox 717 2416 993 2454; x_wconf 87' lang='lat' dir='ltr'>vmbraculum</span> <span class='ocrx_word' id='word_1_498' title='bbox 1035 2417 1196 2466; x_wconf 84' lang='lat' dir='ltr'>aliquod</span> <span class='ocrx_word' id='word_1_499' title='bbox 1237 2419 1272 2455; x_wconf 82' lang='lat'>&amp;</span> <span class='ocrx_word' id='word_1_500' title='bbox 1311 2417 1517 2467; x_wconf 87' lang='lat' dir='ltr'>vestigium</span> <span class='ocrx_word' id='word_1_501' title='bbox 1550 2417 1589 2454; x_wconf 92' lang='lat' dir='ltr'>in</span> <span class='ocrx_word' id='word_1_502' title='bbox 1616 2418 1733 2456; x_wconf 90' lang='lat' dir='ltr'>rebus</span> <span class='ocrx_word' id='word_1_503' title='bbox 1761 2417 1941 2456; x_wconf 90' lang='lat' dir='ltr'>humanis</span> <span class='ocrx_word' id='word_1_504' title='bbox 1969 2417 2175 2455; x_wconf 85' lang='lat' dir='ltr'>existeret:</span> 
     </span>
     <span class='ocr_line' id='line_1_45' title="bbox 235 2467 2176 2519; baseline 0.002 -15"><span class='ocrx_word' id='word_1_505' title='bbox 235 2479 354 2516; x_wconf 87' lang='lat' dir='ltr'>quam</span> <span class='ocrx_word' id='word_1_506' title='bbox 397 2469 448 2505; x_wconf 86' lang='lat' dir='ltr'>ad</span> <span class='ocrx_word' id='word_1_507' title='bbox 484 2481 566 2505; x_wconf 89' lang='lat' dir='ltr'>rem</span> <span class='ocrx_word' id='word_1_508' title='bbox 607 2467 731 2506; x_wconf 89' lang='lat' dir='ltr'>tribus</span> <span class='ocrx_word' id='word_1_509' title='bbox 766 2469 962 2519; x_wconf 86' lang='lat' dir='ltr'>Iehudae,</span> <span class='ocrx_word' id='word_1_510' title='bbox 991 2471 1027 2508; x_wconf 83' lang='lat'>&amp;</span> <span class='ocrx_word' id='word_1_511' title='bbox 1055 2471 1095 2508; x_wconf 93' lang='lat' dir='ltr'>in</span> <span class='ocrx_word' id='word_1_512' title='bbox 1120 2483 1166 2508; x_wconf 90' lang='lat' dir='ltr'>ea</span> <span class='ocrx_word' id='word_1_513' title='bbox 1192 2469 1425 2508; x_wconf 89' lang='lat' dir='ltr'>nominatim</span> <span class='ocrx_word' id='word_1_514' title='bbox 1455 2471 1597 2509; x_wconf 90' lang='lat' dir='ltr'>domus</span> <span class='ocrx_word' id='word_1_515' title='bbox 1624 2470 1789 2509; x_wconf 91' lang='lat' dir='ltr'>Dauidis</span> <span class='ocrx_word' id='word_1_516' title='bbox 1817 2472 1941 2509; x_wconf 87' lang='lat' dir='ltr'>electa</span> <span class='ocrx_word' id='word_1_517' title='bbox 1969 2477 2039 2508; x_wconf 91' lang='lat' dir='ltr'>est.</span> <span class='ocrx_word' id='word_1_518' title='bbox 2070 2470 2176 2518; x_wconf 82' lang='lat' dir='ltr'>Qua-</span> 
     </span>
     <span class='ocr_line' id='line_1_46' title="bbox 236 2520 2176 2574; baseline 0.002 -17"><span class='ocrx_word' id='word_1_519' title='bbox 236 2527 398 2569; x_wconf 89' lang='lat' dir='ltr'>propter</span> <span class='ocrx_word' id='word_1_520' title='bbox 426 2520 498 2558; x_wconf 91' lang='lat' dir='ltr'>etsi</span> <span class='ocrx_word' id='word_1_521' title='bbox 527 2520 708 2559; x_wconf 91' lang='lat' dir='ltr'>ordinem</span> <span class='ocrx_word' id='word_1_522' title='bbox 738 2521 943 2570; x_wconf 88' lang='lat' dir='ltr'>politicum</span> <span class='ocrx_word' id='word_1_523' title='bbox 974 2522 1013 2560; x_wconf 91' lang='lat' dir='ltr'>in</span> <span class='ocrx_word' id='word_1_524' title='bbox 1041 2523 1220 2562; x_wconf 89' lang='lat' dir='ltr'>Ecclesia</span> <span class='ocrx_word' id='word_1_525' title='bbox 1247 2522 1322 2561; x_wconf 90' lang='lat' dir='ltr'>Dei</span> <span class='ocrx_word' id='word_1_526' title='bbox 1349 2525 1466 2573; x_wconf 78' lang='lat' dir='ltr'>plane</span> <span class='ocrx_word' id='word_1_527' title='bbox 1482 2530 1641 2572; x_wconf 90' lang='lat' dir='ltr'>oportet</span> <span class='ocrx_word' id='word_1_528' title='bbox 1655 2523 1845 2574; x_wconf 81' lang='lat' dir='ltr'>existere,</span> <span class='ocrx_word' id='word_1_529' title='bbox 1874 2530 1941 2562; x_wconf 92' lang='lat' dir='ltr'>aut</span> <span class='ocrx_word' id='word_1_530' title='bbox 1956 2522 2176 2561; x_wconf 88' lang='lat' dir='ltr'>Ecclesiam</span> 
     </span>
     <span class='ocr_line' id='line_1_47' title="bbox 235 2572 2177 2625; baseline 0.002 -14"><span class='ocrx_word' id='word_1_531' title='bbox 235 2586 318 2611; x_wconf 85' lang='lat' dir='ltr'>sese</span> <span class='ocrx_word' id='word_1_532' title='bbox 364 2572 401 2610; x_wconf 90' lang='lat' dir='ltr'>in</span> <span class='ocrx_word' id='word_1_533' title='bbox 441 2586 489 2612; x_wconf 92' lang='lat' dir='ltr'>eo</span> <span class='ocrx_word' id='word_1_534' title='bbox 531 2574 670 2612; x_wconf 90' lang='lat' dir='ltr'>ordine</span> <span class='ocrx_word' id='word_1_535' title='bbox 713 2574 934 2624; x_wconf 89' lang='lat' dir='ltr'>continere,</span> <span class='ocrx_word' id='word_1_536' title='bbox 979 2576 1149 2625; x_wconf 88' lang='lat' dir='ltr'>denique</span> <span class='ocrx_word' id='word_1_537' title='bbox 1177 2577 1343 2614; x_wconf 89' lang='lat' dir='ltr'>alterurn</span> <span class='ocrx_word' id='word_1_538' title='bbox 1372 2575 1550 2614; x_wconf 91' lang='lat' dir='ltr'>ordinem</span> <span class='ocrx_word' id='word_1_539' title='bbox 1579 2577 1689 2615; x_wconf 88' lang='lat' dir='ltr'>alteri</span> <span class='ocrx_word' id='word_1_540' title='bbox 1717 2575 1973 2615; x_wconf 89' lang='lat' dir='ltr'>coniunctum</span> <span class='ocrx_word' id='word_1_541' title='bbox 2002 2587 2107 2614; x_wconf 87' lang='lat' dir='ltr'>esse:</span> <span class='ocrx_word' id='word_1_542' title='bbox 2136 2575 2177 2614; x_wconf 93' lang='lat' dir='ltr'>id</span> 
     </span>
     <span class='ocr_line' id='line_1_48' title="bbox 235 2626 2176 2680; baseline 0.001 -16"><span class='ocrx_word' id='word_1_543' title='bbox 235 2633 366 2664; x_wconf 88' lang='lat' dir='ltr'>tamen</span> <span class='ocrx_word' id='word_1_544' title='bbox 396 2639 444 2664; x_wconf 85' lang='lat' dir='ltr'>ex</span> <span class='ocrx_word' id='word_1_545' title='bbox 469 2627 651 2665; x_wconf 78' lang='lat' dir='ltr'>hocloco</span> <span class='ocrx_word' id='word_1_546' title='bbox 668 2626 964 2677; x_wconf 87' lang='lat' dir='ltr'>intelligendum</span> <span class='ocrx_word' id='word_1_547' title='bbox 982 2636 1052 2679; x_wconf 85' lang='lat' dir='ltr'>est,</span> <span class='ocrx_word' id='word_1_548' title='bbox 1081 2628 1204 2667; x_wconf 90' lang='lat' dir='ltr'>ciuilis</span> <span class='ocrx_word' id='word_1_549' title='bbox 1218 2629 1332 2667; x_wconf 92' lang='lat' dir='ltr'>huius</span> <span class='ocrx_word' id='word_1_550' title='bbox 1348 2629 1495 2668; x_wconf 89' lang='lat' dir='ltr'>ordinis</span> <span class='ocrx_word' id='word_1_551' title='bbox 1510 2642 1591 2667; x_wconf 91' lang='lat' dir='ltr'>non</span> <span class='ocrx_word' id='word_1_552' title='bbox 1608 2636 1688 2667; x_wconf 91' lang='lat' dir='ltr'>tam</span> <span class='ocrx_word' id='word_1_553' title='bbox 1702 2631 1746 2679; x_wconf 89' lang='lat' dir='ltr'>(f.</span> <span class='ocrx_word' id='word_1_554' title='bbox 1764 2632 1854 2678; x_wconf 91' lang='lat'>721)</span> <span class='ocrx_word' id='word_1_555' title='bbox 1870 2636 2031 2680; x_wconf 90' lang='lat' dir='ltr'>propter</span> <span class='ocrx_word' id='word_1_556' title='bbox 2043 2640 2176 2666; x_wconf 88' lang='lat' dir='ltr'>neces-</span> 
     </span>
     <span class='ocr_line' id='line_1_49' title="bbox 236 2678 2175 2731; baseline 0.001 -15"><span class='ocrx_word' id='word_1_557' title='bbox 236 2679 387 2717; x_wconf 89' lang='lat' dir='ltr'>sitatem</span> <span class='ocrx_word' id='word_1_558' title='bbox 417 2678 535 2728; x_wconf 84' lang='lat' dir='ltr'>ipsius</span> <span class='ocrx_word' id='word_1_559' title='bbox 566 2680 807 2719; x_wconf 87' lang='lat' dir='ltr'>mentionem</span> <span class='ocrx_word' id='word_1_560' title='bbox 836 2682 916 2719; x_wconf 92' lang='lat' dir='ltr'>hoc</span> <span class='ocrx_word' id='word_1_561' title='bbox 943 2682 1034 2720; x_wconf 90' lang='lat' dir='ltr'>loco</span> <span class='ocrx_word' id='word_1_562' title='bbox 1064 2683 1207 2720; x_wconf 86' lang='lat' dir='ltr'>factam</span> <span class='ocrx_word' id='word_1_563' title='bbox 1236 2685 1351 2731; x_wconf 89' lang='lat' dir='ltr'>(quae</span> <span class='ocrx_word' id='word_1_564' title='bbox 1379 2689 1510 2721; x_wconf 90' lang='lat' dir='ltr'>tamen</span> <span class='ocrx_word' id='word_1_565' title='bbox 1540 2693 1690 2721; x_wconf 89' lang='lat' dir='ltr'>summa</span> <span class='ocrx_word' id='word_1_566' title='bbox 1720 2691 1778 2721; x_wconf 90' lang='lat' dir='ltr'>est</span> <span class='ocrx_word' id='word_1_567' title='bbox 1804 2683 2030 2730; x_wconf 85' lang='lat' dir='ltr'>necessitas)</span> <span class='ocrx_word' id='word_1_568' title='bbox 2057 2683 2175 2730; x_wconf 76' lang='lat' dir='ltr'>quarn</span> 
     </span>
     <span class='ocr_line' id='line_1_50' title="bbox 233 2733 2175 2786; baseline 0.001 -17"><span class='ocrx_word' id='word_1_569' title='bbox 233 2738 395 2782; x_wconf 93' lang='lat' dir='ltr'>propter</span> <span class='ocrx_word' id='word_1_570' title='bbox 422 2739 558 2782; x_wconf 87' lang='lat' dir='ltr'>typum</span> <span class='ocrx_word' id='word_1_571' title='bbox 585 2735 608 2770; x_wconf 81' lang='lat' dir='ltr'>a</span> <span class='ocrx_word' id='word_1_572' title='bbox 636 2734 725 2771; x_wconf 85' lang='lat' dir='ltr'>Deo</span> <span class='ocrx_word' id='word_1_573' title='bbox 753 2733 993 2786; x_wconf 80' lang='lat' dir='ltr'>institutum,</span> <span class='ocrx_word' id='word_1_574' title='bbox 1022 2741 1062 2773; x_wconf 92' lang='lat' dir='ltr'>vt</span> <span class='ocrx_word' id='word_1_575' title='bbox 1090 2735 1396 2785; x_wconf 90' lang='lat' dir='ltr'>promissionum</span> <span class='ocrx_word' id='word_1_576' title='bbox 1426 2746 1582 2773; x_wconf 89' lang='lat' dir='ltr'>suarum</span> <span class='ocrx_word' id='word_1_577' title='bbox 1615 2736 1664 2774; x_wconf 90' lang='lat' dir='ltr'>de</span> <span class='ocrx_word' id='word_1_578' title='bbox 1692 2748 1814 2786; x_wconf 88' lang='lat' dir='ltr'>regno</span> <span class='ocrx_word' id='word_1_579' title='bbox 1841 2734 2028 2786; x_wconf 87' lang='lat' dir='ltr'>spirituali</span> <span class='ocrx_word' id='word_1_580' title='bbox 2054 2740 2175 2772; x_wconf 84' lang='lat' dir='ltr'>aeter-</span> 
     </span>
    </p>

    <p class='ocr_par' dir='ltr' id='par_1_4' title="bbox 2039 2791 2172 2836">
     <span class='ocr_line' id='line_1_51' title="bbox 2039 2791 2172 2836; baseline 0.008 -12"><span class='ocrx_word' id='word_1_581' title='bbox 2039 2791 2172 2836; x_wconf 81' lang='lat' dir='ltr'>noque</span> 
     </span>
    </p>
   </div>
  </div>
 </body>
</html>
