2334 3020
739 108 954 134 THESES
995 107 1431 134 THEOLOGICAE.
1976 105 2046 144 245

107 225 189 255 tum
232 218 440 255 multorum
468 216 682 265 άηοςαςίᾳ,
715 215 831 265 Apoc.
867 227 923 263 13.
957 228 990 261 4.
1022 217 1057 253 8.
1093 228 1149 252 12.
1184 227 1240 262 14.
1271 215 1320 252 ξφ·
1362 226 1418 262 ι7.
1447 222 1530 252 tum
1559 213 1725 262 «lenique
1756 215 1961 251 Pastorum
1993 212 2050 249 in·

108 270 308 318 fidelitate,
337 271 438 308 lere.
472 281 528 315 14.
564 280 620 313 14.
649 269 699 306 ὄψ’
726 274 808 317 cap.
841 281 900 317 23.
935 269 990 306 16.
1024 281 1084 306 21.
1115 268 1164 306 ὅτ’
1191 280 1255 316 30.
1286 275 1324 305 vt
1353 266 1671 318 praecedentium
1688 267 1910 305 seculorum
1928 265 2044 304 series

107 337 180 363 nos
208 324 362 362 edocet.

163 387 223 427 55.
277 378 412 425 Itaque
427 373 537 412 huius
553 372 751 412 Ecclesiae
765 373 1041 413 authoritatem
1057 372 1344 412 ministerialem
1353 372 1604 412 solummodo
1617 378 1887 422 agnoscentes,
1900 378 1939 410 vt
1953 378 2047 421 pote

108 429 267 480 regulati
295 427 443 466 inducti
469 429 493 465 a
520 427 642 464 verbo
672 435 711 464 vt
740 427 913 476 potentia
943 427 1034 476 Dei,
1063 429 1176 465 Rom.
1212 440 1243 464 1.
1278 438 1334 475 17.
1364 423 1623 475 Principalem
1652 426 1740 463 Deo
1756 424 1911 463 authori
1926 423 2046 474 ipsius

110 482 328 521 tribuimus:
370 481 686 518 Instrumentales
725 482 816 518 vero
856 480 1053 529 primarias
1096 480 1318 530 Scripturae
1348 479 1505 529 regulae
1533 478 1748 528 perfectam
1779 480 1814 516 ἂν
1844 476 1947 515 Viris
1976 476 2046 514 im-

111 535 276 574 mediate
303 536 326 572 a
352 532 495 584 Spiritu
524 533 562 570 S.
591 532 709 582 actis,
736 535 771 571 &
801 533 965 582 publicis
996 533 1155 571 notariis
1185 545 1232 570 ex
1264 531 1525 577 reuelatione,
1553 543 1635 569 non
1651 543 1699 569 ex
1716 529 1923 569 vocatione
1940 543 2046 568 com-

110 588 217 627 muni
245 586 441 634 ministerij
472 586 672 624 dumtaxat
699 585 750 624 ad
777 585 1025 624 scribendum
1053 589 1076 624 a
1103 587 1191 624 Deo
1219 585 1450 624 constitutis.
1480 587 1597 633 Apoc.
1630 598 1662 621 2.
1698 597 1730 622 1.

166 643 224 691 56.
280 641 418 678 Talem
446 645 576 676 autem
605 638 639 676 ei
667 638 871 678 tribuimus
899 639 1195 689 authoritatem,
1221 638 1312 688 quia
1341 646 1399 676 est
1427 639 1630 685 columna,
1665 650 1696 676 1.
1732 638 1828 674 Tim.
1861 649 1896 685 3.
1923 636 2047 686 15.ad

109 706 227 744 quam
268 705 341 731 nos
382 691 640 741 conferimus,
670 699 709 730 vt
737 691 896 730 veritate
924 692 995 742 ipsi
1024 691 1140 730 affixa
1168 691 1240 730 frui
1270 691 1482 741 possimus:
1512 701 1628 739 quarn
1659 689 1818 740 quidem
1848 689 1999 738 accepit
2026 691 2049 726 a

110 746 303 795 Domino,
332 751 373 783 vt
401 751 589 794 tanquam
618 752 749 783 custos
778 745 902 783 fidelis
931 746 1081 795 foueat,
1111 747 1146 783 δι
1175 751 1217 783 vt
1254 757 1345 783 vera
1378 751 1500 782 mater
1527 742 1658 782 liberis
1687 742 1765 781 suis
1794 743 1941 792 tradat,
1970 755 2050 780 non

110 801 261 839 tantum
303 797 569 847 materialiter,
611 798 679 836 sed
708 800 743 836 &
770 798 986 836 formaliter
1014 811 1096 836 rem
1125 797 1274 836 scilicet
1302 799 1337 836 &
1366 797 1556 847 dogmata
1584 796 1702 846 ipsius
1730 809 1800 846 per
1826 795 2052 846 interpreta-

111 853 257 892 tionem
284 853 319 890 &
348 850 651 900 applicationem
681 850 983 889 conuenientem
1012 850 1225 889 ministerio
1255 863 1379 889 sacro.

167 916 227 956 57.
287 906 345 942 Ex
372 903 580 954 praedictis
609 904 690 942 iure
720 904 993 942 concludimus
1024 904 1242 942 Ecclesiam
1273 905 1497 942 Romanam
1527 914 1694 950 errasse,
1724 901 1883 951 eiusque
1918 902 2053 939 autho-

112 959 263 997 ritatem
292 959 434 995 Sacrae
458 956 679 1007 Scripturae
710 956 919 1006 adaequari
949 970 1028 996 non
1058 970 1194 1007 posse,
1222 959 1257 995 δι
1287 956 1562 995 Orthodoxam
1579 954 1724 993 Christi
1741 954 1957 993 Ecclesiam
1973 967 2053 992 non

113 1025 207 1051 esse.
239 1010 394 1049 Etenim
423 1011 524 1060 apud
555 1010 659 1048 illam
688 1023 761 1048 nec
791 1021 929 1059 purum
959 1010 1067 1049 verbi
1096 1009 1368 1060 praeconium,
1393 1008 1695 1058 neclegitimam
1711 1009 2054 1046 Sacramentorum

113 1063 489 1104 administrationem
530 1062 665 1102 videre
693 1070 761 1101 est.
792 1063 875 1101 Nec
903 1070 1020 1102 notae
1046 1064 1132 1102 illae
1161 1074 1260 1112 quae
1288 1065 1312 1101 a
1340 1061 1554 1100 Pontificiis
1582 1067 1820 1111 statuuntur,
1849 1060 1921 1111 ipsi
1949 1073 2056 1098 com-

113 1124 262 1169 petunt.
304 1118 491 1155 Bellarm.
530 1117 593 1154 lib.
623 1130 658 1164 4.
689 1117 732 1154 de
760 1110 907 1155 Eccles.
936 1118 1044 1155 milit,
1072 1123 1156 1167 cap.
1185 1129 1221 1165 3.
1251 1129 1287 1162 4.
1317 1117 1402 1154 &c
1431 1116 1570 1164 Neque
1601 1113 1704 1151 enim
1733 1127 1865 1152 veram
1894 1113 2057 1163 antiqui-

116 1178 259 1220 tatem,
300 1169 547 1208 durationem
591 1168 629 1207 in
666 1169 867 1217 doctrina,
896 1169 1195 1219 amplitudinem
1223 1167 1489 1218 credentium,
1519 1166 1807 1206 successionem
1836 1167 2059 1214 doctrinae,

115 1222 449 1273 conspirationem
478 1222 518 1260 in
546 1221 726 1260 doctrina
755 1233 846 1261 cum
872 1222 1068 1272 primitiua
1096 1222 1292 1270 Ecclesia,
1322 1221 1494 1271 aliasque
1523 1233 1643 1270 penes
1672 1232 1713 1257 se
1741 1221 1869 1258 habet.

170 1279 232 1327 58.
288 1277 323 1313 E
359 1274 555 1314 contrario
594 1277 685 1313 vero
714 1282 867 1314 nostras
896 1275 1092 1314 Ecclesias
1119 1288 1229 1314 veras
1257 1273 1419 1313 Domini
1451 1272 1646 1311 Ecclesias
1676 1285 1761 1311 esse
1789 1272 1928 1311 merito
1957 1274 2055 1310 affir—

115 1341 287 1381 mamus,
315 1328 502 1379 quoniam
531 1328 636 1378 apud
664 1340 736 1366 nos
764 1329 956 1378 refulgent
983 1340 1124 1378 purum
1157 1327 1263 1367 verbi
1278 1327 1547 1378 praeconium,
1575 1327 1959 1375 Sacramentorumq.
1990 1325 2054 1364 ad-

117 1382 365 1431 ministrati03
393 1389 510 1432 prout
535 1388 592 1419 est
619 1383 643 1418 a
669 1381 845 1420 Domino
874 1381 1057 1420 instituta.
1085 1382 1233 1420 Mattlz.
1265 1382 1326 1420 26.
1358 1382 1418 1419 26.
1451 1391 1512 1429 27.
1541 1380 1626 1418 ὣς.

169 1447 230 1485 59.
287 1437 387 1484 Neq.
415 1434 456 1472 id
485 1436 655 1483 tantum3
684 1435 819 1473 verum
848 1434 964 1473 etiam
992 1448 1061 1484 per
1090 1435 1163 1473 Dei
1191 1434 1356 1484 gratiam
1385 1434 1434 1472 de
1463 1432 1713 1472 successione
1742 1431 1963 1483 primitiuae
1981 1433 2055 1469 Ec-

115 1488 255 1528 clesiae
279 1496 360 1527 tum
388 1488 426 1526 in
456 1487 653 1538 doctrina,
682 1495 765 1526 tum
795 1489 834 1525 in
862 1487 1060 1538 personis,
1090 1500 1170 1526 non
1198 1487 1359 1537 quidem
1387 1499 1457 1537 per
1485 1486 1637 1537 singula
1665 1485 1812 1537 capita,
1838 1485 1907 1525 sed
1922 1493 2053 1524 tamen

114 1542 153 1580 in
184 1540 384 1580 communi
414 1541 450 1579 δι
478 1540 518 1579 in
545 1553 712 1590 corpore
735 1540 891 1591 gloriari
919 1541 957 1579 in
988 1541 1164 1580 Domino
1187 1541 1269 1579 iure
1299 1551 1520 1590 possumus,

168 1596 230 1632 60.
287 1596 491 1632 Praeterea
525 1607 616 1632 vera
660 1593 880 1644 Antiquitas
918 1607 1037 1644 penes
1067 1607 1138 1633 nos
1172 1602 1251 1645 est3
1279 1607 1371 1632 nam
1401 1593 1578 1632 Christus
1607 1599 1664 1631 est
1693 1591 1897 1630 doctrinae
1927 1603 2048 1641 quam

114 1649 344 1698 profitemur
384 1647 536 1685 author.
565 1648 739 1697 Tempus
768 1654 923 1685 nostrae
950 1647 1147 1686 Ecclesiae
1176 1654 1233 1686 est
1260 1647 1351 1686 inde
1377 1649 1401 1685 a
1430 1645 1620 1696 principio
1652 1644 1874 1695 Euangelijg
1906 1646 2048 1684 Nostra

115 1702 301 1750 dogmata
329 1704 350 1739 e
379 1700 483 1751 puris
512 1699 684 1738 fontibus
713 1701 750 1738 S.
780 1700 1002 1750 Scripturae
1030 1708 1117 1739 sunt
1141 1700 1261 1751 petita
1288 1702 1453 1738 tantum.
1482 1701 1600 1738 Hanc
1639 1700 1887 1749 profitentes,
1917 1699 2050 1747 huicq.

114 1755 369 1793 adhaerentes
396 1761 484 1791 sunt
513 1766 651 1791 omnes
680 1753 760 1792 veri
789 1762 978 1802 martyres
1007 1757 1042 1793 &
1071 1754 1226 1801 fideles,
1255 1753 1345 1791 inde
1373 1755 1422 1791 ab
1454 1753 1651 1790 Ecclesiae
1680 1751 1939 1790 incunabulis.
1980 1753 2053 1789 Po-

114 1810 258 1846 stremo
287 1809 418 1845 hostes
445 1814 534 1845 sunt
558 1806 743 1845 haeretici
771 1807 964 1845 manifesti
995 1810 1029 1846 δι
1058 1809 1238 1856 latentes,
1267 1805 1456 1856 imprimis
1487 1808 1578 1844 vero
1601 1805 1884 1854 Antichristus,
1903 1804 1969 1854 qui
1985 1818 2053 1854 per

114 1872 202 1899 suas
231 1869 375 1899 turmas
404 1859 644 1909 decipientes
672 1860 707 1898 δι
736 1860 920 1910 deceptas
949 1861 1022 1898 Dei
1051 1861 1199 1899 veritati
1227 1873 1311 1898 sese
1337 1859 1514 1910 opponit.
1548 1860 1787 1908 Comprilnut
1814 1860 1925 1896 illum
1942 1859 2053 1896 Deus

121 1915 293 1964 Optimus
321 1915 452 1952 Mtzaez‘.
485 1914 556 1951 Cui
579 1915 666 1951 laus
694 1915 734 1951 in
764 1916 891 1952 secula
919 1915 1149 1953 seculorum.
1179 1915 1319 1951 Arnen.

436 2217 558 2255 XLV.
610 2217 697 2253 DE
744 2216 1236 2255 COMMVNIONE
1286 2219 1745 2258 SANCTORUM.

179 2335 424 2388 Postquam
457 2335 509 2375 de
539 2341 693 2376 sancta
723 2336 928 2377 Ecclesia
979 2335 1232 2386 catholica,
1269 2352 1376 2390 quae
1409 2345 1567 2391 corpus
1599 2345 1665 2379 est
1702 2337 1902 2387 Christi,
1933 2346 2060 2391 prac-

122 2396 369 2436 cedentibus
416 2396 793 2449 disputationibus
840 2404 988 2438 actum
1036 2404 1118 2446 est,
1150 2397 1286 2451 de'que
1311 2399 1504 2439 essentia
1537 2401 1581 2441 ἅ
1613 2399 1788 2440 ratione
1819 2400 1963 2452 ipsius
1999 2413 2062 2439 se-

119 2456 307 2497 cundum
337 2462 500 2505 totum,
534 2458 578 2498 ἐξ
600 2463 758 2510 partes
791 2471 1034 2499 communes
1068 2459 1244 2511 ipsius:
1277 2458 1477 2512 deinceps
1494 2460 1618 2501 nobis
1634 2460 1685 2500 de
1695 2460 1890 2513 proprio
1909 2459 2062 2514 officio

119 2518 163 2558 ὃ
194 2523 297 2557 actu
330 2517 476 2570 ipsius
504 2517 743 2558 videndum
776 2524 863 2568 est,
899 2519 1133 2559 secundum
1159 2525 1319 2572 partes
1351 2519 1609 2573 singulares
1626 2534 1753 2569 suas,
1772 2534 1897 2573 quem
1915 2526 2061 2561 actum

113 2577 304 2630 propri&
343 2576 695 2618 communionem
728 2585 983 2620 sanctorum
1016 2579 1314 2632 appellamus.

182 2713 213 2738 1.
268 2701 430 2738 PARTES
457 2699 671 2750 singulares
699 2713 766 2739 seu
797 2703 975 2740 membra
1004 2715 1050 2739 ea
1079 2709 1189 2752 sunt,
1218 2714 1318 2752 quae
1346 2710 1503 2742 sanctos
1529 2716 1575 2741 ex
1605 2715 1674 2742 vsu
1691 2703 1912 2754 Scripturae
1928 2705 2063 2754 appel-

123 2753 268 2791 lamus:
297 2752 378 2791 siue
407 2754 577 2803 perfecte
600 2760 757 2793 sanctos
785 2754 927 2793 dixeris
955 2754 1022 2804 qui
1049 2754 1088 2793 in
1118 2755 1301 2794 Paradiso
1326 2763 1545 2808 versantur,
1574 2758 1745 2795 fruentes
1760 2758 1933 2807 perfecta
1948 2769 2053 2795 com-

1876 2809 2060 2850 munione
