2334 3020
769 110 983 137 THESEs
1024 110 1468 137 THEOLOGICAE.
2012 112 2080 147 117
2120 98 2124 101 '

137 218 422 256 asseueratione
450 217 618 266 pendere
647 224 828 254 statuunt.
858 217 976 265 Quod
1008 217 1151 266 dogma
1182 224 1220 255 vt
1247 215 1511 264 superioribus
1541 215 1755 254 rationibus
1784 217 1946 255 abunde
1978 218 2076 255 refu-

138 278 259 308 tatum
283 278 357 320 est,
385 271 437 308 ita
465 269 672 308 vanitatem
701 270 782 308 eius
812 270 1013 319 sequentia
1040 277 1267 319 argumenta
1298 267 1419 319 magis
1447 269 1731 307 demonstrant..

196 569 243 604 V.
298 568 382 605 DE
411 568 625 605 VERBI
668 568 786 605 DEI
829 568 1369 618 AVCTORlTATE,
1412 572 1447 607 ἃ
1491 569 2007 607 PERFECTIONE.

198 685 341 736 Quum
390 687 753 727 Sacro-sanctmn
802 688 886 728 Dea·
933 689 1117 730 Vcrlmm
1157 688 1219 727 sc't
1251 689 1490 741 proprium
1516 688 1797 740 prim-afflant
1830 690 1874 728 ἕν’
1917 701 2072 728 norma

133 761 263 788 verae
293 749 337 788 ὅ*
364 747 590 799 perfectae
628 743 900 800 Tlce‘olqgrc'ae,
935 764 989 789 cx
1020 763 1102 801 qm)
1121 762 1265 788 omnes
1283 748 1677 789 demonstrationem*
1690 749 1789 801 peti
1806 751 1850 790 ἃ
1870 748 2073 800 depromi

132 807 300 855 debent,
345 809 389 848 ἔτ
420 808 516 848 sine
546 822 629 860 quo
661 808 835 848 nnllam
862 808 978 862 fidel
1008 808 1188 861 dogma,
1225 808 1394 860 liquida
1432 808 1620 862 definiri
1646 815 1828 861 potest:
1864 822 1948 848 non
1982 809 2069 848 im-

132 868 283 908 merita
330 868 424 908 eius
466 868 774 908 tractationem
809 875 1018 922 tanquam
1050 868 1396 921 flctzclczmentmn
1437 869 1622 910 cacteris
1646 869 1830 921 futuris
1861 868 2068 921 dispecta-

135 928 323 968 tz'om'bns
355 928 694 969 substcmz'nms.

881 1054 1094 1089 Tussis
1138 1062 1329 1088 PRIMA.

194 1184 225 1208 1.
280 1173 456 1208 VaRBUM
487 1169 561 1208 Dei
589 1168 835 1219 intelligimus
865 1182 943 1206 non
973 1169 1149 1206 Verbum
1179 1174 1381 1205 aeternum
1411 1167 1551 1204 Filium
1580 1168 1729 1204 aeterni
1759 1168 1901 1217 Patris,
1931 1181 2073 1226 nempe

137 1227 245 1274 λόγον
277 1225 530 1273 ιφιςάμενον,
559 1223 626 1260 sed
653 1223 827 1260 Verbum
856 1223 1110 1259 exterminia
1138 1222 1225 1258 Deo
1253 1220 1420 1269 sanctis,
1450 1222 1484 1258 ἃ
1514 1219 1629 1257 certis
1663 1219 1884 1258 hominibus
1914 1221 2074 1270 inspira-

135 1284 239 1326 tum,
281 1277 409 1314 Hebr.
456 1288 485 1311 1
522 1289 553 1313 1.
584 1289 618 1312 2.
669 1276 763 1312 Tim.
800 1287 836 1322 3.
870 1276 928 1313 16.
967 1288 1000 1312 2.
1034 1275 1117 1311 Pet.
1153 1286 1184 1311 1.
1215 1287 1275 1312 21.
1304 1276 1339 1311 ἃ
1369 1286 1438 1322 per
1465 1273 1627 1311 eosdem
1657 1273 1695 1310 in
1725 1273 1832 1311 libris
1862 1274 2074 1311 Canonicis

135 1329 288 1367 Veteris
316 1330 351 1366 δι
380 1326 483 1365 Noui
511 1327 752 1366 Testamenti
775 1326 1062 1377 conscriptum·
1092 1333 1132 1364 vt
1161 1325 1233 1364 Dei
1258 1325 1397 1364 veritas
1426 1327 1477 1364 ab
1506 1325 1614 1363 omni
1642 1325 1841 1364 obliuione
1866 1327 2075 1375 &corrup-

136 1381 218 1419 telis
254 1381 536 1428 vindicaretur,
578 1384 613 1420 δι
651 1380 827 1419 Ecclesia
864 1381 1034 1430 perfecte
1064 1378 1327 1417 institueretur
1355 1392 1402 1417 ac
1429 1380 1726 1417 confirmaretur
1755 1379 1792 1416 in
1821 1379 2004 1417 omnibus
2033 1379 2078 1417 iis

135 1445 303 1483 quorum
333 1432 506 1483 cognitio
535 1436 571 1472 &
600 1433 696 1471 fides
723 1434 775 1471 ad
803 1434 965 1471 salutem
993 1439 1190 1471 aeternam
1219 1440 1277 1470 est
1303 1431 1533 1471 necessaria.
1564 1445 1582 1469 2
1611 1434 1725 1470 Petrz
1750 1445 1786 1481 3.
1811 1445 1844 1469 2.
1872 1433 1997 1471 praa.
2013 1445 2079 1480 30.

135 1488 170 1524 6.
194 1488 290 1525 Luc.
324 1500 354 1524 1.
385 1500 421 1534 4.
453 1499 487 1524 2.
524 1488 620 1524 Tim.
651 1499 688 1535 3.
723 1487 781 1524 16.

190 1553 224 1578 2.
280 1541 372 1578 Hoc
413 1540 588 1577 Verbum
626 1539 716 1589 Dei,
758 1540 876 1578 Sacra
911 1538 1132 1588 Scriptura,
1162 1540 1198 1577 &
1228 1539 1309 1575 κατ’
1334 1539 1472 1586 ἑξοχὴν
1501 1537 1701 1588 Scriptura
1729 1537 1807 1576 dici
1835 1535 1953 1586 sole't,
1982 1537 2076 1575 item

133 1595 169 1630 δι
214 1593 412 1642 Scriptura
453 1592 672 1639 Canonica,
707 1604 787 1642 quo
824 1591 985 1630 nomine
1012 1604 1149 1630 omnes
1176 1592 1264 1630 illos
1295 1600 1378 1629 tum
1409 1591 1558 1629 Veteris
1588 1598 1671 1629 tum
1700 1590 1806 1629 Noui
1837 1590 2078 1629 Testamenti

134 1644 256 1683 libros
297 1645 597 1694 complectimur
638 1645 705 1694 qui
747 1645 786 1683 in
827 1644 1045 1683 Bibliorum
1086 1644 1287 1683 volumine
1328 1643 1602 1693 continentur,
1645 1643 1690 1692 ijs
1728 1643 1921 1693 exceptis,
1956 1657 2078 1693 quos,

133 1697 284 1736 etiamsi
304 1697 424 1737 libris
452 1698 680 1748 Propheti(f.
714 1698 900 1746 1604.)cis
927 1698 1155 1747 adiunctos,
1185 1705 1315 1736 tamen
1341 1697 1432 1746 quia
1458 1710 1534 1735 nec
1563 1699 1612 1735 ab
1631 1698 1761 1746 aliquo
1778 1698 1976 1746 Propheta
1991 1704 2079 1734 sunt

133 1750 285 1801 scripti,
314 1764 388 1788 nec
415 1752 701 1801 Prophetarum
729 1751 861 1801 lingua
889 1750 1004 1799 editi,
1033 1764 1107 1789 nec
1131 1751 1169 1788 in
1194 1751 1398 1789 Canonem
1425 1751 1700 1788 Hebraeorum
1717 1762 1888 1799 vnquam
1904 1749 2082 1798 admissi,

133 1816 207 1841 nec
235 1803 408 1842 &veteri
437 1805 613 1843 Ecclesia
642 1818 714 1855 pro
742 1805 882 1843 talibus
910 1803 1050 1854 agniti
1079 1817 1151 1843 nos
1180 1802 1436 1853 Propheticos
1465 1816 1549 1841 esse
1578 1815 1780 1853 negamus.
1811 1810 1850 1841 vt
1867 1810 1976 1853 sunt,
1992 1801 2079 1840 His-

132 1856 263 1900 torici
292 1857 390 1895 liber
417 1857 586 1906 Tobiae
617 1857 755 1896 Oratio
785 1857 1028 1905 Menaschis,
1055 1856 1154 1895 liber
1180 1857 1352 1904 Iuditae,
1374 1856 1474 1894 liber
1500 1856 1640 1894 Baruci
1652 1856 1855 1906 Epistola
1870 1855 2080 1904 Icremiae,

132 1911 452 1960 Supplementum
494 1911 684 1960 Danielis,
720 1910 820 1948 liber
855 1910 989 1948 tertius
1018 1912 1053 1949 ἃ
1080 1918 1240 1959 quartus
1269 1910 1440 1955 Esdrae
1470 1910 1794 1959 Supplementum
1826 1910 2012 1948 Estherae
2041 1910 2077 1946 ἃ*

132 1964 228 2001 Tres
257 1962 346 2001 libri
372 1965 740 2002 Macchabaeorum.
772 1963 1027 2011 Didascalici,
1052 1963 1150 2002 liber
1171 1962 1391 2012 Sapientiae
1415 1963 1450 2000 δι
1466 1962 1761 2001 Ecclesiasticus
1778 1974 1845 2000 seu
1860 1961 2081 2011 Syracides.

134 2016 246 2064 Quos
275 2029 434 2065 omnes,
462 2016 552 2065 quia
580 2017 697 2055 etiam
727 2024 880 2066 praeter
908 2016 1003 2054 illud
1036 2017 1146 2065 quod
1172 2015 1339 2054 diximus
1369 2016 1490 2053 multa
1518 2016 1688 2054 absurda
1716 2016 1751 2052 δι
1774 2015 1987 2065 pugnantia
2005 2022 2080 2053 tra-

132 2069 249 2117 dunt,
278 2082 349 2107 nos
380 2082 451 2119 pro
480 2072 734 2113 θεοπνεύςοις
763 2082 843 2108 non
872 2071 1084 2115 habemus,
1113 2072 1149 2107 δι
1181 2077 1364 2118 tanquam
1392 2068 1555 2118 Spurios
1580 2071 1615 2107 &
1641 2069 1907 2118 Apocryphos
1922 2068 1973 2106 ad
1990 2067 2081 2105 fidei

132 2121 319 2171 dogmata
354 2122 559 2172 probanda
594 2135 675 2160 non
702 2124 830 2161 valere
865 2122 1158 2160 contendimus:
1189 2121 1367 2171 quamuis
1396 2129 1526 2160 tamen
1554 2121 1631 2172 legi
1661 2134 1776 2171 posse
1803 2122 1854 2159 ad
1882 2120 2082 2159 Ecclesiae

137 2174 342 2213 vtilitatem
371 2175 650 2214 concedamus.

191 2241 227 2276 3.
282 2229 346 2266 Ad
375 2228 545 2277 reliquos
543 2230 666 2318 βεῐὸ
694 2227 910 2266 Bibliorum
939 2227 1061 2266 libros
1088 2229 1197 2277 quod
1224 2227 1380 2266 attinet:
1411 2239 1547 2265 eorum
1571 2240 1643 2265 nos
1658 2229 1716 2276 (vt
1733 2229 1820 2266 vere
1836 2233 2082 2270 θεοπνεύςων

139 2281 174 2317 δι
203 2281 515 2328 Canonicorum)
581 2283 700 2331 rima),
729 2281 1042 2331 Irrefragabilem
1071 2294 1155 2319 esse
1184 2282 1473 2330 ιιιιιΊιονίίιῑίεύιἼ
1503 2280 1854 2329 excellentiamque
1875 2280 2081 2317 sacratissi-

141 2347 260 2378 mam,
290 2336 326 2371 &
355 2336 469 2384 plane
499 2334 670 2372 diuinam
695 2334 921 2384 asserimus,
946 2335 1048 2372 adeo
1075 2342 1115 2371 vt
1129 2334 1337 2383 quicquid,
1353 2333 1765 2383 quomodocunque&
1782 2343 2016 2383 quacunque
2033 2332 2081 2370 de

139 2399 179 2424 re
212 2386 273 2424 isti
302 2386 389 2425 libri
416 2389 452 2425 &
473 2387 727 2425 testificentur
742 2389 778 2425 &
794 2387 1079 2437 pronuncient,
1096 2387 1135 2424 id
1153 2399 1271 2424 omne
1288 2400 1358 2436 pro
1375 2386 1595 2425 certissimo
1613 2388 1687 2425 Dei
1703 2387 1825 2424 verbo
1843 2389 1877 2424 ἃ
1893 2384 2084 2422 infallibili

143 2439 312 2477 Veritate
345 2441 492 2489 absque
529 2441 606 2478 vlla
645 2439 987 2490 tergiuersatione,
1016 2445 1208 2478 errorisue
1238 2439 1460 2488 suspicione
1490 2451 1699 2488 sequamur
1726 2441 1761 2477 &
1791 2440 2082 2488 amplectamur.

192 2505 229 2539 4.
257 2492 449 2538 Secundo,
478 2495 646 2531 Tantam
676 2506 759 2531 esse
782 2494 1071 2543 perflationem,
1101 2502 1140 2530 vt
1170 2492 1423 2543 perspicue&
1442 2492 1676 2531 sufficienter
1691 2492 1917 2531 contineant
1933 2491 2083 2539 omnia,

140 2552 222 2582 tum
250 2545 301 2582 ad
330 2545 542 2583 saluificam
572 2547 712 2595 fidem,
742 2554 824 2584 tum
851 2547 903 2584 ad
931 2545 1050 2585 vitam
1082 2548 1166 2583 Deo
1197 2547 1418 2595 placentem
1447 2545 1737 2583 informandam
1766 2543 2017 2595 pertinentia:
2041 2552 2082 2582 vt

139 2597 236 2635 citra
264 2605 443 2647 apertum
473 2598 628 2637 illorum
657 2599 922 2637 testimonium
954 2598 1050 2636 nihil
1077 2598 1365 2637 admittendum
1395 2599 1443 2636 sit
1470 2598 1510 2637 in
1538 2598 1726 2649 religione
1749 2606 1936 2647 tanquam
1951 2609 2083 2635 neces-

140 2649 304 2694 sarium,
334 2652 395 2689 vel
421 2651 472 2688 ad
501 2652 744 2690 credendum
772 2653 833 2689 vel
862 2653 914 2690 ad
943 2651 1175 2689 faciendum.

193 2714 228 2752 5.
285 2706 344 2741 Ac
373 2703 480 2752 prior
507 2703 667 2753 quidem
696 2704 913 2754 propositio
940 2713 1022 2743 tum
1055 2703 1277 2742 certissimis
1306 2703 1559 2752 testimoniis,
1587 2712 1668 2742 tum
1692 2703 1930 2754 argumentis
1947 2702 2082 2740 firmis-

142 2755 248 2794 simis
289 2758 556 2795 confirmatur.
595 2757 838 2796 Testimonia
876 2765 966 2796 sunt
995 2765 1062 2795 aut
1091 2757 1243 2796 interna
1269 2765 1336 2796 aut
1364 2765 1536 2796 externa.
1580 2759 1782 2796 Internum
1813 2756 2083 2795 testimonium

1974 2821 2083 2846 omni
