<?xml version="1.0" encoding="UTF-8"?>
<!DOCTYPE html PUBLIC "-//W3C//DTD XHTML 1.0 Transitional//EN"
    "http://www.w3.org/TR/xhtml1/DTD/xhtml1-transitional.dtd">
<html xmlns="http://www.w3.org/1999/xhtml" xml:lang="en" lang="en">
 <head>
  <title>
</title>
<meta http-equiv="Content-Type" content="text/html;charset=utf-8" />
  <meta name='ocr-system' content='tesseract 3.04.00' />
  <meta name='ocr-capabilities' content='ocr_page ocr_carea ocr_par ocr_line ocrx_word'/>
</head>
<body>
  <div class='ocr_page' id='page_1' title='image "./opusculatheologi00juni/opusculatheologi00juni_0323.png"; bbox 0 0 2334 3020; ppageno 0'>
   <div class='ocr_carea' id='block_1_1' title="bbox 794 127 2111 163">
    <p class='ocr_par' dir='ltr' id='par_1_1' title="bbox 794 127 2111 163">
     <span class='ocr_line' id='line_1_1' title="bbox 794 127 2111 163; baseline 0.001 -11"><span class='ocrx_word' id='word_1_1' title='bbox 794 127 1005 154; x_wconf 62' lang='lat' dir='ltr'>THEsEs</span> <span class='ocrx_word' id='word_1_2' title='bbox 1048 127 1482 155; x_wconf 65' lang='lat' dir='ltr'>THEOLOGMJAE.</span> <span class='ocrx_word' id='word_1_3' title='bbox 2043 136 2111 163; x_wconf 71' lang='lat'>201</span> 
     </span>
    </p>
   </div>
   <div class='ocr_carea' id='block_1_2' title="bbox 169 232 2119 1190">
    <p class='ocr_par' dir='ltr' id='par_1_2' title="bbox 172 232 2119 444">
     <span class='ocr_line' id='line_1_2' title="bbox 230 232 2114 285; baseline 0.002 -12"><span class='ocrx_word' id='word_1_4' title='bbox 230 250 288 284; x_wconf 85' lang='lat'>24.</span> <span class='ocrx_word' id='word_1_5' title='bbox 345 237 455 273; x_wconf 83' lang='lat' dir='ltr'>Haec</span> <span class='ocrx_word' id='word_1_6' title='bbox 483 232 700 284; x_wconf 75' lang='lat' dir='ltr'>Tiieologia</span> <span class='ocrx_word' id='word_1_7' title='bbox 726 236 750 271; x_wconf 72' lang='lat' dir='ltr'>a</span> <span class='ocrx_word' id='word_1_8' title='bbox 778 236 863 272; x_wconf 77' lang='lat' dir='ltr'>Deo</span> <span class='ocrx_word' id='word_1_9' title='bbox 894 233 1028 273; x_wconf 57' lang='lat' dir='ltr'>natura</span> <span class='ocrx_word' id='word_1_10' title='bbox 1058 233 1428 285; x_wconf 70' lang='lat' dir='ltr'>inditur,aliturque</span> <span class='ocrx_word' id='word_1_11' title='bbox 1446 237 1691 275; x_wconf 69' lang='lat' dir='ltr'>documentis</span> <span class='ocrx_word' id='word_1_12' title='bbox 1707 249 1911 285; x_wconf 51' lang='lat' dir='ltr'>sensuum.</span> <span class='ocrx_word' id='word_1_13' title='bbox 1929 239 2087 277; x_wconf 48' lang='lat' dir='ltr'>rationis·</span> <span class='ocrx_word' id='word_1_14' title='bbox 2106 271 2114 284; x_wconf 76' lang='grc'>.,</span> 
     </span>
     <span class='ocr_line' id='line_1_3' title="bbox 174 287 2115 342; baseline 0.002 -15"><span class='ocrx_word' id='word_1_15' title='bbox 174 292 208 327; x_wconf 61' lang='grc' dir='ltr'>ἃ</span> <span class='ocrx_word' id='word_1_16' title='bbox 251 287 464 327; x_wconf 66' lang='lat' dir='ltr'>autoritatis</span> <span class='ocrx_word' id='word_1_17' title='bbox 505 287 732 325; x_wconf 85' lang='lat' dir='ltr'>doctorum:</span> <span class='ocrx_word' id='word_1_18' title='bbox 768 287 943 326; x_wconf 85' lang='lat' dir='ltr'>omnium</span> <span class='ocrx_word' id='word_1_19' title='bbox 978 288 1181 326; x_wconf 88' lang='lat' dir='ltr'>hominum</span> <span class='ocrx_word' id='word_1_20' title='bbox 1222 290 1442 328; x_wconf 73' lang='lat' dir='ltr'>communis</span> <span class='ocrx_word' id='word_1_21' title='bbox 1470 298 1547 328; x_wconf 77' lang='lat' dir='ltr'>est:</span> <span class='ocrx_word' id='word_1_22' title='bbox 1578 291 1725 342; x_wconf 72' lang='lat' dir='ltr'>semina</span> <span class='ocrx_word' id='word_1_23' title='bbox 1755 292 1947 339; x_wconf 80' lang='lat' dir='ltr'>quaedam</span> <span class='ocrx_word' id='word_1_24' title='bbox 1979 293 2115 341; x_wconf 84' lang='lat' dir='ltr'>princi-</span> 
     </span>
     <span class='ocr_line' id='line_1_4' title="bbox 175 341 2119 396; baseline 0.003 -17"><span class='ocrx_word' id='word_1_25' title='bbox 175 343 313 393; x_wconf 67' lang='lat' dir='ltr'>piaque</span> <span class='ocrx_word' id='word_1_26' title='bbox 342 343 459 380; x_wconf 79' lang='lat' dir='ltr'>habet</span> <span class='ocrx_word' id='word_1_27' title='bbox 488 352 601 378; x_wconf 89' lang='lat' dir='ltr'>verae</span> <span class='ocrx_word' id='word_1_28' title='bbox 625 341 888 391; x_wconf 64' lang='lat' dir='ltr'>Theologiae,</span> <span class='ocrx_word' id='word_1_29' title='bbox 917 349 1106 391; x_wconf 83' lang='lat' dir='ltr'>quatenus</span> <span class='ocrx_word' id='word_1_30' title='bbox 1137 343 1179 379; x_wconf 75' lang='grc' dir='ltr'>τὸ</span> <span class='ocrx_word' id='word_1_31' title='bbox 1208 342 1354 393; x_wconf 77' lang='grc' dir='ltr'><strong><em>γνωςὸν</em></strong></span> <span class='ocrx_word' id='word_1_32' title='bbox 1383 347 1451 381; x_wconf 79' lang='grc' dir='ltr'>τοῦ</span> <span class='ocrx_word' id='word_1_33' title='bbox 1480 344 1568 381; x_wconf 77' lang='grc' dir='ltr'><em>θεοῦ</em></span> <span class='ocrx_word' id='word_1_34' title='bbox 1600 344 1847 382; x_wconf 82' lang='lat' dir='ltr'>manifestum</span> <span class='ocrx_word' id='word_1_35' title='bbox 1871 351 1928 383; x_wconf 88' lang='lat' dir='ltr'>est</span> <span class='ocrx_word' id='word_1_36' title='bbox 1952 345 1988 383; x_wconf 90' lang='lat' dir='ltr'>in</span> <span class='ocrx_word' id='word_1_37' title='bbox 2007 346 2119 396; x_wconf 73' lang='lat' dir='ltr'>ipsis;</span> 
     </span>
     <span class='ocr_line' id='line_1_5' title="bbox 172 394 1033 444; baseline -0.002 -10"><span class='ocrx_word' id='word_1_38' title='bbox 172 399 206 434; x_wconf 58' lang='grc' dir='ltr'>ἃ*</span> <span class='ocrx_word' id='word_1_39' title='bbox 238 394 382 434; x_wconf 85' lang='lat' dir='ltr'>nemini</span> <span class='ocrx_word' id='word_1_40' title='bbox 411 407 494 433; x_wconf 87' lang='lat' dir='ltr'>esse</span> <span class='ocrx_word' id='word_1_41' title='bbox 523 399 651 444; x_wconf 85' lang='lat' dir='ltr'>potest</span> <span class='ocrx_word' id='word_1_42' title='bbox 680 407 748 444; x_wconf 89' lang='lat' dir='ltr'>per</span> <span class='ocrx_word' id='word_1_43' title='bbox 778 407 818 432; x_wconf 91' lang='lat' dir='ltr'>se</span> <span class='ocrx_word' id='word_1_44' title='bbox 848 394 1033 432; x_wconf 83' lang='lat' dir='ltr'>salutaris.</span> 
     </span>
    </p>

    <p class='ocr_par' dir='ltr' id='par_1_3' title="bbox 171 447 2118 713">
     <span class='ocr_line' id='line_1_6' title="bbox 229 447 2118 499; baseline 0.002 -13"><span class='ocrx_word' id='word_1_45' title='bbox 229 459 288 499; x_wconf 90' lang='lat'>25.</span> <span class='ocrx_word' id='word_1_46' title='bbox 344 448 666 499; x_wconf 60' lang='lat' dir='ltr'>Szsperszatmnzlis</span> <span class='ocrx_word' id='word_1_47' title='bbox 696 448 754 485; x_wconf 85' lang='lat' dir='ltr'>vel</span> <span class='ocrx_word' id='word_1_48' title='bbox 783 447 968 497; x_wconf 86' lang='lat' dir='ltr'>inspirata</span> <span class='ocrx_word' id='word_1_49' title='bbox 994 447 1199 486; x_wconf 86' lang='lat' dir='ltr'>hominum</span> <span class='ocrx_word' id='word_1_50' title='bbox 1228 449 1446 499; x_wconf 79' lang='lat' dir='ltr'>Theologia</span> <span class='ocrx_word' id='word_1_51' title='bbox 1475 457 1531 488; x_wconf 91' lang='lat' dir='ltr'>est</span> <span class='ocrx_word' id='word_1_52' title='bbox 1560 462 1648 499; x_wconf 88' lang='lat' dir='ltr'>pars</span> <span class='ocrx_word' id='word_1_53' title='bbox 1678 463 1790 488; x_wconf 87' lang='lat' dir='ltr'>verae</span> <span class='ocrx_word' id='word_1_54' title='bbox 1822 450 1922 489; x_wconf 83' lang='lat' dir='ltr'>illius</span> <span class='ocrx_word' id='word_1_55' title='bbox 1948 452 2118 490; x_wconf 79' lang='lat' dir='ltr'>diuinae-</span> 
     </span>
     <span class='ocr_line' id='line_1_7' title="bbox 172 499 2118 553; baseline 0.003 -16"><span class='ocrx_word' id='word_1_56' title='bbox 172 514 247 551; x_wconf 71' lang='lat' dir='ltr'>que</span> <span class='ocrx_word' id='word_1_57' title='bbox 275 499 537 550; x_wconf 64' lang='lat' dir='ltr'>Theologiae,</span> <span class='ocrx_word' id='word_1_58' title='bbox 566 511 665 549; x_wconf 82' lang='lat' dir='ltr'>quae</span> <span class='ocrx_word' id='word_1_59' title='bbox 695 502 745 538; x_wconf 83' lang='lat' dir='ltr'>ad</span> <span class='ocrx_word' id='word_1_60' title='bbox 773 502 987 539; x_wconf 80' lang='lat' dir='ltr'>naturalem</span> <span class='ocrx_word' id='word_1_61' title='bbox 1015 501 1221 539; x_wconf 73' lang='lat' dir='ltr'>adhibetur</span> <span class='ocrx_word' id='word_1_62' title='bbox 1249 514 1317 550; x_wconf 89' lang='lat' dir='ltr'>per</span> <span class='ocrx_word' id='word_1_63' title='bbox 1347 501 1419 540; x_wconf 92' lang='lat' dir='ltr'>Dei</span> <span class='ocrx_word' id='word_1_64' title='bbox 1446 502 1610 553; x_wconf 80' lang='lat' dir='ltr'>gratiam</span> <span class='ocrx_word' id='word_1_65' title='bbox 1637 503 1780 553; x_wconf 89' lang='lat' dir='ltr'>Spiritu</span> <span class='ocrx_word' id='word_1_66' title='bbox 1796 503 1963 553; x_wconf 85' lang='lat' dir='ltr'>ipsius&amp;</span> <span class='ocrx_word' id='word_1_67' title='bbox 1982 505 2118 542; x_wconf 81' lang='lat' dir='ltr'>instru-</span> 
     </span>
     <span class='ocr_line' id='line_1_8' title="bbox 172 552 2114 605; baseline 0.002 -12"><span class='ocrx_word' id='word_1_68' title='bbox 172 562 305 593; x_wconf 90' lang='lat' dir='ltr'>mento</span> <span class='ocrx_word' id='word_1_69' title='bbox 336 552 547 604; x_wconf 87' lang='lat' dir='ltr'>praedicati</span> <span class='ocrx_word' id='word_1_70' title='bbox 577 554 683 592; x_wconf 89' lang='lat' dir='ltr'>verbi</span> <span class='ocrx_word' id='word_1_71' title='bbox 711 567 757 592; x_wconf 83' lang='lat' dir='ltr'>ac</span> <span class='ocrx_word' id='word_1_72' title='bbox 786 554 1006 604; x_wconf 83' lang='lat' dir='ltr'>Scripturae</span> <span class='ocrx_word' id='word_1_73' title='bbox 1031 567 1182 605; x_wconf 81' lang='lat' dir='ltr'>sacrae3</span> <span class='ocrx_word' id='word_1_74' title='bbox 1207 567 1296 604; x_wconf 77' lang='lat' dir='ltr'>neq.</span> <span class='ocrx_word' id='word_1_75' title='bbox 1314 555 1492 594; x_wconf 90' lang='lat' dir='ltr'>omnium</span> <span class='ocrx_word' id='word_1_76' title='bbox 1509 556 1731 604; x_wconf 73' lang='lat' dir='ltr'>hominum,</span> <span class='ocrx_word' id='word_1_77' title='bbox 1749 556 1816 595; x_wconf 90' lang='lat' dir='ltr'>sed</span> <span class='ocrx_word' id='word_1_78' title='bbox 1831 559 2114 596; x_wconf 74' lang='lat' dir='ltr'>nonnullorum</span> 
     </span>
     <span class='ocr_line' id='line_1_9' title="bbox 172 605 2116 660; baseline 0.002 -14"><span class='ocrx_word' id='word_1_79' title='bbox 172 608 358 646; x_wconf 82' lang='lat' dir='ltr'>duntaxat</span> <span class='ocrx_word' id='word_1_80' title='bbox 387 605 606 645; x_wconf 90' lang='lat' dir='ltr'>communis</span> <span class='ocrx_word' id='word_1_81' title='bbox 635 614 709 644; x_wconf 86' lang='lat' dir='ltr'>est:</span> <span class='ocrx_word' id='word_1_82' title='bbox 741 608 857 645; x_wconf 89' lang='lat' dir='ltr'>habet</span> <span class='ocrx_word' id='word_1_83' title='bbox 886 614 1013 657; x_wconf 77' lang='lat' dir='ltr'>partes</span> <span class='ocrx_word' id='word_1_84' title='bbox 1042 608 1189 657; x_wconf 86' lang='lat' dir='ltr'>aliquas</span> <span class='ocrx_word' id='word_1_85' title='bbox 1218 619 1331 646; x_wconf 88' lang='lat' dir='ltr'>verae</span> <span class='ocrx_word' id='word_1_86' title='bbox 1359 609 1624 660; x_wconf 69' lang='lat' dir='ltr'>Theologiae,</span> <span class='ocrx_word' id='word_1_87' title='bbox 1663 609 1840 659; x_wconf 87' lang='lat' dir='ltr'>quamuis</span> <span class='ocrx_word' id='word_1_88' title='bbox 1871 609 2116 660; x_wconf 71' lang='lat' dir='ltr'>imperfecte:</span> 
     </span>
     <span class='ocr_line' id='line_1_10' title="bbox 171 659 2117 713; baseline 0.002 -14"><span class='ocrx_word' id='word_1_89' title='bbox 171 664 206 699; x_wconf 67' lang='grc' dir='ltr'>δι</span> <span class='ocrx_word' id='word_1_90' title='bbox 236 660 334 698; x_wconf 88' lang='lat' dir='ltr'>inest</span> <span class='ocrx_word' id='word_1_91' title='bbox 360 659 419 698; x_wconf 90' lang='lat' dir='ltr'>his</span> <span class='ocrx_word' id='word_1_92' title='bbox 448 659 607 709; x_wconf 84' lang='lat' dir='ltr'>quidem</span> <span class='ocrx_word' id='word_1_93' title='bbox 636 660 870 698; x_wconf 89' lang='lat' dir='ltr'>sufficienter</span> <span class='ocrx_word' id='word_1_94' title='bbox 900 661 949 698; x_wconf 85' lang='lat' dir='ltr'>ad</span> <span class='ocrx_word' id='word_1_95' title='bbox 977 661 1160 710; x_wconf 68' lang='lat' dir='ltr'>salutem,</span> <span class='ocrx_word' id='word_1_96' title='bbox 1184 660 1258 698; x_wconf 89' lang='lat' dir='ltr'>illis</span> <span class='ocrx_word' id='word_1_97' title='bbox 1273 664 1367 700; x_wconf 83' lang='lat' dir='ltr'>vero</span> <span class='ocrx_word' id='word_1_98' title='bbox 1385 662 1595 701; x_wconf 90' lang='lat' dir='ltr'>efficaciter</span> <span class='ocrx_word' id='word_1_99' title='bbox 1610 663 1658 701; x_wconf 84' lang='lat' dir='ltr'>ad</span> <span class='ocrx_word' id='word_1_100' title='bbox 1675 662 1911 701; x_wconf 88' lang='lat' dir='ltr'>euictionem</span> <span class='ocrx_word' id='word_1_101' title='bbox 1928 663 2117 713; x_wconf 86' lang='lat' dir='ltr'>ipsorum.</span> 
     </span>
    </p>

    <p class='ocr_par' dir='ltr' id='par_1_4' title="bbox 170 712 2119 926">
     <span class='ocr_line' id='line_1_11' title="bbox 228 712 2119 766; baseline 0.001 -14"><span class='ocrx_word' id='word_1_102' title='bbox 228 716 288 752; x_wconf 90' lang='lat'>26.</span> <span class='ocrx_word' id='word_1_103' title='bbox 343 712 538 751; x_wconf 88' lang='lat' dir='ltr'>Naturalis</span> <span class='ocrx_word' id='word_1_104' title='bbox 566 712 695 762; x_wconf 84' lang='lat' dir='ltr'>itaque</span> <span class='ocrx_word' id='word_1_105' title='bbox 724 714 943 764; x_wconf 81' lang='lat' dir='ltr'>Theologia</span> <span class='ocrx_word' id='word_1_106' title='bbox 971 714 1147 752; x_wconf 90' lang='lat' dir='ltr'>omnium</span> <span class='ocrx_word' id='word_1_107' title='bbox 1177 713 1381 752; x_wconf 86' lang='lat' dir='ltr'>hominum</span> <span class='ocrx_word' id='word_1_108' title='bbox 1411 716 1632 755; x_wconf 89' lang='lat' dir='ltr'>communis</span> <span class='ocrx_word' id='word_1_109' title='bbox 1663 723 1740 766; x_wconf 65' lang='lat' dir='ltr'>est7</span> <span class='ocrx_word' id='word_1_110' title='bbox 1770 715 1965 766; x_wconf 85' lang='lat' dir='ltr'>inquibus</span> <span class='ocrx_word' id='word_1_111' title='bbox 1981 729 2119 755; x_wconf 77' lang='lat' dir='ltr'>secur:-</span> 
     </span>
     <span class='ocr_line' id='line_1_12' title="bbox 171 765 2117 819; baseline 0.002 -15"><span class='ocrx_word' id='word_1_112' title='bbox 171 768 264 805; x_wconf 79' lang='lat' dir='ltr'>‹lum</span> <span class='ocrx_word' id='word_1_113' title='bbox 299 768 385 817; x_wconf 80' lang='lat' dir='ltr'>plus</span> <span class='ocrx_word' id='word_1_114' title='bbox 423 766 458 804; x_wconf 70' lang='grc' dir='ltr'>δε</span> <span class='ocrx_word' id='word_1_115' title='bbox 497 765 621 803; x_wconf 88' lang='lat' dir='ltr'>minus</span> <span class='ocrx_word' id='word_1_116' title='bbox 653 766 917 817; x_wconf 82' lang='lat' dir='ltr'>distinguitur:</span> <span class='ocrx_word' id='word_1_117' title='bbox 948 767 1131 816; x_wconf 88' lang='lat' dir='ltr'>inspirata</span> <span class='ocrx_word' id='word_1_118' title='bbox 1159 767 1408 818; x_wconf 88' lang='lat' dir='ltr'>quorundam</span> <span class='ocrx_word' id='word_1_119' title='bbox 1437 770 1586 817; x_wconf 59' lang='lat' dir='ltr'>solum,</span> <span class='ocrx_word' id='word_1_120' title='bbox 1617 769 1794 819; x_wconf 88' lang='lat' dir='ltr'>quamuis</span> <span class='ocrx_word' id='word_1_121' title='bbox 1823 771 1963 808; x_wconf 87' lang='lat' dir='ltr'>effectu</span> <span class='ocrx_word' id='word_1_122' title='bbox 1994 771 2117 808; x_wconf 80' lang='lat' dir='ltr'>‹liuer-</span> 
     </span>
     <span class='ocr_line' id='line_1_13' title="bbox 170 819 2117 873; baseline 0.002 -15"><span class='ocrx_word' id='word_1_123' title='bbox 170 821 340 858; x_wconf 84' lang='lat' dir='ltr'>sissimo:</span> <span class='ocrx_word' id='word_1_124' title='bbox 369 820 548 857; x_wconf 86' lang='lat' dir='ltr'>absoluta</span> <span class='ocrx_word' id='word_1_125' title='bbox 577 823 669 858; x_wconf 79' lang='lat' dir='ltr'>vero</span> <span class='ocrx_word' id='word_1_126' title='bbox 700 820 863 858; x_wconf 81' lang='lat' dir='ltr'>neminis</span> <span class='ocrx_word' id='word_1_127' title='bbox 893 819 1060 859; x_wconf 88' lang='lat' dir='ltr'>hominis</span> <span class='ocrx_word' id='word_1_128' title='bbox 1088 822 1261 871; x_wconf 82' lang='lat' dir='ltr'>perfecte</span> <span class='ocrx_word' id='word_1_129' title='bbox 1291 819 1532 873; x_wconf 81' lang='lat' dir='ltr'>dicipotest3</span> <span class='ocrx_word' id='word_1_130' title='bbox 1550 835 1596 860; x_wconf 87' lang='lat' dir='ltr'>ac</span> <span class='ocrx_word' id='word_1_131' title='bbox 1622 835 1670 861; x_wconf 89' lang='lat' dir='ltr'>ne</span> <span class='ocrx_word' id='word_1_132' title='bbox 1685 829 1919 861; x_wconf 87' lang='lat' dir='ltr'>cunctorum</span> <span class='ocrx_word' id='word_1_133' title='bbox 1935 823 2117 873; x_wconf 51' lang='lat' dir='ltr'>quidem5</span> 
     </span>
     <span class='ocr_line' id='line_1_14' title="bbox 172 873 1959 926; baseline 0.002 -14"><span class='ocrx_word' id='word_1_134' title='bbox 172 873 357 923; x_wconf 75' lang='lat' dir='ltr'>tantisper</span> <span class='ocrx_word' id='word_1_135' title='bbox 387 874 479 911; x_wconf 82' lang='lat' dir='ltr'>dum</span> <span class='ocrx_word' id='word_1_136' title='bbox 510 885 580 922; x_wconf 88' lang='lat' dir='ltr'>per</span> <span class='ocrx_word' id='word_1_137' title='bbox 607 873 725 912; x_wconf 87' lang='lat' dir='ltr'>fidem</span> <span class='ocrx_word' id='word_1_138' title='bbox 754 874 792 912; x_wconf 92' lang='lat' dir='ltr'>in</span> <span class='ocrx_word' id='word_1_139' title='bbox 821 874 879 912; x_wconf 89' lang='lat' dir='ltr'>his</span> <span class='ocrx_word' id='word_1_140' title='bbox 909 873 1018 912; x_wconf 90' lang='lat' dir='ltr'>terris</span> <span class='ocrx_word' id='word_1_141' title='bbox 1046 875 1259 912; x_wconf 84' lang='lat' dir='ltr'>ambulant.</span> <span class='ocrx_word' id='word_1_142' title='bbox 1296 887 1325 911; x_wconf 95' lang='lat'>1.</span> <span class='ocrx_word' id='word_1_143' title='bbox 1361 876 1448 912; x_wconf 81' lang='lat' dir='ltr'>Cor.</span> <span class='ocrx_word' id='word_1_144' title='bbox 1485 888 1542 925; x_wconf 88' lang='lat'>13.</span> <span class='ocrx_word' id='word_1_145' title='bbox 1574 889 1608 926; x_wconf 89' lang='lat'>9.</span> <span class='ocrx_word' id='word_1_146' title='bbox 1643 890 1676 914; x_wconf 93' lang='lat'>2.</span> <span class='ocrx_word' id='word_1_147' title='bbox 1711 878 1797 914; x_wconf 80' lang='lat' dir='ltr'>Cor.</span> <span class='ocrx_word' id='word_1_148' title='bbox 1828 889 1870 926; x_wconf 88' lang='lat'>3.</span> <span class='ocrx_word' id='word_1_149' title='bbox 1901 879 1959 915; x_wconf 88' lang='lat'>18.</span> 
     </span>
    </p>

    <p class='ocr_par' dir='ltr' id='par_1_5' title="bbox 169 926 2119 1190">
     <span class='ocr_line' id='line_1_15' title="bbox 228 926 2116 977; baseline 0.003 -14"><span class='ocrx_word' id='word_1_150' title='bbox 228 939 286 975; x_wconf 90' lang='lat'>27.</span> <span class='ocrx_word' id='word_1_151' title='bbox 344 927 423 964; x_wconf 88' lang='lat' dir='ltr'>Sed</span> <span class='ocrx_word' id='word_1_152' title='bbox 452 927 654 964; x_wconf 80' lang='lat' dir='ltr'>absolutae</span> <span class='ocrx_word' id='word_1_153' title='bbox 683 926 782 965; x_wconf 88' lang='lat' dir='ltr'>illius</span> <span class='ocrx_word' id='word_1_154' title='bbox 810 926 1052 977; x_wconf 79' lang='lat' dir='ltr'>Theologiae</span> <span class='ocrx_word' id='word_1_155' title='bbox 1081 927 1308 965; x_wconf 90' lang='lat' dir='ltr'>hominibus</span> <span class='ocrx_word' id='word_1_156' title='bbox 1333 940 1379 964; x_wconf 86' lang='lat' dir='ltr'>ex</span> <span class='ocrx_word' id='word_1_157' title='bbox 1400 937 1509 977; x_wconf 85' lang='lat' dir='ltr'>parte</span> <span class='ocrx_word' id='word_1_158' title='bbox 1526 929 1798 967; x_wconf 84' lang='lat' dir='ltr'>admetiendae</span> <span class='ocrx_word' id='word_1_159' title='bbox 1817 928 2116 968; x_wconf 81' lang='lat' dir='ltr'>instrumentum</span> 
     </span>
     <span class='ocr_line' id='line_1_16' title="bbox 171 978 2117 1032; baseline 0.001 -15"><span class='ocrx_word' id='word_1_160' title='bbox 171 981 391 1018; x_wconf 88' lang='lat' dir='ltr'>absolutum</span> <span class='ocrx_word' id='word_1_161' title='bbox 421 978 681 1030; x_wconf 78' lang='lat' dir='ltr'>omnibusque</span> <span class='ocrx_word' id='word_1_162' title='bbox 710 979 880 1019; x_wconf 85' lang='lat' dir='ltr'>numeris</span> <span class='ocrx_word' id='word_1_163' title='bbox 908 981 1125 1030; x_wconf 87' lang='lat' dir='ltr'>perfectum</span> <span class='ocrx_word' id='word_1_164' title='bbox 1155 987 1213 1019; x_wconf 90' lang='lat' dir='ltr'>est</span> <span class='ocrx_word' id='word_1_165' title='bbox 1241 979 1335 1018; x_wconf 88' lang='lat' dir='ltr'>illud</span> <span class='ocrx_word' id='word_1_166' title='bbox 1364 982 1529 1019; x_wconf 87' lang='lat' dir='ltr'>verbum</span> <span class='ocrx_word' id='word_1_167' title='bbox 1564 982 1637 1020; x_wconf 88' lang='lat' dir='ltr'>Dei</span> <span class='ocrx_word' id='word_1_168' title='bbox 1667 982 1985 1032; x_wconf 81' lang='lat' dir='ltr'>praedicatum&amp;</span> <span class='ocrx_word' id='word_1_169' title='bbox 2002 983 2117 1032; x_wconf 79' lang='lat' dir='ltr'>scrip-</span> 
     </span>
     <span class='ocr_line' id='line_1_17' title="bbox 173 1032 2118 1085; baseline 0.002 -14"><span class='ocrx_word' id='word_1_170' title='bbox 173 1041 275 1080; x_wconf 58' lang='lat' dir='ltr'>tum„</span> <span class='ocrx_word' id='word_1_171' title='bbox 306 1034 411 1083; x_wconf 86' lang='lat' dir='ltr'>quod</span> <span class='ocrx_word' id='word_1_172' title='bbox 441 1032 678 1082; x_wconf 88' lang='lat' dir='ltr'>Scripturam</span> <span class='ocrx_word' id='word_1_173' title='bbox 709 1047 858 1072; x_wconf 87' lang='lat' dir='ltr'>sacram</span> <span class='ocrx_word' id='word_1_174' title='bbox 887 1034 1149 1084; x_wconf 84' lang='lat' dir='ltr'>appellamus:</span> <span class='ocrx_word' id='word_1_175' title='bbox 1178 1033 1269 1083; x_wconf 87' lang='lat' dir='ltr'>quia</span> <span class='ocrx_word' id='word_1_176' title='bbox 1297 1034 1506 1085; x_wconf 72' lang='lat' dir='ltr'>Scriptura</span> <span class='ocrx_word' id='word_1_177' title='bbox 1530 1047 1600 1085; x_wconf 90' lang='lat' dir='ltr'>per</span> <span class='ocrx_word' id='word_1_178' title='bbox 1623 1049 1663 1073; x_wconf 90' lang='lat' dir='ltr'>se</span> <span class='ocrx_word' id='word_1_179' title='bbox 1679 1035 1770 1073; x_wconf 91' lang='lat' dir='ltr'>nihil</span> <span class='ocrx_word' id='word_1_180' title='bbox 1790 1043 1847 1074; x_wconf 91' lang='lat' dir='ltr'>est</span> <span class='ocrx_word' id='word_1_181' title='bbox 1862 1035 1984 1083; x_wconf 57' lang='lat' dir='ltr'>aliud„</span> <span class='ocrx_word' id='word_1_182' title='bbox 2001 1039 2118 1085; x_wconf 77' lang='lat' dir='ltr'>quam</span> 
     </span>
     <span class='ocr_line' id='line_1_18' title="bbox 170 1085 2119 1140; baseline 0.002 -16"><span class='ocrx_word' id='word_1_183' title='bbox 170 1087 394 1136; x_wconf 90' lang='lat' dir='ltr'>symbolum</span> <span class='ocrx_word' id='word_1_184' title='bbox 423 1086 752 1125; x_wconf 86' lang='lat' dir='ltr'>absolutissimum</span> <span class='ocrx_word' id='word_1_185' title='bbox 780 1085 1056 1125; x_wconf 85' lang='lat' dir='ltr'>absolutissimi</span> <span class='ocrx_word' id='word_1_186' title='bbox 1085 1087 1184 1126; x_wconf 89' lang='lat' dir='ltr'>illius</span> <span class='ocrx_word' id='word_1_187' title='bbox 1212 1086 1321 1125; x_wconf 92' lang='lat' dir='ltr'>verbi</span> <span class='ocrx_word' id='word_1_188' title='bbox 1350 1088 1458 1137; x_wconf 85' lang='lat' dir='ltr'>quod</span> <span class='ocrx_word' id='word_1_189' title='bbox 1488 1089 1593 1138; x_wconf 90' lang='lat' dir='ltr'>apud</span> <span class='ocrx_word' id='word_1_190' title='bbox 1623 1088 1802 1127; x_wconf 76' lang='lat' dir='ltr'>homines</span> <span class='ocrx_word' id='word_1_191' title='bbox 1828 1089 2119 1140; x_wconf 73' lang='lat' dir='ltr'>pronunciauit,</span> 
     </span>
     <span class='ocr_line' id='line_1_19' title="bbox 169 1139 1114 1190; baseline 0.003 -13"><span class='ocrx_word' id='word_1_192' title='bbox 169 1140 205 1177; x_wconf 88' lang='lat'>&amp;</span> <span class='ocrx_word' id='word_1_193' title='bbox 234 1139 505 1190; x_wconf 87' lang='lat' dir='ltr'>consignatum</span> <span class='ocrx_word' id='word_1_194' title='bbox 536 1140 737 1179; x_wconf 85' lang='lat' dir='ltr'>Ecclesiae</span> <span class='ocrx_word' id='word_1_195' title='bbox 767 1139 962 1179; x_wconf 87' lang='lat' dir='ltr'>commisit</span> <span class='ocrx_word' id='word_1_196' title='bbox 991 1141 1114 1180; x_wconf 91' lang='lat' dir='ltr'>Deus.</span> 
     </span>
    </p>
   </div>
   <div class='ocr_carea' id='block_1_3' title="bbox 169 1431 2117 1474">
    <p class='ocr_par' dir='ltr' id='par_1_6' title="bbox 169 1431 2117 1474">
     <span class='ocr_line' id='line_1_20' title="bbox 169 1431 2117 1474; baseline 0.003 -7"><span class='ocrx_word' id='word_1_197' title='bbox 169 1431 256 1467; x_wconf 93' lang='lat' dir='ltr'>DE</span> <span class='ocrx_word' id='word_1_198' title='bbox 297 1431 785 1469; x_wconf 85' lang='lat' dir='ltr'><strong>DEFINITIONE</strong></span> <span class='ocrx_word' id='word_1_199' title='bbox 827 1433 911 1470; x_wconf 88' lang='lat' dir='ltr'>ET</span> <span class='ocrx_word' id='word_1_200' title='bbox 956 1432 1286 1470; x_wconf 91' lang='lat' dir='ltr'><strong>MATERIA</strong></span> <span class='ocrx_word' id='word_1_201' title='bbox 1324 1432 1786 1472; x_wconf 86' lang='lat' dir='ltr'>SCRIPTVRAE</span> <span class='ocrx_word' id='word_1_202' title='bbox 1830 1436 2117 1474; x_wconf 80' lang='lat' dir='ltr'><strong>SACRAE.</strong></span> 
     </span>
    </p>
   </div>
   <div class='ocr_carea' id='block_1_4' title="bbox 1004 1563 1289 1601">
    <p class='ocr_par' dir='ltr' id='par_1_7' title="bbox 1004 1563 1289 1601">
     <span class='ocr_line' id='line_1_21' title="bbox 1004 1563 1289 1601; baseline 0.007 -3"><span class='ocrx_word' id='word_1_203' title='bbox 1004 1563 1218 1600; x_wconf 81' lang='lat' dir='ltr'>THES1s</span> <span class='ocrx_word' id='word_1_204' title='bbox 1259 1563 1289 1601; x_wconf 95' lang='grc' dir='ltr'>Ι.</span> 
     </span>
    </p>
   </div>
   <div class='ocr_carea' id='block_1_5' title="bbox 166 1677 2127 2898">
    <p class='ocr_par' dir='ltr' id='par_1_8' title="bbox 168 1677 2119 1822">
     <span class='ocr_line' id='line_1_22' title="bbox 222 1677 2119 1732; baseline 0.004 -17"><span class='ocrx_word' id='word_1_205' title='bbox 222 1678 452 1716; x_wconf 79' lang='lat' dir='ltr'>SCRIPTURA</span> <span class='ocrx_word' id='word_1_206' title='bbox 482 1690 592 1716; x_wconf 87' lang='lat' dir='ltr'>sacra</span> <span class='ocrx_word' id='word_1_207' title='bbox 620 1685 678 1716; x_wconf 85' lang='lat' dir='ltr'>est</span> <span class='ocrx_word' id='word_1_208' title='bbox 706 1677 881 1716; x_wconf 85' lang='lat' dir='ltr'>diuinum</span> <span class='ocrx_word' id='word_1_209' title='bbox 919 1678 1218 1718; x_wconf 86' lang='lat' dir='ltr'>instrumentum</span> <span class='ocrx_word' id='word_1_210' title='bbox 1248 1693 1381 1719; x_wconf 89' lang='lat' dir='ltr'>sacrae</span> <span class='ocrx_word' id='word_1_211' title='bbox 1409 1681 1670 1732; x_wconf 59' lang='lat' dir='ltr'>Theologiae,</span> <span class='ocrx_word' id='word_1_212' title='bbox 1696 1696 1742 1721; x_wconf 85' lang='lat' dir='ltr'>ex</span> <span class='ocrx_word' id='word_1_213' title='bbox 1758 1683 1864 1721; x_wconf 86' lang='lat' dir='ltr'>libris</span> <span class='ocrx_word' id='word_1_214' title='bbox 1879 1685 2119 1723; x_wconf 84' lang='lat' dir='ltr'>Testamenti</span> 
     </span>
     <span class='ocr_line' id='line_1_23' title="bbox 168 1730 2119 1786; baseline 0.005 -19"><span class='ocrx_word' id='word_1_215' title='bbox 168 1730 307 1768; x_wconf 91' lang='lat' dir='ltr'>veteris</span> <span class='ocrx_word' id='word_1_216' title='bbox 348 1732 383 1768; x_wconf 85' lang='lat'>&amp;</span> <span class='ocrx_word' id='word_1_217' title='bbox 422 1731 516 1769; x_wconf 89' lang='lat' dir='ltr'>noui</span> <span class='ocrx_word' id='word_1_218' title='bbox 553 1740 759 1777; x_wconf 84' lang='lat' dir='ltr'>constans,</span> <span class='ocrx_word' id='word_1_219' title='bbox 799 1732 982 1771; x_wconf 88' lang='lat' dir='ltr'>diuinitus</span> <span class='ocrx_word' id='word_1_220' title='bbox 1021 1732 1220 1772; x_wconf 87' lang='lat' dir='ltr'>Ecclesiae</span> <span class='ocrx_word' id='word_1_221' title='bbox 1250 1734 1434 1773; x_wconf 88' lang='lat' dir='ltr'>traditum</span> <span class='ocrx_word' id='word_1_222' title='bbox 1464 1736 1513 1773; x_wconf 85' lang='lat' dir='ltr'>ad</span> <span class='ocrx_word' id='word_1_223' title='bbox 1541 1736 1707 1786; x_wconf 83' lang='lat' dir='ltr'>gloriam</span> <span class='ocrx_word' id='word_1_224' title='bbox 1738 1736 1813 1775; x_wconf 87' lang='lat' dir='ltr'>Dei</span> <span class='ocrx_word' id='word_1_225' title='bbox 1840 1739 1876 1775; x_wconf 68' lang='grc' dir='ltr'>δι</span> <span class='ocrx_word' id='word_1_226' title='bbox 1904 1739 2119 1776; x_wconf 76' lang='lat' dir='ltr'>electorum</span> 
     </span>
     <span class='ocr_line' id='line_1_24' title="bbox 169 1785 333 1822; baseline -0.006 0"><span class='ocrx_word' id='word_1_227' title='bbox 169 1785 333 1822; x_wconf 90' lang='lat' dir='ltr'>bonum.</span> 
     </span>
    </p>

    <p class='ocr_par' dir='ltr' id='par_1_9' title="bbox 166 1837 2120 1994">
     <span class='ocr_line' id='line_1_25' title="bbox 223 1837 2118 1895; baseline 0.005 -21"><span class='ocrx_word' id='word_1_228' title='bbox 223 1851 256 1876; x_wconf 92' lang='lat'>2.</span> <span class='ocrx_word' id='word_1_229' title='bbox 312 1839 380 1875; x_wconf 86' lang='lat' dir='ltr'>Est</span> <span class='ocrx_word' id='word_1_230' title='bbox 422 1844 552 1876; x_wconf 80' lang='lat' dir='ltr'>autem</span> <span class='ocrx_word' id='word_1_231' title='bbox 594 1837 796 1888; x_wconf 89' lang='lat' dir='ltr'>proprium</span> <span class='ocrx_word' id='word_1_232' title='bbox 839 1838 1081 1890; x_wconf 86' lang='lat' dir='ltr'>Theologiae</span> <span class='ocrx_word' id='word_1_233' title='bbox 1120 1841 1322 1878; x_wconf 73' lang='lat' dir='ltr'>subiectum</span> <span class='ocrx_word' id='word_1_234' title='bbox 1352 1842 1480 1892; x_wconf 72' lang='lat' dir='ltr'>Deus7</span> <span class='ocrx_word' id='word_1_235' title='bbox 1512 1842 1546 1879; x_wconf 75' lang='grc' dir='ltr'>δι</span> <span class='ocrx_word' id='word_1_236' title='bbox 1576 1855 1636 1880; x_wconf 90' lang='lat' dir='ltr'>res</span> <span class='ocrx_word' id='word_1_237' title='bbox 1665 1842 1839 1895; x_wconf 75' lang='lat' dir='ltr'>diuinae3</span> <span class='ocrx_word' id='word_1_238' title='bbox 1867 1853 1984 1893; x_wconf 90' lang='lat' dir='ltr'>prout</span> <span class='ocrx_word' id='word_1_239' title='bbox 2013 1858 2054 1883; x_wconf 88' lang='lat' dir='ltr'>se</span> <span class='ocrx_word' id='word_1_240' title='bbox 2084 1848 2118 1884; x_wconf 57' lang='grc' dir='ltr'>ἃ</span> 
     </span>
     <span class='ocr_line' id='line_1_26' title="bbox 167 1891 2120 1946; baseline 0.005 -19"><span class='ocrx_word' id='word_1_241' title='bbox 167 1903 227 1928; x_wconf 81' lang='lat' dir='ltr'>res</span> <span class='ocrx_word' id='word_1_242' title='bbox 269 1902 357 1929; x_wconf 85' lang='lat' dir='ltr'>suas</span> <span class='ocrx_word' id='word_1_243' title='bbox 396 1891 584 1941; x_wconf 87' lang='lat' dir='ltr'>cognosci</span> <span class='ocrx_word' id='word_1_244' title='bbox 626 1891 768 1941; x_wconf 75' lang='lat' dir='ltr'>voluit,</span> <span class='ocrx_word' id='word_1_245' title='bbox 797 1893 833 1930; x_wconf 85' lang='lat'>&amp;</span> <span class='ocrx_word' id='word_1_246' title='bbox 856 1893 1093 1933; x_wconf 82' lang='lat' dir='ltr'>reuelatione</span> <span class='ocrx_word' id='word_1_247' title='bbox 1123 1896 1448 1944; x_wconf 86' lang='lat' dir='ltr'>cognoscendum</span> <span class='ocrx_word' id='word_1_248' title='bbox 1478 1895 1593 1934; x_wconf 89' lang='lat' dir='ltr'>nobis</span> <span class='ocrx_word' id='word_1_249' title='bbox 1621 1896 1829 1946; x_wconf 86' lang='lat' dir='ltr'>proposuit</span> <span class='ocrx_word' id='word_1_250' title='bbox 1858 1898 1983 1937; x_wconf 85' lang='lat' dir='ltr'>Deus:</span> <span class='ocrx_word' id='word_1_251' title='bbox 2015 1899 2120 1937; x_wconf 85' lang='lat' dir='ltr'>idem</span> 
     </span>
     <span class='ocr_line' id='line_1_27' title="bbox 166 1943 792 1994; baseline 0.003 -13"><span class='ocrx_word' id='word_1_252' title='bbox 166 1951 223 1981; x_wconf 87' lang='lat' dir='ltr'>est</span> <span class='ocrx_word' id='word_1_253' title='bbox 252 1943 366 1994; x_wconf 85' lang='lat' dir='ltr'>igitur</span> <span class='ocrx_word' id='word_1_254' title='bbox 394 1944 615 1994; x_wconf 78' lang='lat' dir='ltr'>Scripturae</span> <span class='ocrx_word' id='word_1_255' title='bbox 646 1958 792 1983; x_wconf 87' lang='lat' dir='ltr'>sacrae.</span> 
     </span>
    </p>

    <p class='ocr_par' dir='ltr' id='par_1_10' title="bbox 166 1997 2118 2155">
     <span class='ocr_line' id='line_1_28' title="bbox 220 1997 2118 2047; baseline 0.004 -12"><span class='ocrx_word' id='word_1_256' title='bbox 220 2010 255 2045; x_wconf 83' lang='lat'>3.</span> <span class='ocrx_word' id='word_1_257' title='bbox 313 1999 452 2036; x_wconf 86' lang='lat' dir='ltr'>Sacrae</span> <span class='ocrx_word' id='word_1_258' title='bbox 483 1997 706 2047; x_wconf 78' lang='lat' dir='ltr'>scripturae</span> <span class='ocrx_word' id='word_1_259' title='bbox 735 1998 935 2036; x_wconf 87' lang='lat' dir='ltr'>materiam</span> <span class='ocrx_word' id='word_1_260' title='bbox 965 1999 1015 2038; x_wconf 88' lang='lat' dir='ltr'>ad</span> <span class='ocrx_word' id='word_1_261' title='bbox 1044 2000 1370 2039; x_wconf 86' lang='lat' dir='ltr'>commoditatem</span> <span class='ocrx_word' id='word_1_262' title='bbox 1398 2002 1569 2041; x_wconf 91' lang='lat' dir='ltr'>docendi</span> <span class='ocrx_word' id='word_1_263' title='bbox 1584 2002 1648 2041; x_wconf 65' lang='lat' dir='ltr'>hic</span> <span class='ocrx_word' id='word_1_264' title='bbox 1665 2002 1820 2041; x_wconf 90' lang='lat' dir='ltr'>duobus</span> <span class='ocrx_word' id='word_1_265' title='bbox 1837 2002 1965 2041; x_wconf 81' lang='lat' dir='ltr'>modis</span> <span class='ocrx_word' id='word_1_266' title='bbox 1985 2002 2118 2042; x_wconf 87' lang='lat' dir='ltr'>distin-</span> 
     </span>
     <span class='ocr_line' id='line_1_29' title="bbox 166 2051 2117 2106; baseline 0.004 -18"><span class='ocrx_word' id='word_1_267' title='bbox 166 2051 338 2100; x_wconf 87' lang='lat' dir='ltr'>guimus:</span> <span class='ocrx_word' id='word_1_268' title='bbox 368 2051 538 2101; x_wconf 79' lang='lat' dir='ltr'>primum</span> <span class='ocrx_word' id='word_1_269' title='bbox 567 2051 716 2090; x_wconf 87' lang='lat' dir='ltr'>ratione</span> <span class='ocrx_word' id='word_1_270' title='bbox 748 2051 928 2098; x_wconf 79' lang='lat' dir='ltr'>subiecti,</span> <span class='ocrx_word' id='word_1_271' title='bbox 960 2056 1038 2103; x_wconf 79' lang='lat' dir='ltr'>qua</span> <span class='ocrx_word' id='word_1_272' title='bbox 1066 2061 1123 2092; x_wconf 91' lang='lat' dir='ltr'>est</span> <span class='ocrx_word' id='word_1_273' title='bbox 1151 2054 1395 2105; x_wconf 88' lang='lat' dir='ltr'>Theologiae</span> <span class='ocrx_word' id='word_1_274' title='bbox 1424 2055 1745 2106; x_wconf 65' lang='lat' dir='ltr'>instrumentumg</span> <span class='ocrx_word' id='word_1_275' title='bbox 1775 2058 1950 2095; x_wconf 79' lang='lat' dir='ltr'>secundo</span> <span class='ocrx_word' id='word_1_276' title='bbox 1966 2058 2117 2096; x_wconf 87' lang='lat' dir='ltr'>ratione</span> 
     </span>
     <span class='ocr_line' id='line_1_30' title="bbox 166 2104 1219 2155; baseline 0.005 -14"><span class='ocrx_word' id='word_1_277' title='bbox 166 2104 351 2153; x_wconf 68' lang='lat' dir='ltr'>partium,</span> <span class='ocrx_word' id='word_1_278' title='bbox 381 2107 458 2154; x_wconf 75' lang='lat' dir='ltr'>qua</span> <span class='ocrx_word' id='word_1_279' title='bbox 485 2104 673 2155; x_wconf 89' lang='lat' dir='ltr'>scripturn</span> <span class='ocrx_word' id='word_1_280' title='bbox 702 2113 759 2144; x_wconf 86' lang='lat' dir='ltr'>est</span> <span class='ocrx_word' id='word_1_281' title='bbox 788 2104 1094 2145; x_wconf 88' lang='lat' dir='ltr'>instrumentum</span> <span class='ocrx_word' id='word_1_282' title='bbox 1123 2107 1219 2146; x_wconf 90' lang='lat' dir='ltr'>eius.</span> 
     </span>
    </p>

    <p class='ocr_par' dir='ltr' id='par_1_11' title="bbox 166 2158 2122 2268">
     <span class='ocr_line' id='line_1_31' title="bbox 221 2158 2122 2214; baseline 0.004 -19"><span class='ocrx_word' id='word_1_283' title='bbox 221 2171 257 2204; x_wconf 86' lang='lat'>4.</span> <span class='ocrx_word' id='word_1_284' title='bbox 313 2158 526 2197; x_wconf 75' lang='lat' dir='ltr'>Subiectum</span> <span class='ocrx_word' id='word_1_285' title='bbox 564 2159 599 2196; x_wconf 89' lang='lat'>&amp;</span> <span class='ocrx_word' id='word_1_286' title='bbox 628 2161 793 2197; x_wconf 79' lang='lat' dir='ltr'>materia</span> <span class='ocrx_word' id='word_1_287' title='bbox 823 2158 1045 2209; x_wconf 88' lang='lat' dir='ltr'>Scripturae</span> <span class='ocrx_word' id='word_1_288' title='bbox 1073 2161 1187 2200; x_wconf 91' lang='lat' dir='ltr'>huius</span> <span class='ocrx_word' id='word_1_289' title='bbox 1223 2168 1280 2200; x_wconf 84' lang='lat' dir='ltr'>est</span> <span class='ocrx_word' id='word_1_290' title='bbox 1310 2162 1476 2212; x_wconf 84' lang='lat' dir='ltr'>duplex:</span> <span class='ocrx_word' id='word_1_291' title='bbox 1506 2174 1645 2214; x_wconf 80' lang='lat' dir='ltr'>vnum⁷</span> <span class='ocrx_word' id='word_1_292' title='bbox 1674 2163 1900 2214; x_wconf 73' lang='lat' dir='ltr'>proprium7</span> <span class='ocrx_word' id='word_1_293' title='bbox 1930 2166 1992 2202; x_wconf 90' lang='lat' dir='ltr'>vel</span> <span class='ocrx_word' id='word_1_294' title='bbox 2021 2176 2122 2202; x_wconf 81' lang='lat' dir='ltr'>suni-</span> 
     </span>
     <span class='ocr_line' id='line_1_32' title="bbox 166 2210 2002 2268; baseline 0.004 -20"><span class='ocrx_word' id='word_1_295' title='bbox 166 2223 292 2249; x_wconf 83' lang='lat' dir='ltr'>mum:</span> <span class='ocrx_word' id='word_1_296' title='bbox 323 2212 505 2260; x_wconf 58' lang='lat' dir='ltr'>alterum.</span> <span class='ocrx_word' id='word_1_297' title='bbox 534 2210 692 2250; x_wconf 88' lang='lat' dir='ltr'>inferius</span> <span class='ocrx_word' id='word_1_298' title='bbox 720 2213 782 2250; x_wconf 90' lang='lat' dir='ltr'>vel</span> <span class='ocrx_word' id='word_1_299' title='bbox 811 2213 1107 2264; x_wconf 73' lang='lat' dir='ltr'>secundarium,</span> <span class='ocrx_word' id='word_1_300' title='bbox 1136 2215 1172 2252; x_wconf 86' lang='lat'>&amp;</span> <span class='ocrx_word' id='word_1_301' title='bbox 1201 2215 1451 2254; x_wconf 87' lang='lat' dir='ltr'>ordinatione</span> <span class='ocrx_word' id='word_1_302' title='bbox 1479 2216 1529 2254; x_wconf 82' lang='lat' dir='ltr'>ad</span> <span class='ocrx_word' id='word_1_303' title='bbox 1559 2228 1760 2255; x_wconf 88' lang='lat' dir='ltr'>summum</span> <span class='ocrx_word' id='word_1_304' title='bbox 1790 2217 2002 2268; x_wconf 87' lang='lat' dir='ltr'>pertinens.</span> 
     </span>
    </p>

    <p class='ocr_par' dir='ltr' id='par_1_12' title="bbox 168 2266 2122 2535">
     <span class='ocr_line' id='line_1_33' title="bbox 221 2266 2121 2321; baseline 0.004 -19"><span class='ocrx_word' id='word_1_305' title='bbox 221 2275 254 2314; x_wconf 89' lang='lat'>5.</span> <span class='ocrx_word' id='word_1_306' title='bbox 312 2266 526 2316; x_wconf 72' lang='lat' dir='ltr'>Proprium</span> <span class='ocrx_word' id='word_1_307' title='bbox 556 2269 827 2316; x_wconf 81' lang='lat' dir='ltr'>summumque</span> <span class='ocrx_word' id='word_1_308' title='bbox 856 2266 1076 2305; x_wconf 91' lang='lat' dir='ltr'>subiectum</span> <span class='ocrx_word' id='word_1_309' title='bbox 1105 2276 1162 2307; x_wconf 91' lang='lat' dir='ltr'>est</span> <span class='ocrx_word' id='word_1_310' title='bbox 1191 2270 1319 2307; x_wconf 90' lang='lat' dir='ltr'>Deus:</span> <span class='ocrx_word' id='word_1_311' title='bbox 1348 2281 1425 2319; x_wconf 88' lang='lat' dir='ltr'>qua</span> <span class='ocrx_word' id='word_1_312' title='bbox 1453 2269 1492 2307; x_wconf 92' lang='lat' dir='ltr'>in</span> <span class='ocrx_word' id='word_1_313' title='bbox 1522 2270 1684 2309; x_wconf 85' lang='lat' dir='ltr'>materia</span> <span class='ocrx_word' id='word_1_314' title='bbox 1711 2270 1764 2308; x_wconf 87' lang='lat' dir='ltr'>ita</span> <span class='ocrx_word' id='word_1_315' title='bbox 1793 2278 1968 2309; x_wconf 87' lang='lat' dir='ltr'>versatur</span> <span class='ocrx_word' id='word_1_316' title='bbox 1997 2270 2121 2321; x_wconf 88' lang='lat' dir='ltr'>Scrip-</span> 
     </span>
     <span class='ocr_line' id='line_1_34' title="bbox 168 2318 2120 2374; baseline 0.004 -19"><span class='ocrx_word' id='word_1_317' title='bbox 168 2324 269 2367; x_wconf 63' lang='lat' dir='ltr'>tura,</span> <span class='ocrx_word' id='word_1_318' title='bbox 302 2326 342 2356; x_wconf 83' lang='lat' dir='ltr'>vt</span> <span class='ocrx_word' id='word_1_319' title='bbox 370 2321 488 2368; x_wconf 81' lang='lat' dir='ltr'>quam</span> <span class='ocrx_word' id='word_1_320' title='bbox 516 2318 802 2368; x_wconf 86' lang='lat' dir='ltr'>propriissimas</span> <span class='ocrx_word' id='word_1_321' title='bbox 824 2320 1169 2360; x_wconf 82' lang='lat' dir='ltr'>determinationes</span> <span class='ocrx_word' id='word_1_322' title='bbox 1185 2322 1235 2360; x_wconf 91' lang='lat' dir='ltr'>de</span> <span class='ocrx_word' id='word_1_323' title='bbox 1262 2323 1369 2372; x_wconf 61' lang='lat' dir='ltr'>Deo,</span> <span class='ocrx_word' id='word_1_324' title='bbox 1385 2330 1425 2361; x_wconf 91' lang='lat' dir='ltr'>vt</span> <span class='ocrx_word' id='word_1_325' title='bbox 1440 2322 1566 2373; x_wconf 69' lang='lat' dir='ltr'>prima</span> <span class='ocrx_word' id='word_1_326' title='bbox 1582 2328 1775 2374; x_wconf 73' lang='lat' dir='ltr'>summaq.</span> <span class='ocrx_word' id='word_1_327' title='bbox 1792 2336 1911 2363; x_wconf 85' lang='lat' dir='ltr'>causa</span> <span class='ocrx_word' id='word_1_328' title='bbox 1923 2355 1933 2374; x_wconf 67' lang='lat'>,</span> <span class='ocrx_word' id='word_1_329' title='bbox 1949 2325 2120 2363; x_wconf 77' lang='lat' dir='ltr'>adferat:</span> 
     </span>
     <span class='ocr_line' id='line_1_35' title="bbox 168 2371 2121 2427; baseline 0.004 -19"><span class='ocrx_word' id='word_1_330' title='bbox 168 2384 246 2408; x_wconf 88' lang='lat' dir='ltr'>non</span> <span class='ocrx_word' id='word_1_331' title='bbox 277 2373 404 2409; x_wconf 80' lang='lat' dir='ltr'>solum</span> <span class='ocrx_word' id='word_1_332' title='bbox 435 2371 649 2410; x_wconf 76' lang='lat' dir='ltr'>secundum</span> <span class='ocrx_word' id='word_1_333' title='bbox 665 2372 761 2411; x_wconf 87' lang='lat' dir='ltr'>illud</span> <span class='ocrx_word' id='word_1_334' title='bbox 791 2373 937 2424; x_wconf 77' lang='grc' dir='ltr'><em>γνωςὸν</em></span> <span class='ocrx_word' id='word_1_335' title='bbox 967 2378 1033 2412; x_wconf 81' lang='grc' dir='ltr'>τοῦ</span> <span class='ocrx_word' id='word_1_336' title='bbox 1063 2374 1171 2425; x_wconf 72' lang='grc' dir='ltr'><em>θεοῦ,</em></span> <span class='ocrx_word' id='word_1_337' title='bbox 1201 2375 1310 2414; x_wconf 86' lang='lat' dir='ltr'>cuius</span> <span class='ocrx_word' id='word_1_338' title='bbox 1330 2375 1507 2414; x_wconf 85' lang='lat' dir='ltr'>meminit</span> <span class='ocrx_word' id='word_1_339' title='bbox 1521 2378 1834 2427; x_wconf 77' lang='lat' dir='ltr'>Paulus,verum</span> <span class='ocrx_word' id='word_1_340' title='bbox 1851 2377 1968 2416; x_wconf 87' lang='lat' dir='ltr'>etiam</span> <span class='ocrx_word' id='word_1_341' title='bbox 1986 2390 2121 2416; x_wconf 88' lang='lat' dir='ltr'>secun-</span> 
     </span>
     <span class='ocr_line' id='line_1_36' title="bbox 169 2424 2122 2481; baseline 0.005 -20"><span class='ocrx_word' id='word_1_342' title='bbox 169 2425 261 2462; x_wconf 79' lang='lat' dir='ltr'>‹lum</span> <span class='ocrx_word' id='word_1_343' title='bbox 306 2438 392 2462; x_wconf 85' lang='lat' dir='ltr'>eam</span> <span class='ocrx_word' id='word_1_344' title='bbox 429 2424 659 2475; x_wconf 85' lang='lat' dir='ltr'>sapientiam</span> <span class='ocrx_word' id='word_1_345' title='bbox 701 2438 778 2476; x_wconf 88' lang='lat' dir='ltr'>qua</span> <span class='ocrx_word' id='word_1_346' title='bbox 808 2426 890 2475; x_wconf 90' lang='lat' dir='ltr'>ipse</span> <span class='ocrx_word' id='word_1_347' title='bbox 919 2427 1002 2476; x_wconf 88' lang='lat' dir='ltr'>(qui</span> <span class='ocrx_word' id='word_1_348' title='bbox 1036 2427 1109 2466; x_wconf 88' lang='lat' dir='ltr'>sibi</span> <span class='ocrx_word' id='word_1_349' title='bbox 1142 2429 1216 2467; x_wconf 91' lang='lat' dir='ltr'>soli</span> <span class='ocrx_word' id='word_1_350' title='bbox 1248 2436 1364 2468; x_wconf 89' lang='lat' dir='ltr'>notus</span> <span class='ocrx_word' id='word_1_351' title='bbox 1394 2436 1452 2468; x_wconf 90' lang='lat' dir='ltr'>est</span> <span class='ocrx_word' id='word_1_352' title='bbox 1480 2429 1777 2479; x_wconf 82' lang='lat' dir='ltr'>perfectissime)</span> <span class='ocrx_word' id='word_1_353' title='bbox 1807 2444 1846 2469; x_wconf 88' lang='lat' dir='ltr'>se</span> <span class='ocrx_word' id='word_1_354' title='bbox 1876 2444 1945 2481; x_wconf 89' lang='lat' dir='ltr'>per</span> <span class='ocrx_word' id='word_1_355' title='bbox 1976 2432 2122 2470; x_wconf 84' lang='lat' dir='ltr'>reuela-</span> 
     </span>
     <span class='ocr_line' id='line_1_37' title="bbox 169 2477 1847 2535; baseline 0.005 -21"><span class='ocrx_word' id='word_1_356' title='bbox 169 2477 316 2515; x_wconf 80' lang='lat' dir='ltr'>tionem</span> <span class='ocrx_word' id='word_1_357' title='bbox 347 2479 669 2528; x_wconf 79' lang='lat' dir='ltr'>cognoscendum</span> <span class='ocrx_word' id='word_1_358' title='bbox 701 2479 784 2518; x_wconf 88' lang='lat' dir='ltr'>aliis</span> <span class='ocrx_word' id='word_1_359' title='bbox 813 2479 984 2518; x_wconf 86' lang='lat' dir='ltr'>exhibet.</span> <span class='ocrx_word' id='word_1_360' title='bbox 1012 2482 1126 2519; x_wconf 81' lang='lat' dir='ltr'>Rom.</span> <span class='ocrx_word' id='word_1_361' title='bbox 1162 2496 1194 2521; x_wconf 90' lang='lat'>1.</span> <span class='ocrx_word' id='word_1_362' title='bbox 1229 2496 1286 2532; x_wconf 82' lang='lat'>19.</span> <span class='ocrx_word' id='word_1_363' title='bbox 1323 2497 1355 2521; x_wconf 96' lang='lat'>1.</span> <span class='ocrx_word' id='word_1_364' title='bbox 1389 2485 1477 2522; x_wconf 82' lang='lat' dir='ltr'>Cor.</span> <span class='ocrx_word' id='word_1_365' title='bbox 1510 2497 1544 2522; x_wconf 85' lang='lat'>2.</span> <span class='ocrx_word' id='word_1_366' title='bbox 1577 2496 1608 2533; x_wconf 93' lang='lat'>7.</span> <span class='ocrx_word' id='word_1_367' title='bbox 1641 2485 1684 2533; x_wconf 89' lang='lat' dir='ltr'>(f.</span> <span class='ocrx_word' id='word_1_368' title='bbox 1718 2488 1847 2535; x_wconf 83' lang='lat'>1754).</span> 
     </span>
    </p>

    <p class='ocr_par' dir='ltr' id='par_1_13' title="bbox 168 2532 2125 2641">
     <span class='ocr_line' id='line_1_38' title="bbox 219 2532 2125 2589; baseline 0.004 -21"><span class='ocrx_word' id='word_1_369' title='bbox 219 2533 254 2569; x_wconf 89' lang='lat'>6.</span> <span class='ocrx_word' id='word_1_370' title='bbox 314 2532 479 2570; x_wconf 82' lang='lat' dir='ltr'>Inferius</span> <span class='ocrx_word' id='word_1_371' title='bbox 515 2532 550 2569; x_wconf 85' lang='lat'>&amp;</span> <span class='ocrx_word' id='word_1_372' title='bbox 581 2532 854 2571; x_wconf 87' lang='lat' dir='ltr'>secundarium</span> <span class='ocrx_word' id='word_1_373' title='bbox 886 2533 1105 2572; x_wconf 88' lang='lat' dir='ltr'>subiectum</span> <span class='ocrx_word' id='word_1_374' title='bbox 1136 2543 1193 2574; x_wconf 90' lang='lat' dir='ltr'>est</span> <span class='ocrx_word' id='word_1_375' title='bbox 1222 2537 1344 2574; x_wconf 90' lang='lat' dir='ltr'>homo</span> <span class='ocrx_word' id='word_1_376' title='bbox 1375 2536 1472 2575; x_wconf 86' lang='lat' dir='ltr'>inter</span> <span class='ocrx_word' id='word_1_377' title='bbox 1504 2545 1718 2585; x_wconf 86' lang='lat' dir='ltr'>creaturas,</span> <span class='ocrx_word' id='word_1_378' title='bbox 1744 2540 1779 2577; x_wconf 67' lang='grc' dir='ltr'>δι</span> <span class='ocrx_word' id='word_1_379' title='bbox 1808 2537 1845 2575; x_wconf 90' lang='lat' dir='ltr'>in</span> <span class='ocrx_word' id='word_1_380' title='bbox 1874 2535 1920 2576; x_wconf 90' lang='lat' dir='ltr'>iis</span> <span class='ocrx_word' id='word_1_381' title='bbox 1944 2537 2125 2589; x_wconf 89' lang='lat' dir='ltr'>princeps</span> 
     </span>
     <span class='ocr_line' id='line_1_39' title="bbox 168 2584 2046 2641; baseline 0.004 -20"><span class='ocrx_word' id='word_1_382' title='bbox 168 2584 342 2622; x_wconf 75' lang='lat' dir='ltr'>Ecclesia</span> <span class='ocrx_word' id='word_1_383' title='bbox 370 2584 465 2623; x_wconf 87' lang='lat' dir='ltr'>Dei:</span> <span class='ocrx_word' id='word_1_384' title='bbox 496 2597 596 2634; x_wconf 90' lang='lat' dir='ltr'>quae</span> <span class='ocrx_word' id='word_1_385' title='bbox 625 2586 675 2624; x_wconf 88' lang='lat' dir='ltr'>ad</span> <span class='ocrx_word' id='word_1_386' title='bbox 703 2587 834 2624; x_wconf 86' lang='lat' dir='ltr'>Deum</span> <span class='ocrx_word' id='word_1_387' title='bbox 863 2586 1065 2638; x_wconf 77' lang='lat' dir='ltr'>ordinate,</span> <span class='ocrx_word' id='word_1_388' title='bbox 1094 2595 1135 2626; x_wconf 90' lang='lat' dir='ltr'>vt</span> <span class='ocrx_word' id='word_1_389' title='bbox 1163 2588 1397 2639; x_wconf 88' lang='lat' dir='ltr'>principium</span> <span class='ocrx_word' id='word_1_390' title='bbox 1426 2591 1623 2641; x_wconf 78' lang='lat' dir='ltr'>finemque</span> <span class='ocrx_word' id='word_1_391' title='bbox 1652 2603 1786 2641; x_wconf 81' lang='lat' dir='ltr'>suum,</span> <span class='ocrx_word' id='word_1_392' title='bbox 1816 2592 2046 2629; x_wconf 89' lang='lat' dir='ltr'>referuntur.</span> 
     </span>
    </p>

    <p class='ocr_par' dir='ltr' id='par_1_14' title="bbox 166 2638 2127 2785">
     <span class='ocr_line' id='line_1_40' title="bbox 231 2638 2127 2695; baseline 0.005 -21"><span class='ocrx_word' id='word_1_393' title='bbox 231 2649 264 2685; x_wconf 92' lang='lat'>7.</span> <span class='ocrx_word' id='word_1_394' title='bbox 320 2639 540 2688; x_wconf 86' lang='lat' dir='ltr'>Vtramque</span> <span class='ocrx_word' id='word_1_395' title='bbox 581 2640 683 2678; x_wconf 86' lang='lat' dir='ltr'>hanc</span> <span class='ocrx_word' id='word_1_396' title='bbox 726 2638 927 2677; x_wconf 85' lang='lat' dir='ltr'>materiam</span> <span class='ocrx_word' id='word_1_397' title='bbox 963 2641 1129 2691; x_wconf 84' lang='lat' dir='ltr'>exponit</span> <span class='ocrx_word' id='word_1_398' title='bbox 1164 2641 1383 2694; x_wconf 73' lang='lat' dir='ltr'>Scriptura,</span> <span class='ocrx_word' id='word_1_399' title='bbox 1421 2645 1504 2682; x_wconf 75' lang='lat' dir='ltr'>tum</span> <span class='ocrx_word' id='word_1_400' title='bbox 1534 2645 1751 2682; x_wconf 73' lang='lat' dir='ltr'>secundum</span> <span class='ocrx_word' id='word_1_401' title='bbox 1782 2651 1959 2682; x_wconf 83' lang='lat' dir='ltr'>naturam</span> <span class='ocrx_word' id='word_1_402' title='bbox 1988 2644 2127 2695; x_wconf 65' lang='lat' dir='ltr'>ipsius,</span> 
     </span>
     <span class='ocr_line' id='line_1_41' title="bbox 166 2690 2127 2748; baseline 0.004 -20"><span class='ocrx_word' id='word_1_403' title='bbox 166 2690 204 2727; x_wconf 93' lang='lat' dir='ltr'>in</span> <span class='ocrx_word' id='word_1_404' title='bbox 243 2699 433 2740; x_wconf 89' lang='lat' dir='ltr'>quantum</span> <span class='ocrx_word' id='word_1_405' title='bbox 472 2692 729 2731; x_wconf 82' lang='lat' dir='ltr'>ordinationis</span> <span class='ocrx_word' id='word_1_406' title='bbox 767 2692 868 2731; x_wconf 88' lang='lat' dir='ltr'>illius</span> <span class='ocrx_word' id='word_1_407' title='bbox 896 2693 1014 2731; x_wconf 67' lang='lat' dir='ltr'>causa</span> <span class='ocrx_word' id='word_1_408' title='bbox 1043 2695 1188 2745; x_wconf 85' lang='lat' dir='ltr'>exponi</span> <span class='ocrx_word' id='word_1_409' title='bbox 1219 2696 1412 2747; x_wconf 88' lang='lat' dir='ltr'>oportuit:</span> <span class='ocrx_word' id='word_1_410' title='bbox 1442 2704 1523 2735; x_wconf 86' lang='lat' dir='ltr'>tum</span> <span class='ocrx_word' id='word_1_411' title='bbox 1553 2698 1770 2736; x_wconf 75' lang='lat' dir='ltr'>secundum</span> <span class='ocrx_word' id='word_1_412' title='bbox 1801 2698 1930 2736; x_wconf 79' lang='lat' dir='ltr'>officia</span> <span class='ocrx_word' id='word_1_413' title='bbox 1959 2697 2127 2748; x_wconf 89' lang='lat' dir='ltr'>ipsarum</span> 
     </span>
     <span class='ocr_line' id='line_1_42' title="bbox 167 2742 2113 2785; baseline 0.005 -5"><span class='ocrx_word' id='word_1_414' title='bbox 167 2742 269 2781; x_wconf 89' lang='lat' dir='ltr'>inter</span> <span class='ocrx_word' id='word_1_415' title='bbox 298 2758 338 2782; x_wconf 90' lang='lat' dir='ltr'>se</span> <span class='ocrx_word' id='word_1_416' title='bbox 368 2757 415 2782; x_wconf 84' lang='lat' dir='ltr'>ex</span> <span class='ocrx_word' id='word_1_417' title='bbox 445 2743 580 2784; x_wconf 87' lang='lat' dir='ltr'>diuina</span> <span class='ocrx_word' id='word_1_418' title='bbox 609 2745 671 2783; x_wconf 88' lang='lat' dir='ltr'>illa</span> <span class='ocrx_word' id='word_1_419' title='bbox 700 2745 960 2785; x_wconf 89' lang='lat' dir='ltr'>ordinatione.</span> <span class='ocrx_word' id='word_1_420' title='bbox 2108 2762 2113 2766; x_wconf 91' lang='lat'>·</span> 
     </span>
    </p>

    <p class='ocr_par' dir='ltr' id='par_1_15' title="bbox 221 2798 2126 2857">
     <span class='ocr_line' id='line_1_43' title="bbox 221 2798 2126 2857; baseline 0.004 -22"><span class='ocrx_word' id='word_1_421' title='bbox 221 2799 257 2835; x_wconf 87' lang='grc'>8.</span> <span class='ocrx_word' id='word_1_422' title='bbox 313 2799 374 2835; x_wconf 86' lang='lat' dir='ltr'>Ac</span> <span class='ocrx_word' id='word_1_423' title='bbox 417 2799 524 2837; x_wconf 84' lang='lat' dir='ltr'>Deus</span> <span class='ocrx_word' id='word_1_424' title='bbox 568 2798 728 2848; x_wconf 88' lang='lat' dir='ltr'>quidem</span> <span class='ocrx_word' id='word_1_425' title='bbox 771 2799 985 2839; x_wconf 62' lang='lat' dir='ltr'>secundnm</span> <span class='ocrx_word' id='word_1_426' title='bbox 1024 2808 1203 2840; x_wconf 83' lang='lat' dir='ltr'>naturam</span> <span class='ocrx_word' id='word_1_427' title='bbox 1233 2802 1271 2841; x_wconf 94' lang='lat' dir='ltr'>in</span> <span class='ocrx_word' id='word_1_428' title='bbox 1302 2803 1510 2855; x_wconf 86' lang='lat' dir='ltr'>Scripturis</span> <span class='ocrx_word' id='word_1_429' title='bbox 1540 2803 1670 2857; x_wconf 82' lang='lat' dir='ltr'>sacris</span> <span class='ocrx_word' id='word_1_430' title='bbox 1690 2803 1921 2856; x_wconf 71' lang='lat' dir='ltr'>exponitur,</span> <span class='ocrx_word' id='word_1_431' title='bbox 1948 2818 2027 2844; x_wconf 91' lang='lat' dir='ltr'>non</span> <span class='ocrx_word' id='word_1_432' title='bbox 2056 2818 2126 2855; x_wconf 86' lang='lat' dir='ltr'>per</span> 
     </span>
    </p>

    <p class='ocr_par' dir='ltr' id='par_1_16' title="bbox 1939 2866 2125 2898">
     <span class='ocr_line' id='line_1_44' title="bbox 1939 2866 2125 2898; baseline -0.005 -1"><span class='ocrx_word' id='word_1_433' title='bbox 1939 2866 2125 2898; x_wconf 67' lang='lat' dir='ltr'>essentiae</span> 
     </span>
    </p>
   </div>
  </div>
 </body>
</html>
