2334 3020
759 115 971 144 THESES
1012 113 1442 141 THEOLOGICAE.
2015 91 2116 146 147¹

153 226 389 267 necessario.
447 226 557 263 Prior
599 231 798 273 respectus
834 235 1025 273 personae
1065 229 1142 271 est,
1172 232 1248 270 qua
1277 223 1449 270 perfecta
1476 219 1550 257 Dei
1580 220 1620 267 (f.
1659 218 1786 266 1629.)
1814 215 1936 254 Patris
1964 216 2092 265 imago

156 288 236 329 est,
279 281 450 330 perfecte
492 278 619 328 ipsum
661 277 901 326 exprimens:
938 275 1068 325 imago
1098 277 1190 313 vero
1219 276 1389 324 perfecta
1418 271 1631 311 essentialis
1659 277 1733 314 est,
1764 270 1798 306 S:
1828 268 1865 306 in
1895 268 2094 307 identitate

161 342 321 371 naturae
351 331 498 382 posita,
526 330 695 378 ideoque
723 329 840 367 Filius
868 331 943 377 quit
972 328 1102 377 imago
1132 327 1230 365 silius
1261 326 1417 376 quidem
1447 332 1523 373 est,
1551 326 1585 362 ἃ
1614 323 1710 362 alius
1734 323 1949 360 secundum
1966 335 2095 372 perso-

157 400 247 425 nam
267 389 290 424 a
309 392 433 435 patre:
460 386 537 432 qua
552 386 645 421 vero
662 382 792 432 imago
808 383 978 432 perfecta
991 412 1000 429 ,
1015 381 1142 428 [Filius
1159 388 1213 418 cst
1231 380 1426 429 naturalis,
1441 392 1513 416 nec
1529 377 1743 415 secundum
1758 375 1962 413 essentiam
1979 374 2096 413 aliud.

212 453 271 476 22.
329 437 524 476 Posterior
568 442 766 485 respectus
807 434 1046 485 operationis
1088 442 1164 483 est,
1197 437 1273 482 qua
1305 432 1418 478 tilius,
1451 432 1580 480 imago
1610 428 1822 468 essentialis
1852 427 1994 476 patris,
2024 441 2096 466 nos

159 504 353 530 renouans
397 491 435 529 in
466 489 602 540 spiritu
628 488 769 527 mentis
799 495 978 538 nostrae,
1008 487 1099 525 sacit
1125 495 1163 524 vt
1193 499 1329 525 onmes
1358 487 1501 523 retecta
1528 483 1626 521 sacie
1655 481 1819 532 gloriam
1847 480 2031 530 Domini,
2059 487 2100 518 vt

161 545 199 582 in
229 545 390 594 speculo
421 543 633 588 intuentes,
663 543 985 580 transformemur
1011 542 1048 579 in
1077 540 1241 578 eandem
1270 538 1476 589 imaginem
1506 537 1590 585 (sed
1622 548 1692 586 pro
1708 533 1935 572 conditione
1952 536 2098 581 nostra)

160 598 210 636 ‹le
250 596 374 646 gloria
416 596 453 634 in
496 595 674 645 glmiam.
718 609 752 633 2.
788 595 877 632 Cor.
912 608 943 633 1.
978 598 1035 632 18.
1077 595 1294 643 Respectus
1326 598 1456 629 autem
1484 589 1597 628 huius·
1623 588 1729 638 prior
1758 586 1992 636 principium
2022 593 2097 625 est:

161 650 224 688 hic
253 649 357 687 enim
387 662 434 687 ex
463 648 703 699 proprietate
734 660 924 698 personae
952 654 991 684 vt
1020 646 1235 696 principio,
1264 652 1449 693 tanquam
1477 651 1587 681 actus
1614 640 1782 691 profluit.

216 716 274 751 23.
330 703 421 740 Non
463 710 521 740 est
562 710 691 739 autem
733 701 840 750 quod
883 700 1003 737 filium
1046 701 1258 749 perfectam
1291 697 1366 735 Dei
1394 696 1512 747 patris
1540 694 1749 745 imaginem
1779 705 1862 730 esse
1890 704 2102 741 negemus,

160 755 251 805 quia
281 768 320 793 se
351 761 459 804 patre
491 754 685 792 minorem
716 753 826 792 dicit:
855 765 982 802 neque
1011 752 1116 790 enim
1145 751 1337 790 minorem
1367 763 1408 788 se
1436 756 1545 800 patre
1575 747 1792 786 secundum
1822 744 2103 783 (liuinitatema

157 810 313 857 natura,
354 808 423 846 sed
464 809 666 857 aequalem
710 806 927 856 praedicat:
970 806 1039 844 sed
1074 804 1288 844 secundum
1317 802 1600 842 humanitatem
1629 800 1667 837 in
1696 798 1882 836 vnitatem
1910 810 2102 848 personae

158 867 418 911 assumptam,
461 859 697 910 simpliciter.
742 859 897 897 Deinde
939 860 1032 897 vero
1078 858 1192 896 etiam
1236 856 1387 894 ratione
1428 854 1584 893 diuinae
1625 859 1805 902 naturae,
1847 850 1884 888 in
1914 863 2098 901 persona:

159 927 301 964 nempe
329 922 369 952 vt
397 926 466 964 per
496 913 751 951 voluntariam
781 911 1115 962 dispensationem
1144 909 1320 948 inaniens
1349 922 1388 947 se
1418 905 1626 956 assumpsit
1654 905 1862 943 carnem&
1879 903 2104 942 mediatoris

160 974 290 1017 partes
318 975 502 1016 susceplt.

217 1033 278 1067 24.
333 1019 516 1069 Propriae
545 1018 827 1069 appellationes
854 1017 1095 1056 diuinitatem
1126 1015 1190 1063 filij
1216 1017 1496 1052 confirmarunt
1518 1013 1722 1057 hactenus,
1749 1010 1919 1058 agedum
1934 1010 2100 1047 eandem

167 1086 214 1111 ex
257 1072 583 1122 appellationibus
625 1071 746 1109 tribus
788 1070 963 1121 personis
1004 1067 1299 1117 communibus,
1340 1068 1375 1104 δε
1417 1067 1467 1105 de
1497 1067 1585 1103 Deo
1614 1063 1867 1102 essentialiter
1896 1061 2104 1100 enuntiatis

169 1126 494 1164 demonstremus.
538 1127 598 1162 Ac
638 1123 764 1174 primo
805 1123 964 1173 quidem
1007 1129 1196 1160 vocantur
1236 1122 1399 1169 Iehoua,
1435 1126 1476 1157 vt
1504 1124 1610 1167 patet
1638 1130 1686 1154 ex
1714 1115 1758 1153 iis
1785 1115 1881 1153 locis
1909 1116 1958 1153 N.
1985 1117 2032 1153 T.
2063 1116 2102 1153 in

171 1178 313 1227 quibus
353 1178 453 1216 filius
494 1178 656 1227 dicitur,
697 1176 763 1226 qui
791 1176 828 1214 in
857 1178 907 1214 V.
935 1178 982 1213 T.
1011 1174 1215 1212 dicebatur
1242 1173 1409 1222 Iehoua,
1437 1174 1472 1210 δε
1500 1182 1599 1220 quae
1626 1170 1676 1208 de
1704 1167 1871 1207 essentia
1897 1168 1972 1208 Dei
1999 1181 2105 1206 com-

171 1231 345 1270 muniter
373 1230 719 1280 praedicabantur,
746 1230 796 1267 ad
824 1227 1119 1267 determinatam
1148 1226 1186 1264 in
1214 1238 1382 1276 persona
1409 1225 1474 1272 filij
1504 1229 1697 1273 aptantur.
1726 1220 1878 1259 Dicitur
1903 1222 2050 1259 Iehoua
2066 1220 2105 1258 in

170 1297 250 1333 quo
295 1284 441 1322 Iehoua
481 1296 554 1322 nos
594 1281 780 1331 seruauit,
828 1282 893 1320 Os.
928 1295 942 1318 1
965 1312 973 1320 .
1016 1293 1051 1328 7.
1093 1281 1205 1318 Esai.
1234 1292 1296 1327 43.
1330 1292 1390 1317 10.
1429 1279 1570 1316 loann.
1599 1289 1636 1322 4.
1665 1288 1728 1322 42.
1758 1273 1825 1323 qui
1853 1281 1911 1312 est
1938 1286 2104 1323 sponsus

169 1337 394 1386 Ecclesiae,
429 1337 495 1374 Os.
526 1350 560 1375 2.
593 1349 651 1386 19.
682 1337 731 1373 [ψ’
758 1336 899 1372 loann.
917 1332 964 1383 ⁶3.
997 1346 1056 1382 29.
1087 1331 1222 1370 effudit
1250 1330 1433 1381 Spiritum
1462 1341 1573 1368 suum
1601 1340 1716 1378 super
1744 1339 1903 1365 omnem
1924 1340 2105 1375 carnem,

165 1392 260 1428 lael.
295 1404 328 1428 2.
361 1392 421 1428 28.
453 1391 502 1427 ἐφ’
533 1390 647 1427 Imm.
676 1398 712 1437 5.
743 1401 803 1436 29.
845 1389 930 1426 Act.
960 1400 994 1425 2.
1022 1388 1058 1424 6.
1086 1393 1224 1423 auctor
1252 1391 1309 1423 est
1336 1383 1521 1432 foederis,
1550 1384 1690 1420 larem.
1720 1393 1863 1429 31.31.
1894 1381 1997 1418 Heb.
2015 1383 2050 1418 8.
2069 1382 2106 1418 8.

164 1455 281 1492 quem
323 1443 360 1480 in
404 1443 558 1480 deserto
600 1447 814 1490 tentarunt,
857 1441 891 1478 δι
921 1446 1057 1478 contra
1085 1450 1202 1488 quem
1232 1443 1521 1476 murmurarunt
1548 1434 1767 1484 Israelitae,
1796 1434 1920 1472 Num.
1955 1447 2014 1480 14.
2046 1445 2110 1480 27.

171 1510 202 1534 1.
233 1496 323 1534 Cor.
358 1508 416 1533 10.
445 1509 482 1545 9.
509 1494 575 1544 qui
602 1494 748 1543 primus
776 1500 834 1531 est
862 1494 897 1531 δι
926 1492 1183 1541 nouissimus,
1212 1492 1310 1529 Esa.
1340 1505 1402 1538 41.
1432 1504 1469 1538 4.
1510 1490 1632 1540 Apoc.
1666 1502 1697 1525 1.
1732 1500 1791 1525 11.
1833 1488 1908 1525 διε.
1935 1488 2106 1524 Ieliouae

163 1551 256 1587 vero
285 1560 431 1586 nomen
459 1548 636 1586 absolute
666 1548 701 1585 &
730 1546 886 1596 proprie
915 1545 988 1584 soli
1016 1547 1104 1584 Deo
1131 1544 1338 1594 competit,
1373 1543 1546 1592 nullique
1574 1548 1773 1580 creaturae
1802 1546 1859 1578 est
1888 1539 2101 1578 communi-

165 1600 310 1651 cabile,
339 1600 462 1640 sicubi
490 1600 594 1639 enim
622 1613 730 1650 arca,
760 1600 991 1650 Ierusalem,
1020 1601 1093 1638 &o
1121 1599 1268 1636 Iehoua
1297 1597 1500 1646 dicuntur,
1532 1608 1613 1634 non
1648 1594 1830 1633 dicuntur
1857 1594 2037 1631 absolute
2065 1599 2107 1630 vt

163 1660 270 1694 recto
299 1666 414 1692 casu:
442 1654 511 1692 sed
538 1654 728 1703 Iehouae,
757 1661 852 1703 puta
872 1666 982 1703 arca,
1005 1652 1159 1702 ciuitas,
1186 1653 1258 1690 &c.
1283 1651 1549 1691 ἑλλειπτικῶς.
1580 1650 1630 1687 II.
1658 1647 1811 1686 Dicitur
1836 1647 1964 1695 Deus,
1989 1647 2107 1684 Ioan.

170 1721 201 1746 1.
244 1721 274 1744 1.
316 1708 425 1746 Deus
459 1706 686 1755 nobiscum,
724 1707 822 1744 Escz.
861 1717 893 1755 7.
935 1720 994 1753 14.
1036 1706 1185 1744 Asattlc.
1227 1718 1259 1742 1.
1300 1716 1363 1752 23.
1394 1703 1523 1751 fortis,
1558 1716 1589 1740 1.
1618 1703 1734 1739 Ioan.
1764 1710 1798 1748 5.
1831 1713 1891 1739 20.
1923 1711 2107 1749 magnus,

172 1761 245 1798 Tit.
276 1773 309 1798 2.
343 1773 402 1809 13.
430 1771 567 1811 verus,
601 1773 634 1798 1.
662 1762 777 1798 loan.
808 1769 843 1809 5.
878 1773 938 1798 20.
968 1759 1198 1798 benedictus
1226 1758 1265 1796 in
1295 1757 1437 1795 secula.
1466 1757 1580 1794 Rom.
1609 1769 1644 1804 9.
1673 1757 1710 1793 8.
1752 1754 1821 1790 ΙΙΙ.
1851 1751 2003 1790 Dicitur
2018 1754 2106 1790 Rex

164 1815 339 1863 Regum,
376 1813 569 1852 Dominus
597 1812 904 1851 dominantium:
946 1814 1063 1863 Apoc.
1099 1825 1156 1861 19.
1187 1813 1223 1850 6.
1253 1811 1302 1848 ἐφ’
1334 1821 1393 1858 17.
1427 1822 1484 1856 14.
1514 1810 1592 1847 hoc
1620 1814 1751 1846 autem
1781 1805 1855 1844 soli
1883 1807 1969 1844 Deo
1999 1819 2107 1844 com-

169 1866 277 1916 petit.
311 1879 344 1904 1.
379 1867 476 1905 Tim.
503 1867 539 1905 6.
573 1877 633 1917 15.

220 1929 279 1969 25.
335 1918 566 1958 Dominium
592 1926 722 1958 autem
751 1922 786 1957 &
816 1930 980 1969 regnum
1009 1917 1153 1957 Christi
1181 1919 1237 1966 (vt
1265 1917 1343 1955 hoc
1370 1915 1618 1965 adijciamus,
1641 1921 1852 1963 antequam
1867 1919 2109 1951 transeamus

167 1972 218 2011 ad
246 1971 446 2020 attributa)
475 1972 621 2023 duplex
649 1979 726 2011 est:
756 1973 856 2011 adeo
886 1979 927 2011 vt
954 1971 1101 2022 duplici
1129 1970 1244 2010 etiam
1274 1969 1423 2008 ratione
1450 1970 1537 2007 Rex
1565 1969 1600 2006 &
1629 1967 1822 2005 Dominus
1850 1965 2012 2004 dicatur.
2042 1966 2114 2002 Est

171 2036 334 2075 regnum
375 2038 587 2064 commune
627 2025 744 2064 totius
787 2025 942 2064 diuinae
984 2024 1191 2075 essentiae,
1233 2035 1312 2073 quo
1346 2030 1424 2061 tres
1458 2034 1668 2072 personae,
1695 2018 1848 2069 aequali
1874 2017 2049 2068 potentia
2076 2019 2111 2055 &

170 2077 316 2128 gloria,
343 2079 382 2116 in
410 2078 556 2117 vnitate
584 2078 789 2129 essentiae,
818 2079 853 2116 ἃ
883 2078 1156 2128 operationum
1185 2076 1472 2122 communium,
1505 2075 1542 2112 in
1572 2073 1754 2113 omnibus
1778 2075 1942 2122 &super
1957 2069 2111 2121 omnia,

172 2131 336 2182 infinite,
365 2134 401 2170 &
429 2132 742 2181 immutabiliter,
771 2133 820 2170 ab
850 2139 1009 2171 aeterno
1038 2132 1077 2170 in
1105 2137 1306 2169 aeternum
1334 2134 1508 2179 regnant.
1539 2129 1609 2167 Est
1637 2138 1800 2176 regnum
1817 2125 2010 2175 singulare
2028 2137 2112 2174 per-

172 2196 291 2222 sonae
333 2186 583 2236 θεανθρώπου
624 2184 923 2235 temporarium,
966 2197 1045 2235 quo
1086 2196 1254 2235 persona
1283 2181 1426 2221 Christi
1454 2181 1662 2220 demittens
1691 2194 1731 2218 se
1759 2185 1919 2229 propter
1948 2178 2111 2216 salutem

172 2244 345 2276 nostram
387 2237 554 2288 (integro
583 2246 749 2277 -seruato
792 2238 994 2277 communi
1034 2237 1188 2276 deitatis
1215 2238 1355 2287 regno)
1383 2235 1599 2273 secundum
1627 2242 1834 2282 Vtramque
1860 2238 2040 2269 naturam
2068 2229 2108 2268 in

173 2291 315 2329 vnitate
344 2291 606 2340 personalium
633 2291 927 2342 operationum,
956 2291 1176 2330 voluntaria
1202 2288 1495 2338 dispensatione
1508 2295 1644 2338 regnat
1659 2287 1698 2324 in
1714 2285 1920 2334 omnibus,
1944 2286 2109 2333 &super

173 2343 324 2402 omnia,
360 2343 400 2381 in
428 2345 625 2395 Ecclesia,
653 2357 775 2395 regno
804 2345 1034 2395 proficiente
1061 2347 1096 2383 &
1124 2342 1318 2393 mutabili,
1348 2341 1456 2380 cuius
1485 2338 1783 2379 administrandi
1810 2336 2043 2388 principium
2072 2339 2107 2375 δι

173 2398 259 2435 finis
286 2396 326 2434 in
352 2405 551 2447 tempore,
579 2409 678 2448 opus
706 2400 800 2436 vero
829 2409 896 2436 seu
926 2398 1170 2447 ἀποτέλεσμκ
1198 2395 1237 2433 in
1263 2394 1387 2446 gloria
1414 2400 1572 2432 aeterna
1599 2396 1634 2432 δι
1662 2393 1783 2431 salute
1811 2389 2010 2430 Ecclesiae
2026 2402 2110 2439 per-

175 2449 444 2489 fectissimum.
471 2450 641 2489 Ratione
669 2451 810 2501 prioris
839 2450 969 2499 r'nodi,
997 2450 1116 2488 Filius
1143 2452 1231 2488 Rex
1260 2455 1317 2487 est
1346 2447 1562 2486 secundum
1589 2453 1785 2485 naturam:
1815 2444 1964 2482 ratione
1979 2449 2107 2493 poste-

172 2502 306 2553 rioris,
347 2504 562 2542 secundum
602 2504 862 2542 voluntariam
905 2502 1220 2553 dispositionem:
1264 2501 1414 2540 ratione
1453 2499 1650 2550 Vtriusque
1677 2511 1792 2537 verus
1825 2499 1951 2535 Deus:
1983 2507 2111 2545 neque

174 2556 278 2595 enim
305 2556 510 2606 posteriori
538 2558 573 2594 &
601 2557 804 2596 abiectiori
832 2557 940 2608 regni
966 2557 1088 2595 modo
1122 2568 1284 2606 regnare
1311 2561 1464 2604 posset,
1494 2553 1524 2592 si
1551 2554 1660 2591 Deus
1688 2565 1770 2590 non
1797 2557 1911 2589 esset.

209 2611 292 2668 ‚26.
347 2610 463 2647 Nunc
491 2610 542 2648 ad
571 2610 756 2649 attributa
783 2618 1042 2658 transeamus,
1071 2611 1121 2648 ab
1149 2609 1209 2646 his
1236 2607 1435 2646 transituri
1461 2607 1511 2644 ad
1540 2619 1674 2656 opera.
1705 2605 1770 2643 Sic
1797 2611 1926 2646 autem
1954 2603 2113 2640 conclu-

178 2662 318 2700 dlmus.
348 2662 423 2701 Cui
450 2662 667 2702 essentialia
694 2663 878 2703 attributa
903 2662 1126 2701 tribuuntur
1153 2661 1305 2705 omnia,
1334 2660 1456 2699 immo
1485 2661 1547 2698 vel
1572 2658 1750 2707 vnicum,
1778 2657 1842 2695 ille
1870 2667 1984 2694 verus
2005 2656 2112 2693 Deus

177 2722 255 2774 est3
281 2714 448 2754 essentia
474 2716 579 2754 enim
609 2718 645 2755 &
673 2716 860 2756 attributa
885 2716 1019 2756 omnia
1047 2718 1082 2755 ἃ
1111 2714 1261 2766 singula
1289 2727 1330 2752 re
1358 2713 1464 2752 idem
1491 2719 1598 2761 sunt,
1626 2710 1793 2750 essentia
1812 2709 1944 2748 vnica:
1974 2709 2114 2746 Essen-

177 2769 282 2807 tlaha
319 2775 449 2807 autem
490 2769 675 2808 attributa
716 2770 938 2809 tribuuntur
981 2769 1098 2808 Filio:
1128 2780 1240 2807 verus
1269 2766 1383 2818 igitur
1411 2768 1520 2805 Deus
1547 2773 1615 2805 est.
1659 2767 1689 2803 I.
1732 2762 1871 2802 Vnitas
1897 2761 2114 2800 secundum

1911 2820 2115 2855 essentiam
