2334 3020
222 77 286 106 XX
996 77 1392 108 PRAEFATIO.

219 206 288 232 me
326 192 690 242 sublevaverunt,
741 193 903 245 gratias
951 192 1091 233 habeo
1141 198 1272 245 atque
1320 193 1539 244 honores;
1598 195 1774 247 iamque
1819 201 1971 236 tenues
2019 195 2152 236 hasce

215 252 508 294 bibliothecae
549 252 808 293 reformatae
847 259 1020 293 nostrae
1063 253 1278 306 primitias
1328 252 1577 307 theologiae
1622 256 1896 304 doctoribus,
1941 255 2151 307 alumnis,

216 313 426 354 ecclesiae
469 313 726 354 reformatae
774 313 1042 362 fautoribus,
1092 327 1144 353 ea
1187 327 1274 366 qua
1314 327 1395 367 par
1442 320 1505 354 est
1549 314 1794 357 humilitate
1833 315 1969 357 offero
2010 317 2154 370 deque

218 373 392 414 meliore
425 379 574 427 utpote
607 380 710 414 nota
743 374 974 414 committo
1005 373 1286 414 confidenter.
1338 373 1457 427 Quas
1490 375 1524 414 si
1562 376 1772 417 ecclesiae
1803 383 1978 418 nostrae
2011 378 2156 430 adop-

218 440 337 482 tant,
388 448 492 474 mox
529 435 779 487 deperditas
823 434 928 473 olim
968 448 1068 473 suas
1107 434 1397 484 obductasve‚
1448 435 1558 488 proh
1591 439 1759 489 pudor!
1809 451 2006 491 gemmas
2039 437 2153 478 laete

219 495 577 548 recuperaverint.
633 493 708 534 Sin
743 494 910 544 minus,
963 508 1041 535 nec
1085 494 1332 535 institutum
1363 495 1634 548 improbabit
1676 497 1836 539 invidia
1882 504 2151 551 temporum,

218 569 296 595 nec
345 569 605 608 proavorum
654 555 838 608 gloriam
892 556 1091 595 corrodet
1138 555 1334 595 occultus
1382 556 1620 609 epigonum
1669 558 1788 598 livor.
1870 559 1969 599 Hoc
2014 573 2151 600 unum

216 621 404 669 pateret,
450 616 642 655 nondum
675 616 716 654 in
752 615 1007 664 reformata,
1047 615 1108 655 sic
1147 621 1192 656 ut
1229 617 1315 656 iam
1349 616 1390 656 in
1430 630 1614 658 romana
1654 625 1701 659 ut
1741 625 1784 659 et
1823 618 2151 660 lutheranorum

215 676 416 724 ecclesia,
447 676 748 716 delumbatam
781 681 1001 716 tantorum
1036 675 1344 729 theologorum
1380 678 1635 731 progeniem
1666 679 1721 719 ad
1755 679 1985 732 pristinam
2019 681 2153 721 maio-

212 751 306 776 rum
340 743 580 777 recreatam
614 737 909 776 exsurrexisse
941 737 1157 778 virtutem.

276 797 396 837 XVI.
440 797 536 837 Hoc
554 797 730 837 tandem
749 798 916 847 adicio,
935 798 968 837 si
988 798 1083 850 quis
1099 831 1107 847 ,
1126 798 1167 837 in
1186 797 1357 851 scriptis
1375 798 1535 838 saeculi
1553 798 1756 839 sedecimi
1776 800 1920 840 minus
1937 806 2153 849 versatus,

216 858 391 898 miretur
408 857 574 908 forsan,
596 858 703 897 Iunii
721 856 964 907 Ircm'cum,
991 872 1104 899 nunc
1127 859 1234 907 iam,
1265 864 1364 912 post
1381 859 1508 898 trium
1526 858 1613 899 fere
1629 859 1902 900 saeculorum
1919 861 2153 909 silentium,

216 919 320 958 meis
340 918 515 971 quidem
544 919 586 957 in
611 917 751 959 lucem
781 919 954 972 prodire
983 919 1108 968 curis,
1142 919 1263 959 cuius
1281 919 1485 972 pertinax
1503 933 1641 973 neque
1660 919 1783 960 facile
1802 921 2155 975 interrumpendo.

212 978 349 1019 iurum
378 978 586 1019 ecclesiae
613 985 764 1019 contra
792 978 1182 1032 pseudo-Irenz‘cos
1203 979 1433 1020 hodiernos
1458 979 1652 1021 defensio
1676 994 1756 1021 nec
1783 995 1852 1022 me
1874 982 2040 1035 pudore
2064 982 2154 1022 affi-

214 1040 294 1088 cit,
331 1052 408 1079 nec
435 1040 516 1079 rite
543 1039 727 1080 celanda
760 1046 847 1090 est,
883 1040 1006 1080 huius
1035 1040 1291 1080 memoriam
1324 1041 1518 1082 excitare
1551 1041 1670 1081 lubet
1702 1043 1759 1082 ad
1788 1042 1830 1081 id
1857 1044 1976 1095 quod
2010 1042 2155 1083 Iunius

213 1101 267 1140 de
300 1113 406 1140 suae
438 1100 591 1140 aetatis
620 1099 850 1141 haereticis
884 1107 925 1141 et
957 1102 1139 1141 senserit
1170 1108 1211 1142 et
1238 1101 1468 1155 scripserit.
1532 1100 1663 1155 Quod
1697 1104 1752 1143 ad
1782 1102 1991 1156 primum,
2027 1102 2153 1144 Oste-

213 1161 381 1209 rodum,
430 1161 502 1214 qui
535 1161 579 1200 in
623 1159 905 1201 Confessione
939 1161 1161 1202 Trinitatis
1193 1161 1431 1211 titubabat,
1468 1176 1547 1203 nec
1580 1163 1699 1202 domi
1727 1163 1782 1203 ad
1812 1163 2155 1217 disputationem

213 1222 404 1273 recipere
435 1221 573 1261 voluit
605 1220 751 1261 Iunius
787 1236 864 1262 nec
899 1223 1210 1263 commendare
1239 1223 1536 1276 magistratui,
1572 1222 1859 1276 chartamque
1887 1224 1953 1264 cui
1987 1224 2156 1265 libellus

211 1280 414 1322 Osterodi
446 1281 658 1334 impressa
691 1289 782 1322 erat
815 1284 937 1335 quasi
966 1284 1312 1323 contaminatam
1341 1283 1605 1337 sordidaque
1639 1285 2008 1325 commaculatam
2038 1284 2155 1325 faece

211 1341 560 1395 indignabundus
587 1341 791 1395 profudit.
821 1342 1022 1395 Scripsit
1037 1350 1263 1396 praeterea
1285 1345 1326 1384 in
1351 1345 1592 1397 primordio
1618 1345 1835 1397 opusculi,
1866 1359 1952 1398 quo
1970 1345 2152 1386 alterum

211 1401 403 1455 Operum
426 1403 566 1442 editor
590 1402 819 1443 inchoatus
842 1409 906 1443 est
929 1404 1155 1453 volumen,
1187 1418 1260 1452 „se
1288 1404 1517 1444 horruisse
1545 1410 1682 1444 totum
1712 1420 1767 1445 ex
1790 1405 1939 1445 animo
1967 1412 2009 1445 et
2029 1405 2154 1446 velze-

208 1469 376 1503 menter
407 1462 549 1507 fnisse
575 1463 795 1515 adfectum
817 1464 1114 1516 gravissimis
1139 1464 1189 1504 de
1216 1464 1407 1513 cansis'’‚
1437 1465 1700 1518 simulatque
1727 1465 1928 1506 Osterodi
1957 1466 2152 1506 libellum

210 1524 494 1576 inspexisset,
546 1524 673 1576 inque
710 1524 795 1564 fine
838 1525 1032 1565 eiusdem
1070 1526 1267 1578 opusculi
1308 1525 1426 1566 hisce
1459 1525 1544 1566 fere
1577 1526 1846 1567 adversarios
1885 1527 2151 1567 obtestatur:

210 1584 495 1634 „Misereatur
519 1585 581 1624 tui
606 1598 777 1624 summe
797 1585 1036 1625 misericors
1064 1585 1202 1634 Deus,
1233 1591 1276 1626 et
1293 1599 1426 1639 quam
1445 1586 1518 1627 diu
1544 1587 1586 1626 in
1603 1587 1673 1626 via
1692 1588 1846 1627 erroris
1864 1587 2151 1640 permanetiS,

209 1645 404 1684 animam
436 1650 583 1694 tuam,
618 1645 666 1685 iu
698 1644 887 1685 exilium
920 1651 1141 1695 ruentem,
1185 1646 1325 1699 gratia
1361 1645 1433 1687 tua
1477 1647 1808 1700 amplectetur”.
1873 1647 2032 1696 Addo,
2068 1647 2154 1688 una

209 1718 308 1745 cum
339 1704 560 1753 Gomaro,
594 1705 636 1744 in
670 1708 801 1745 causa
834 1705 1026 1759 Wiggeri
1061 1707 1231 1746 Iunium
1263 1703 1439 1759 quoque
1462 1708 1580 1748 viam
1603 1709 1825 1756 stravisse,
1862 1708 1917 1748 ad
1947 1708 2153 1748 haeretici

210 1767 392 1806 ministri
435 1766 861 1806 condemnationem.
925 1765 1153 1818 Quantum
1185 1767 1372 1820 denique
1415 1767 1702 1808 moribundus
1737 1769 1825 1808 iam
1858 1768 1912 1809 de
1949 1768 2153 1809 Arminio

210 1827 535 1879 praemonuerit
568 1826 881 1874 Academiam,
929 1826 1105 1867 Gomari
1138 1829 1437 1868 testimonium
1473 1835 1622 1868 monet
1654 1842 1822 1869 omnes.

270 1886 413 1940 Quare
452 1887 533 1926 sub
579 1886 662 1926 fine
708 1886 1009 1939 praefationis,
1061 1889 1104 1927 in
1139 1888 1276 1928 affinis
1310 1902 1411 1928 cum
1443 1889 1661 1941 palmario
1693 1890 1786 1930 viro
1830 1889 2002 1942 spiritus
2036 1902 2152 1929 com-

211 1948 441 1996 munione,
485 1947 671 1999 supplex
704 1947 849 1987 Deum
883 1961 979 1996 oro,
1016 1954 1061 1987 ut
1094 1962 1247 1989 omnes
1280 1949 1474 1988 omnium
1508 1948 1703 1990 fidelium
1738 1949 1897 1990 Christi
1932 1963 2151 1989 servorum

209 2008 249 2047 in
283 2007 478 2048 Ecclesia
510 2007 770 2048 stabilienda
803 2014 986 2048 conatus
1024 2010 1080 2049 ad
1116 2009 1284 2049 felicem
1325 2010 1515 2062 gratiose
1556 2010 1793 2062 perducere
1824 2010 1927 2050 velit
1964 2010 2152 2058 exitum,

206 2068 402 2121 talesque
430 2067 648 2121 collapsae
674 2069 883 2108 ecclesiae
915 2083 1018 2109 suae
1050 2069 1193 2123 largiri
1228 2070 1307 2122 ipsi
1342 2070 1476 2110 libeat
1514 2070 1739 2120 doctores,
1773 2084 1880 2123 quos
1921 2084 2000 2110 nec
2035 2071 2154 2123 pacis

206 2130 375 2169 sincero
422 2141 571 2169 amore
613 2128 721 2168 Iunii
764 2128 1012 2178 srem‘cmn,
1062 2143 1203 2183 neque
1248 2129 1503 2183 inexpiabili
1547 2131 1777 2171 haereseos
1820 2131 1922 2172 odio
1956 2131 2066 2171 Iunii
2100 2132 2154 2172 de

207 2188 424 2230 Osterodo
455 2189 664 2229 iudicium
698 2189 871 2242 longius
905 2204 1036 2242 quam
1071 2204 1150 2242 par
1183 2196 1246 2230 est
1278 2191 1536 2243 egrediatur.
1589 2191 1715 2231 Tunc
1745 2192 1902 2231 iterum
1930 2190 2082 2231 fratres
2108 2206 2154 2231 se

206 2256 252 2290 ut
281 2251 384 2290 olim
417 2250 600 2288 invicem
639 2250 934 2298 adamabunt3
979 2250 1134 2290 veritas
1167 2251 1323 2301 stabit;
1372 2250 1602 2304 vapulabit
1638 2252 1935 2301 mendacium3
1981 2251 2153 2292 florebit

206 2311 410 2359 ecclesia;
446 2315 487 2349 et
519 2309 658 2349 honos
690 2311 769 2349 erit
800 2311 894 2350 laus
927 2316 969 2350 et
1001 2310 1139 2362 gloria
1173 2311 1366 2351 Domino
1395 2318 1542 2351 nostro
1571 2311 1749 2352 Christo
1778 2313 1873 2352 Iesu
1893 2344 1901 2360 ,
1936 2317 2021 2352 una
2054 2326 2152 2352 cum

205 2371 330 2411 Patre
363 2377 406 2411 et
440 2368 601 2422 Spiritu
636 2377 789 2410 sancto
822 2370 1113 2411 collaudando
1147 2371 1191 2410 in
1225 2378 1463 2412 aeternnm.
1528 2372 1692 2413 Amen.

832 2475 1018 2515 Nomine
1053 2474 1228 2516 Ordinis
1265 2475 1568 2529 theologorum
1604 2476 1914 2517 Universitatis
1940 2475 2151 2524 Liberae,

398 2580 570 2620 Dabam
607 2579 959 2627 Amstelodami,

201 2656 339 2697 Pridie
356 2657 455 2697 Kal.
482 2657 649 2697 Ianuar.
676 2671 712 2696 a.
735 2656 1175 2697 MDCCCLXXXII.
1444 2657 1582 2698 ABR.
1616 2656 1945 2698 KUYPERUS
1963 2689 1972 2706 ,

1193 2749 1422 2796 Theolagriae
1449 2750 1580 2787 declar
1614 2755 1651 2787 et
1667 2750 1884 2799 professor
1916 2748 2154 2787 ordinarius.
