2334 3020
769 107 835 135 DE
877 107 1022 134 VERA
1065 104 1418 134 THEOLOGIA.
2038 84 2101 146 65'

156 218 374 258 diuinarum
416 230 484 268 per
522 229 583 255 me
611 215 724 265 licet,
762 221 802 252 vt
828 213 989 263 aliquod
1017 224 1139 263 genus
1168 211 1282 250 huius
1313 210 1574 260 Theologiae,
1603 209 1781 260 quamuis
1807 210 2087 263 aequiuocum,

155 272 254 311 inter
291 283 428 310 omnes
462 275 642 308 constare
670 267 806 318 possit.
849 266 1060 317 Singularis
1087 268 1181 304 vero
1210 266 1245 302 T
1247 263 1452 313 heologiae
1480 263 1587 302 istius
1614 262 1923 313 circumscriptio
1953 276 2086 303 secun-

155 325 250 363 dum
279 336 414 363 causas
441 326 464 361 a
491 321 606 361 nobis
633 321 761 371 posita
788 327 846 359 est
873 320 912 357 in
940 319 1198 357 antecedente
1226 317 1291 355 illa
1319 316 1545 355 definitione
1573 322 1718 355 nostra.
1746 317 1849 354 Nam
1877 328 1994 356 causa
2007 319 2086 355 effi-

156 378 262 416 ciens
290 377 402 415 huius
432 374 672 425 Theologiae
702 381 759 412 est
786 379 924 412 natura
952 372 1062 422 ipsa,
1084 372 1134 409 ἐφ’
1147 373 1271 409 lumen
1287 372 1467 408 naturale
1480 371 1686 408 intellectus
1701 371 1842 407 nostri:
1859 370 2086 421 materialis,

156 442 285 469 rerum
326 429 544 468 diuinarum
580 429 779 477 prz'szczffl'a
818 427 1020 464 secundz‘m
1063 437 1102 462 se
1138 428 1249 473 nota,
1284 422 1323 460 in
1361 422 1501 471 quibus
1529 422 1749 472 Theologia
1777 423 1873 461 haec
1901 423 2085 462 naturalis

156 482 332 522 consistit
359 489 475 531 atque
504 488 735 530 occupatur:
766 482 892 518 forma
920 485 996 530 est,
1027 477 1135 527 qued
1162 490 1210 515 ex
1237 477 1313 514 illis
1337 477 1538 525 prinaspz'is
1558 477 1736 525 procedit
1755 476 1852 513 haec
1867 475 2086 526 Theologia

151 549 229 585 pre
258 536 423 573 rationis
450 535 641 572 humanae
670 535 791 572 modo.
825 534 886 570 De
904 533 979 570 fine
1007 530 1234 569 adhibendo
1262 541 1343 566 non
1357 528 1644 575 laborauimus,
1661 527 1752 578 quia
1765 535 1904 566 natura
1918 529 2086 568 docente

157 595 284 627 certus
325 594 401 639 est,
442 588 477 624 &
511 594 642 625 tamen
678 599 759 625 non
787 596 1026 635 magnopere
1050 584 1101 622 ad
1131 581 1398 621 definitionem
1432 582 1535 619 hanc
1562 588 1736 620 nostram
1761 580 1865 620 visus
1892 588 1949 620 est
1971 582 2086 632 perti-

155 654 260 680 nere.
302 642 372 679 Est
409 640 524 690 igitur
558 651 676 678 causa
710 638 878 678 efficiens
914 637 1027 675 huius
1053 635 1316 685 Theologiae,
1344 647 1425 672 non
1455 647 1537 684 ars,
1568 647 1648 673 non
1676 645 1810 685 casus,
1837 641 1903 672 aut
1930 635 2086 684 quiduis

150 695 276 746 aliud,
314 694 383 732 sed
410 700 546 731 natura
573 693 674 743 ipsa,
703 704 820 741 quam
847 689 1075 740 Philosophi
1102 687 1336 738 principium
1365 688 1400 724 δι
1429 699 1587 726 causam
1616 694 1744 726 motus
1773 687 1809 725 St
1837 687 1975 737 quietis
2003 687 2084 726 eius

150 747 188 785 in
217 759 296 797 quo
326 753 403 797 est,
430 746 559 796 primo
588 759 635 784 ac
662 758 731 795 per
758 757 821 795 se,
849 757 932 783 esse
959 742 1214 781 tradiderunt.
1242 742 1319 779 hoc
1346 739 1580 790 principium
1595 743 1961 790 commune,aquo
1975 747 2083 779 natu-

152 801 240 838 ralis
268 801 365 838 haec
402 798 620 846 Theologia
649 797 891 848 singulariter
922 797 962 834 in
989 805 1230 844 vnoquoque
1257 793 1417 832 homine
1444 793 1633 843 impressa
1661 799 1730 832 est.
1761 794 1831 832 sed
1858 793 1950 843 quia
1976 806 2083 832 corn-

149 865 266 892 mune
292 851 526 902 principium
555 852 658 890 istud
685 851 737 889 ita
764 850 804 889 in
831 849 989 899 singulis
1016 848 1112 899 agit,
1141 854 1183 886 vt
1209 847 1260 885 ad
1287 846 1458 896 singulas
1486 845 1705 884 functiones
1734 857 1822 884 suas
1844 852 1951 884 certa
1966 858 2081 896 quae-

148 907 240 944 dam
271 905 456 944 adhibeat
482 905 757 953 instrumenta,
786 917 831 941 ac
860 904 965 941 velut
991 908 1120 952 partes
1146 906 1307 938 naturae
1333 898 1406 936 toti
1432 897 1713 949 ministrantes,
1741 901 1948 949 propterea
1973 899 2081 938 intel-

152 961 275 998 lectus
301 960 513 1005 humanus,
541 959 647 996 velut
674 957 892 996 subiectum
921 954 1123 1005 proprium
1150 952 1264 991 huius
1292 951 1554 1002 Theologiae,
1578 951 1856 1004 substernitur3
1872 952 2083 991 cuiusluce

149 1011 316 1050 naturali
342 1018 425 1049 tum
453 1010 642 1062 principia
669 1016 896 1058 cernuntur,
933 1014 1016 1046 tum
1045 1006 1161 1045 etiam
1189 1003 1462 1055 processiones
1489 1017 1535 1042 ex
1563 1003 1762 1054 principiis
1789 1012 2083 1055 consequuntur

153 1066 254 1103 iusto
283 1071 442 1103 naturae
470 1063 619 1102 ordine.
648 1062 842 1112 Principia
868 1062 1127 1111 appellamus,
1156 1069 1256 1108 quae
1282 1069 1354 1107 per
1381 1069 1423 1095 se
1450 1063 1544 1095 nota
1571 1063 1661 1095 sunt
1686 1064 1848 1096 naturae
1861 1059 1967 1108 luce,
1983 1070 2083 1108 quae

153 1118 376 1156 immediate
415 1124 510 1155 nota
544 1123 653 1167 sunt,
692 1117 727 1153 δε
765 1127 866 1164 quae
901 1114 1065 1152 immota
1091 1111 1173 1149 siue
1208 1109 1487 1159 immutabilia,
1527 1116 1568 1147 vt
1608 1123 1656 1148 ex
1693 1109 1737 1148 iis
1776 1110 1936 1149 tandem
1976 1118 2082 1150 certa

157 1170 316 1210 scientia
342 1177 614 1219 consequatur.
655 1170 715 1207 Ex
741 1168 801 1206 his
827 1165 1026 1218 principiis
1056 1171 1184 1203 certos
1209 1174 1438 1213 processus,
1465 1168 1652 1211 tanquam
1680 1175 1729 1200 ex
1756 1162 1930 1201 fontibus
1960 1163 2085 1215 riuos,

152 1224 310 1263 deducit
337 1222 600 1273 ratiocinatio,
627 1221 816 1271 principia
842 1226 1003 1258 naturae
1030 1222 1233 1267 comparat
1259 1227 1350 1254 cum
1377 1226 1508 1253 rerum
1535 1215 1716 1266 veritate,
1753 1222 1819 1254 aut
1846 1229 1892 1254 ea
1918 1216 2017 1255 inter
2045 1230 2086 1256 se

152 1277 340 1328 disparat3
375 1287 508 1314 causas
544 1287 634 1313 cum
661 1273 808 1312 effectis
834 1272 975 1322 iungit,
1003 1278 1120 1320 atque
1146 1282 1194 1308 ex
1222 1268 1267 1307 iis
1294 1267 1516 1320 concludit3
1542 1280 1604 1306 res
1630 1280 1862 1307 communes
1892 1270 1928 1306 &
1956 1269 2079 1319 singu·

150 1332 250 1369 lares
291 1328 540 1380 determinat,
582 1326 751 1376 denique
792 1325 847 1364 sic
875 1324 1008 1364 omnia
1033 1322 1208 1373 ordinat,
1236 1328 1278 1360 vt
1305 1320 1507 1360 scientiam
1534 1321 1772 1371 adipiscatur
1798 1333 1930 1360 earum
1958 1334 2086 1361 rerum

150 1382 325 1422 omnium
359 1394 454 1431 quas
482 1381 578 1419 ratio
607 1379 775 1418 hominis
803 1378 1034 1428 inuestigare
1062 1377 1098 1414 δε
1125 1374 1314 1424 consequi
1342 1380 1484 1424 potest.
1522 1375 1599 1413 Sed
1627 1373 1719 1424 quia
1745 1381 2001 1425 perangustus
2029 1382 2087 1414 est

149 1435 308 1474 rationis
347 1436 540 1473 humanae
577 1433 740 1483 modus,
782 1438 943 1482 propter
977 1429 1218 1469 debilitatem
1248 1428 1467 1466 intellectus
1494 1426 1635 1473 nostri,
1664 1426 1732 1477 qui
1758 1428 1810 1466 ad
1837 1440 1898 1466 res
1925 1435 2087 1467 naturae

149 1487 476 1527 manifestissimas
517 1499 597 1524 non
632 1497 743 1524 secus
783 1498 823 1523 se
850 1486 987 1535 habet,
1025 1485 1144 1533 quam
1172 1482 1309 1520 oculus
1335 1487 1503 1519 noctuae
1529 1480 1580 1519 ad
1607 1481 1741 1519 lumen
1767 1480 1878 1532 solis,
1904 1487 1946 1519 vt
1972 1494 2085 1532 prae-

149 1543 276 1580 clarus
305 1541 368 1579 ille
396 1540 657 1590 Philosophus
685 1538 914 1577 Aristoteles
941 1537 980 1576 in
1006 1533 1279 1585 metaphysicis
1307 1535 1569 1585 agnoscebat3
1596 1533 1746 1572 idcirco
1774 1535 1942 1572 formam
1965 1533 2084 1573 totius

149 1594 261 1632 huius
302 1593 535 1644 cognitionis
572 1592 697 1631 visum
741 1597 799 1630 est
836 1591 896 1629 his
922 1590 1051 1630 verbis
1079 1586 1421 1638 circumscribere,
1449 1600 1523 1637 pro
1552 1588 1717 1624 rationis
1744 1588 1936 1626 humanae
1962 1589 2084 1626 modo.

146 1647 302 1686 Etenim
343 1660 391 1686 ex
431 1659 478 1685 eo
521 1646 616 1685 illud
655 1644 876 1684 necessario
919 1642 1171 1692 conficimus,
1213 1640 1245 1680 si
1283 1641 1456 1679 humana
1496 1639 1594 1678 ratio
1630 1639 1669 1678 in
1699 1641 1816 1678 rebus
1843 1653 1925 1679 non
1953 1641 2080 1679 solum

148 1699 347 1751 humanis,
389 1702 523 1739 verum
565 1698 681 1738 etiam
721 1697 961 1737 naturalibus
1001 1696 1101 1735 adeo
1142 1695 1298 1733 infirma
1338 1700 1417 1744 est,
1459 1693 1583 1731 multo
1622 1693 1745 1743 magis
1771 1700 1957 1744 angustos
1984 1694 2081 1732 fines

149 1753 454 1792 ratiocinationis
481 1759 637 1792 nostrae
665 1751 704 1790 in
733 1753 870 1802 rebus,
900 1763 1000 1801 quae
1027 1751 1143 1799 supra
1170 1754 1349 1786 naturam
1377 1753 1488 1797 sunt,
1516 1746 1726 1796 ponendos
1750 1759 1852 1785 esse:
1868 1759 1918 1784 ne
1933 1747 2032 1784 forte
2046 1745 2087 1784 in

147 1808 262 1846 rebus
302 1813 382 1845 tam
422 1805 571 1857 arduis,
614 1816 779 1855 quarum
819 1804 1084 1843 occultatione
1124 1800 1248 1852 gloria
1290 1800 1366 1838 Dei
1403 1799 1546 1837 emicat
1573 1798 1876 1838 luculentissime
1904 1801 1961 1848 (vt
1989 1798 2084 1838 olim

151 1861 321 1899 docebat
348 1859 524 1909 Sapiens)
552 1858 737 1897 naturalis
763 1859 887 1896 homo
914 1857 988 1896 sibi
1015 1856 1217 1905 indulgere
1244 1854 1280 1891 &
1308 1851 1494 1892 assentari
1508 1852 1660 1891 audeat.
1687 1854 1818 1902 Atque
1830 1853 1908 1891 hoc
1923 1851 2084 1902 quidem

150 1913 326 1952 vniuerse
366 1913 536 1964 dictum,
577 1925 695 1950 nemo
737 1913 799 1950 vel
826 1909 1017 1950 mediocri
1044 1908 1195 1948 ratione
1222 1906 1419 1957 praeditus
1448 1905 1691 1944 infitiabitur:
1721 1905 1813 1955 quia
1840 1907 1876 1944 &
1904 1905 2088 1944 notiones

149 1977 379 2005 communes
406 1969 430 2004 a
457 1972 596 2004 natura
622 1971 906 2015 progeneratae
932 1964 974 2002 id
999 1963 1167 2012 docent,
1193 1961 1229 1998 δι
1251 1959 1427 1998 omnium
1443 1960 1664 1997 seculorum
1679 1957 2087 2008 hominumq.euincit

150 2019 400 2069 experientia.
441 2025 710 2058 verumtamen
750 2025 792 2056 vt
832 2016 1082 2056 commodius
1122 2027 1207 2053 rem
1248 2019 1338 2051 ante
1379 2013 1516 2052 oculos
1555 2023 1749 2062 ponamus
1784 2011 1986 2062 omnium,
2011 2011 2085 2050 tria

148 2073 262 2112 nobis
302 2072 341 2111 in
383 2071 610 2122 quaestione
637 2073 711 2110 hac
737 2071 918 2110 videntur
945 2069 1082 2109 ordine
1109 2066 1353 2117 explicanda.
1394 2065 1567 2103 Primum
1595 2064 1699 2103 enim
1726 2064 1941 2104 videndum
1968 2063 2084 2103 nobis

148 2133 226 2177 est,
254 2137 353 2176 quae
380 2126 416 2163 δε
445 2125 666 2164 cuiusmodi
692 2124 886 2175 principia
911 2123 976 2162 illa
1004 2123 1079 2162 sint
1106 2132 1206 2172 quae
1234 2119 1349 2158 nobis
1376 2121 1399 2157 a
1427 2125 1564 2156 natura
1586 2119 1769 2157 haerent:
1796 2117 1953 2157 Deinde
1967 2121 2087 2169 vere,

149 2191 342 2229 quaenam
381 2179 428 2217 sit
469 2185 627 2217 naturae
668 2177 780 2216 huius
819 2177 940 2229 ratio,
981 2176 1021 2215 in
1057 2187 1155 2226 qua,
1184 2180 1370 2223 tanquam
1398 2171 1438 2210 in
1464 2171 1641 2210 subiecto
1675 2182 1768 2221 suo,
1796 2170 1988 2222 principia
2013 2170 2086 2210 ista

148 2232 372 2283 ingenerata
401 2239 507 2271 sunt:
535 2234 735 2283 postreme
763 2238 913 2283 autem,
942 2229 1052 2280 quod
1078 2239 1177 2279 opus
1205 2227 1241 2264 &
1270 2237 1369 2276 quae
1399 2225 1538 2263 effecta
1564 2231 1726 2263 naturae
1754 2224 1853 2263 illius
1876 2223 2085 2274 principio-

149 2297 314 2335 rumque
355 2285 451 2336 sint,
491 2291 557 2323 aut
595 2298 678 2323 esse
705 2287 905 2334 praeterea
931 2282 1103 2334 possint,
1135 2282 1225 2319 cum
1252 2279 1291 2317 in
1321 2289 1450 2317 rerum
1480 2279 1741 2316 humanarum
1769 2278 1806 2316 &
1832 2277 2087 2327 naturalium,

149 2341 232 2376 tum
247 2339 285 2377 in
302 2338 521 2377 diuinarum
536 2338 835 2388 inuestigatione
851 2339 887 2375 δι
902 2333 1272 2387 comprehensione,
1289 2332 1482 2370 humanae
1497 2330 1658 2370 rationis
1673 2337 1831 2370 nostrae
1845 2329 2088 2369 adiumento.

204 2391 488 2441 Principiorum
524 2391 639 2442 igitur
665 2403 766 2441 quae
792 2391 832 2429 in
859 2390 975 2429 nobis
1005 2396 1113 2440 sunt,
1142 2384 1467 2425 commoditatem
1497 2383 1556 2422 his
1583 2383 1717 2434 paucis
1744 2383 1873 2423 verbis
1901 2382 2087 2422 describi-

153 2456 260 2494 mus,
293 2446 405 2483 Thes.
434 2456 516 2483 XVI.
545 2446 682 2483 Huius
713 2446 753 2482 T
748 2446 945 2493 heologiae
972 2442 1168 2481 naturalis
1195 2440 1382 2478 intellectu
1407 2438 1575 2475 humano
1601 2439 1704 2476 notio
1724 2442 1906 2477 versatur
1919 2438 1959 2474 in
1974 2437 2088 2474 rebus

152 2499 429 2549 communibus,
458 2500 507 2536 ἐφ’
534 2500 717 2548 obscura,
747 2499 797 2536 ἔφ’
824 2497 1046 2548 imperfecta
1075 2500 1151 2533 est:
1175 2494 1329 2541 ideoque
1348 2503 1492 2529 necesse
1506 2491 1967 2540 habetasupernaturalz·
1976 2501 2087 2527 suam

144 2550 417 2600 perfectionem
447 2550 647 2601 suseipere.
703 2551 787 2589 Etsi
821 2557 951 2589 autem
987 2562 1059 2600 pro
1095 2546 1246 2586 ratione
1282 2543 1521 2594 argumenti,
1548 2544 1657 2593 quod
1684 2542 1915 2582 instituimus
1943 2541 1983 2580 in
2009 2541 2088 2580 hoc

153 2605 244 2641 loco
268 2603 561 2655 explicandum,
582 2604 741 2654 proprie
764 2604 913 2655 agimus
937 2604 986 2642 de
1009 2600 1169 2641 rationis
1193 2603 1350 2637 nostrae
1373 2597 1425 2635 ad
1447 2609 1507 2635 res
1527 2596 1679 2636 diuinas
1694 2597 1910 2636 secundum
1923 2601 2086 2633 naturae

152 2656 231 2694 vim
259 2656 524 2696 ordinatione:
551 2664 682 2695 tamen
706 2670 752 2696 ea
766 2670 866 2708 quae
881 2658 925 2707 (f.
945 2658 1072 2707 1392.)
1086 2654 1152 2692 hic
1165 2653 1215 2691 de
1228 2649 1428 2701 principiis
1442 2656 1603 2689 naturae
1616 2656 1774 2689 nostrae
1787 2647 2081 2700 praedicantur,

154 2710 415 2749 communiter
443 2710 560 2748 etiam
581 2710 879 2760 quodammodo
894 2712 944 2748 ad
959 2723 1018 2749 res
1032 2720 1168 2747 omnes
1181 2707 1384 2754 humanas,
1398 2703 1626 2754 praesertim
1640 2706 1734 2742 vero
1750 2703 1918 2741 morales
1930 2714 2086 2740 accom-

155 2763 307 2801 modari
334 2772 518 2813 possunt:
542 2771 583 2801 vt
610 2764 684 2802 hac
712 2763 774 2802 via
799 2764 1065 2814 cognitionem
1092 2766 1252 2799 naturae
1279 2763 1457 2807 nostrae,
1483 2763 1671 2806 quantum
1691 2756 1850 2806 quidem
1870 2755 1921 2794 ad
1940 2756 2020 2793 hoc
2033 2767 2090 2792 ar-

1057 2828 1079 2864 9
1861 2815 2089 2859 gumentum
