2334 3020
227 70 272 94 22
864 62 1147 89 FRANCISCI
1185 63 1320 95 JUNII
1362 64 1492 89 VITA.

223 171 433 221 hospitium
462 170 659 208 obsidere:
688 169 727 206 in
755 170 862 217 quod
889 167 1002 205 tertio
1027 167 1088 205 die
1107 167 1343 205 mendaciter
1371 168 1582 206 intromissi
1609 166 1846 205 trucidarunt
1873 165 2136 216 indignissime

224 233 373 273 patrem
415 223 560 270 sicarij,
589 223 624 258 &
653 233 795 270 corpus
823 219 1046 258 semianime
1075 232 1142 268 per
1170 221 1377 257 fenestram
1405 220 1596 259 deiectum
1626 226 1710 257 toto
1739 218 1860 268 opido
1889 218 2137 270 diuexarunt,

223 276 445 314 laniandum
474 273 634 312 canibus
659 273 906 319 obiecerunt,
935 274 970 310 &
999 272 1150 320 sepeliri
1178 271 1455 310 interdixerunt
1481 273 1648 321 publice.
1689 272 1773 310 Etsi
1800 273 1877 309 hoc
1897 278 2138 321 postremum

222 327 468 366 humanitatis
509 326 700 375 officium,
742 325 850 373 quod
890 324 948 362 vir
987 326 1113 361 nullus
1154 325 1340 373 audebat,
1383 325 1552 363 foemina
1591 324 1832 375 procurauit,
1867 326 1902 362 &
1931 325 2138 362 collectum

225 392 365 430 corpus
407 380 455 418 de
495 385 612 417 nocte
652 379 794 416 sacello
828 376 1005 414 familiari
1031 376 1226 420 condidit,
1256 376 1363 426 quod
1389 376 1428 415 in
1455 378 1679 417 coemiterio
1707 376 2054 416 Franciscanorum
2082 383 2139 415 est

222 435 271 472 de
299 439 432 470 nostro
460 431 628 470 nomine.
684 432 795 467 Haec
824 430 964 468 caedes
993 428 1196 467 consilium
1224 428 1343 478 Regis
1371 431 1586 470 commouit
1611 431 1841 481 plurimum,
1876 430 1911 467 ἃ*
1939 429 2138 467 (1001οῖ11111

223 487 270 524 (10
310 484 587 523 labefactandis
628 483 745 521 muris
786 482 902 520 totius
944 481 1051 531 opidi
1092 481 1131 519 in
1171 494 1219 518 eo
1246 483 1411 531 factum,
1445 491 1603 533 propter
1630 484 1872 522 atrocitatem
1900 481 2073 532 sceleris,
2103 484 2138 520 &

221 537 589 588 periculosissimum
629 536 848 584 exemplum
889 533 1000 571 illius.
1057 534 1133 571 Sed
1174 541 1309 583 postea
1349 546 1537 573 conuersa
1577 544 1633 574 est
1674 535 1905 574 factionibus
1933 542 2015 572 tota
2041 534 2138 573 ratio

220 591 388 640 consilij3
430 597 511 627 tum
553 595 710 638 propter
752 587 917 636 Sipierrij
962 586 1242 625 Gubernatoris
1269 588 1303 624 &
1331 588 1607 626 nonnullorum
1633 602 1680 626 ex
1705 588 1907 628 nobilitate
1934 599 2139 636 procerum

221 644 431 680 inueterata
470 641 577 689 odia,
621 648 702 678 tum
741 646 901 689 propter
941 639 1137 688 religionis
1179 639 1391 678 Pontificae
1431 641 1577 690 zelum,
1618 641 1725 679 cuius
1759 640 1853 680 odio
1881 640 2142 679 indesinenter

220 694 436 746 flagrauisse
485 694 574 732 inde
616 695 664 731 ab
704 692 814 730 annis
855 691 1019 741 amplius
1061 691 1197 742 viginti
1239 698 1404 742 quatuor
1445 692 1750 732 criminabantur
1790 701 1951 744 patrem.
2006 695 2141 742 Itaque

221 749 382 786 caedem
418 747 522 784 illam
560 758 721 784 necesse
760 744 896 783 habuit
924 751 1046 783 mater
1073 745 1113 782 in
1140 744 1260 794 Regis
1289 744 1452 783 consilio
1480 746 1659 796 persequi
1687 760 1734 785 ex
1761 759 1809 785 eo
1837 753 2032 796 tempore:
2062 757 2140 795 quo

220 803 340 849 facto,
378 801 467 837 cum
507 799 590 848 ipsa
625 798 664 836 in
693 811 733 836 se
761 799 973 836 multorum
1001 797 1212 836 concitauit
1240 798 1347 847 odia,
1388 804 1471 836 tum
1499 799 1630 837 omnia
1656 801 1776 838 ferme
1805 800 2015 838 commoda
2043 811 2141 847 quae

219 867 266 892 ex
304 851 443 891 bellica
481 851 654 899 licentia,
696 850 823 900 furtis,
859 850 1021 900 rapinis,
1049 850 1426 901 grassationibusque
1454 853 1649 890 restabant
1677 852 1767 901 ipsi,
1796 851 1835 890 in
1862 852 1936 890 hac
1964 864 2140 901 persecu-

217 906 322 944 tione
365 904 583 954 occupauit.
637 906 730 942 Hoc
770 910 899 942 autem
939 902 1037 941 tristi
1077 910 1241 953 accepto
1274 903 1441 948 nuncio,
1471 906 1521 943 ab
1550 905 1802 943 antecedente
1829 904 1892 942 illa
1919 915 2036 953 quam
2064 904 2143 942 dixi

217 957 472 997 sollicitudine
514 957 568 996 sic
609 957 663 994 fui
701 957 904 1001 liberatus,
948 963 989 994 vt
1029 956 1124 994 aliae
1160 955 1357 1006 grauiores
1384 956 1556 995 animum
1584 969 1714 996 meum
1741 958 1985 996 incesserent.
2039 959 2143 995 Tum

217 1014 307 1049 vero
333 1009 554 1059 indignatus
583 1014 705 1060 prope
734 1009 907 1060 ingratae
935 1008 1080 1058 patriae
1102 1008 1348 1060 renunciaui,
1373 1012 1408 1048 &
1433 1009 1604 1048 animum
1632 1010 1755 1049 abieci
1775 1009 2002 1050 reuisendae
2023 1009 2142 1058 illius,

217 1076 314 1114 quae
341 1064 469 1101 bonos
498 1064 699 1113 exederet,
735 1063 770 1100 δι
799 1062 884 1101 511111
912 1063 1062 1100 foueret
1089 1063 1224 1100 malos.
1281 1063 1402 1101 Statui
1430 1074 1518 1101 cum
1546 1063 1676 1102 animo
1706 1076 1795 1102 meo
1821 1062 2066 1113 prospicere,
2094 1075 2143 1100 ne

217 1116 330 1155 matri
359 1117 542 1155 molestus
572 1129 714 1165 essem,
743 1115 900 1165 quando
931 1115 1078 1165 optime
1106 1121 1222 1164 atque
1251 1128 1296 1153 ex
1325 1116 1484 1154 veritate
1511 1117 1803 1165 perpendebam
1830 1123 2017 1165 quantum
2045 1127 2144 1153 onus

219 1169 360 1207 afflicta
397 1176 518 1207 mater
545 1168 584 1206 in
613 1181 653 1206 se
681 1167 888 1218 reciperet,
918 1169 954 1206 &
981 1170 1097 1218 quam
1125 1169 1267 1206 multos
1297 1176 1471 1218 sumptus
1499 1170 1645 1207 factura
1673 1176 1786 1208 esset.
1841 1171 1975 1218 Itaque
2002 1169 2144 1217 pedem

220 1224 405 1261 Geneuae
445 1221 529 1268 fixi,
573 1228 736 1259 matrem
776 1220 912 1271 rogaui
952 1220 1070 1259 literis
1111 1234 1160 1259 ne
1204 1221 1252 1259 de
1294 1235 1356 1259 me
1395 1223 1612 1273 laboraret,
1651 1223 1931 1271 docendaeque
1958 1220 2147 1259 iuuentuti

223 1288 382 1326 operam
423 1274 541 1312 malui
581 1274 760 1324 priuatim
802 1275 914 1324 dare,
953 1276 1071 1323 quam
1099 1275 1122 1311 a
1149 1275 1239 1312 1000
1268 1276 1303 1312 &
1333 1275 1382 1312 ab
1410 1274 1600 1324 incoeptis
1627 1275 1762 1313 studiis
1791 1275 2003 1314 discedere.
2058 1275 2145 1312 Hac

222 1327 455 1367 condicione
484 1328 587 1377 apud
615 1327 739 1365 virum
765 1326 907 1377 pietate
936 1329 971 1365 81
1000 1326 1179 1365 doctrina
1201 1333 1463 1376 praestantem
1486 1329 1537 1366 D.
1560 1328 1805 1366 Ludouicum
1831 1329 2011 1366 Enocum
2034 1326 2145 1364 Mini-

220 1388 341 1419 strum
364 1379 472 1420 verbi
493 1380 759 1419 fidelissimum
780 1380 830 1418 ad
851 1393 1004 1418 menses
1027 1379 1162 1430 viginti
1185 1380 1284 1418 duos
1305 1380 1497 1429 habitaui,
1521 1380 1675 1429 Latine,
1702 1382 1870 1430 Graece,
1898 1382 1933 1418 &
1949 1379 2146 1417 Hebraice

220 1436 447 1484 plerumque
488 1434 633 1472 docens
661 1433 796 1471 diebus
825 1432 1001 1483 singulis,
1030 1434 1065 1471 &
1094 1445 1156 1471 me
1183 1432 1222 1470 in
1251 1433 1378 1471 studio
1407 1445 1601 1472 sacrarum
1630 1433 1825 1472 literarum
1851 1433 2146 1483 linguarumque

222 1487 375 1525 exercui
418 1485 615 1535 diligentia
656 1489 774 1535 quam
801 1486 911 1535 potui
937 1485 1116 1524 maxima.
1172 1486 1326 1535 Agebat
1354 1493 1436 1524 tum
1463 1487 1502 1524 in
1529 1485 1665 1524 iisdem
1695 1487 1856 1525 aedibus
1884 1497 2039 1524 mecum
2068 1486 2147 1523 Ste-

221 1541 369 1589 phanus
411 1539 592 1578 Grossius
637 1539 896 1589 Geneuensis,
925 1538 1165 1576 iuuentutem
1193 1539 1360 1585 docens,
1389 1539 1546 1588 quicum
1574 1538 1668 1577 mihi
1694 1539 1919 1578 suauissima
1947 1545 2028 1576 erat
2056 1551 2146 1576 con-

221 1593 403 1641 suetudo,
444 1599 525 1629 tum
562 1599 720 1641 propter
747 1591 928 1641 pietatem
958 1593 993 1629 81
1021 1591 1306 1640 simplicitatem
1334 1593 1472 1629 ἄδολον
1498 1591 1662 1641 ingenij,
1689 1598 1771 1630 tum
1798 1598 1958 1642 propter
1983 1591 2146 1629 incredi-

223 1645 339 1683 dilem
380 1647 415 1683 &
442 1644 712 1682 indelassatam
742 1644 822 1682 eius
850 1644 887 1682 in
918 1644 1052 1682 studiis
1081 1644 1332 1694 diligentiam.
1389 1644 1552 1682 Memini
1578 1651 1659 1683 tum
1688 1645 1786 1683 inter
1814 1658 1886 1683 nos
1913 1643 2081 1694 pacisci,
2107 1650 2148 1681 vt

223 1700 360 1736 Museo
389 1698 588 1736 communi
615 1698 663 1735 de
686 1704 802 1735 nocte
826 1705 1021 1736 vteremur
1046 1698 1220 1736 alternis:
1249 1697 1313 1735 ille
1338 1698 1361 1734 a
1381 1709 1544 1746 vespera
1563 1698 1613 1735 ad
1633 1698 1803 1736 mediam
1826 1710 1946 1747 vsque
1971 1703 2146 1743 noctem,

223 1759 288 1788 aut
328 1752 463 1788 horam
499 1750 664 1799 primam
691 1750 867 1800 proxime
895 1757 1122 1799 sequentem
1151 1750 1313 1800 peruigil
1342 1757 1441 1788 esset
1468 1749 1507 1788 in
1535 1749 1689 1801 studiis,
1717 1764 1790 1801 ego
1817 1754 1910 1789 vero
1937 1749 1993 1788 illi
2021 1749 2148 1787 cubile

224 1803 391 1852 petituro
420 1803 469 1841 ad
499 1803 626 1841 studia
654 1816 741 1841 mea
768 1803 1037 1854 succederem,
1068 1815 1188 1852 quum
1217 1803 1311 1841 mihi
1333 1803 1513 1852 lampada
1535 1803 1767 1842 tradidisset.
1809 1805 1854 1841 Id
1878 1816 1949 1841 nos
1972 1802 2150 1840 familiari

228 1869 408 1894 sermone
436 1862 570 1894 nostro
601 1856 801 1894 Castorem
829 1858 863 1894 &
892 1858 1093 1894 Pollucem
1125 1869 1239 1906 agere
1269 1855 1505 1895 dicebamus.
1560 1858 1605 1894 In
1634 1857 1706 1894 hac
1735 1856 1996 1895 conuentione
2019 1862 2151 1893 nostra

223 1916 442 1946 constanter
468 1909 821 1958 perseuerauimus,
851 1910 978 1947 donec
1005 1911 1141 1959 hyems
1166 1909 1230 1946 illa
1256 1908 1481 1959 grauissima
1509 1909 1755 1960 superuenit,
1780 1922 1879 1959 quae
1895 1907 2150 1947 cessationem

223 1963 272 1999 ab
304 1961 375 1999 illis
403 1960 609 2010 peruigiliis
632 1961 847 2011 imperauit.
890 1963 1140 2011 Quamquam
1161 1975 1223 2000 me
1247 1961 1386 1999 iniuria
1409 1961 1508 2000 illius
1534 1961 1684 2011 frigoris
1707 1975 1787 2000 non
1811 1962 1935 2012 potuit
1958 1962 2152 1999 deterrere

223 2015 272 2051 ab
313 2013 485 2051 instituto
525 2027 636 2065 meo,
677 2014 743 2063 qui
786 2016 836 2052 ad
878 2023 1034 2053 noctem
1070 2014 1343 2064 intempestam
1371 2013 1531 2064 vigilans
1561 2015 1615 2053 510
1644 2016 1775 2052 curaui
1803 2015 1974 2054 animum
2003 2015 2038 2051 &
2066 2013 2153 2051 auxi

223 2066 376 2115 studiis,
418 2074 458 2104 vt
499 2079 639 2115 corpus
680 2068 902 2117 neglectum
943 2075 1130 2106 vernante
1173 2069 1288 2106 coelo
1329 2067 1367 2104 in
1396 2070 1517 2106 multa
1544 2067 1795 2106 incommoda
1822 2067 2010 2106 inciderit.
2065 2068 2151 2116 Ego

222 2119 460 2156 iuuentutem
502 2121 680 2168 exemplo
721 2133 808 2158 meo
850 2122 1025 2159 laborem
1056 2120 1190 2158 doceri
1216 2120 1355 2170 velim,
1386 2120 1416 2157 si
1445 2120 1551 2168 cupit
1580 2122 1746 2158 fructum
1772 2133 1906 2160 verum
1933 2119 2052 2158 illius:
2083 2119 2152 2157 sed

221 2171 512 2221 improbitatem
533 2171 676 2210 laboris
704 2172 902 2221 improbo:
933 2186 980 2211 ex
1004 2185 1080 2222 qua
1104 2173 1260 2222 corpori
1283 2185 1373 2211 11100
1396 2175 1578 2221 καχεξία,
1602 2173 1733 2211 animo
1758 2177 1938 2211 συντονία
1959 2173 2151 2222 quaedam

221 2225 273 2261 ad
301 2225 454 2261 labores
482 2223 706 2273 ingenerata
734 2232 812 2274 est,
841 2225 922 2264 aliis
952 2238 1131 2275 morosa,
1161 2228 1196 2264 ἃ
1224 2226 1318 2264 1111111
1345 2225 1438 2275 ipsi,
1466 2226 1773 2275 quotiescunque
1799 2226 1848 2263 ad
1877 2238 1938 2263 me
1966 2224 2152 2274 respicio,

223 2276 505 2314 molestissima.
562 2277 639 2314 Sed
680 2277 779 2315 adeo
821 2280 844 2315 a
883 2279 1025 2316 teneris
1065 2290 1287 2317 assuescere
1329 2280 1491 2316 multum
1535 2286 1609 2326 est,
1650 2278 1730 2317 imo
1771 2282 1864 2316 vero
1892 2277 1988 2315 mihi
2014 2284 2151 2315 totum.

221 2328 379 2366 Accidit
419 2335 550 2367 autem
592 2330 664 2367 sub
705 2329 799 2367 illud
841 2337 1017 2381 tempus,
1060 2338 1101 2369 vt
1145 2331 1476 2380 Gymnasiarchus
1518 2331 1761 2370 Geneuensis
1803 2332 1959 2369 scholae
2001 2331 2050 2368 de
2076 2330 2154 2367 vita

221 2382 439 2420 decederet.
494 2381 598 2419 Huic
639 2393 757 2429 quum
799 2384 891 2421 alter
934 2385 1115 2422 suffectus
1144 2391 1243 2422 esset
1271 2384 1337 2433 qui
1364 2383 1402 2421 111
1430 2383 1671 2422 Νο500011110
1701 2383 1922 2422 Geneuensi
1950 2383 2154 2421 defunctus

220 2442 301 2472 erat
343 2433 579 2482 ministerio,
619 2435 834 2472 honorifice
876 2449 942 2484 per
980 2438 1029 2474 D.
1059 2437 1240 2475 Enocum
1268 2437 1462 2485 hospitem
1490 2448 1621 2474 meum
1649 2437 1711 2486 agi
1739 2448 1893 2474 mecum
1922 2435 2088 2474 Ministri
2119 2437 2153 2473 &

221 2487 385 2534 Synedri
424 2486 622 2525 Ecclesiae
663 2495 915 2537 curauerunt,
954 2495 993 2526 vt
1021 2489 1152 2527 habita
1179 2489 1391 2538 praesentis
1421 2488 1654 2527 difficultatis
1683 2489 1852 2538 ratione,
1875 2488 1914 2526 in
1943 2487 2154 2526 ministerio

223 2539 289 2576 illo
340 2539 567 2587 Nosocomij
620 2540 867 2577 succederem
909 2542 958 2578 ad
999 2541 1164 2590 spatium
1206 2555 1272 2580 sex
1312 2542 1624 2591 hebdomadum,
1675 2542 1804 2580 donec
1845 2542 1894 2580 de
1937 2548 2044 2579 certo
2084 2541 2152 2578 ho-

225 2591 329 2629 mine
371 2592 581 2630 commode
621 2598 871 2641 prospectum
911 2600 1021 2631 esset.
1077 2594 1150 2643 Egi
1192 2594 1331 2644 gratias
1373 2605 1444 2643 pro
1486 2606 1533 2631 00
1561 2595 1712 2632 honore
1735 2593 1934 2632 &iudicio
1959 2594 2153 2643 ipsorum,

228 2651 405 2683 causatus
456 2644 669 2682 institutum
721 2645 935 2682 studiorum
990 2659 1165 2684 meorum
1207 2659 1382 2694 cursum,
1433 2657 1547 2694 quem
1589 2649 1677 2684 ante
1719 2658 1902 2696 cuperem
1942 2647 2155 2684 absoluere.

230 2696 313 2734 Etsi
353 2709 487 2736 reuera
531 2698 650 2735 altera
691 2708 806 2735 causa
849 2699 1022 2736 suberat:
1076 2699 1115 2736 id
1157 2698 1259 2736 enim
1300 2698 1541 2748 cogitabam,
1597 2712 1677 2737 non
1707 2699 1825 2737 modo
1867 2698 2033 2747 aditum,
2086 2698 2156 2735 sed

2029 2757 2157 2799 potius
