2334 3020
273 50 296 87 6

270 187 316 212 ne
344 174 496 211 verbum
526 171 669 221 quidem
695 169 969 206 communicans
991 179 1073 204 cum
1103 169 1183 216 ipso
1208 180 1316 204 suam
1346 169 1463 205 vitam
1483 169 1689 206 scribente:
1715 180 1760 206 ne
1780 170 1816 206 si
1834 169 2045 214 abnuisset,
2068 170 2188 208 iactu-

270 247 358 272 ram
401 234 499 271 lianc
526 232 621 281 pati
654 232 783 266 coacta
824 227 962 271 fuisset
999 227 1175 264 Ecclesia
1216 227 1464 278 Christiana,
1506 230 1612 266 cuius
1640 229 1804 266 maxime
1833 228 1965 276 refert
1991 229 2083 266 lzaec
2113 242 2189 268 non

270 296 456 342 ignorare
475 304 489 329 .·
527 294 616 328 ne've
650 290 685 327 si
724 288 940 337 adnuisset,
965 288 1177 336 propriam
1216 287 1276 324 liic
1301 288 1474 334 gloriam
1504 293 1679 326 venatum
1710 290 1836 326 virum
1866 290 2045 339 optimum
2075 290 2189 327 male-

269 355 347 392 voli
387 353 596 390 obiicerent.
648 349 760 386 Certe'
800 347 1037 399 docebuntur!
1066 347 1153 384 inde
1198 348 1313 384 varia
1349 348 1464 396 varij.
1532 348 1829 398 Depreliendent
1855 350 1936 386 viri
1964 349 2163 398 Principes
2178 378 2189 399 7

269 418 500 452 nostrorum⁴
518 414 719 460 corporum
755 407 937 456 Tutores,
968 407 1169 455 rerumque
1199 411 1422 444 nostrarum
1459 407 1692 458 Curatores,
1718 410 1868 457 quantis
1899 421 1980 446 cum
1997 410 2188 458 periculis

269 477 371 512 iacta
407 472 566 521 fuerint
600 468 859 518 fundamenta
893 466 1157 516 pulcherrimo
1202 467 1288 504 liuic
1332 467 1524 517 aedificio,
1562 470 1624 506 cui
1657 472 1766 506 sarto
1805 473 1898 507 tecto
1927 469 2187 507 conseruando

270 545 410 571 otnnem
455 530 632 569 adhibent
672 528 931 574 diligentiam:
976 526 1251 575 deprehendent
1285 531 1423 575 quanto
1460 526 1665 575 fastigium
1696 529 1939 567 emoliendum
1977 531 2193 567 constiterit

269 594 473 640 sanguine:
505 588 778 640 deprehendent
804 590 942 636 quanto
973 586 1097 624 studio
1128 588 1266 626 omnia.
1282 586 1370 633 fere
1400 587 1578 625 elementa
1603 590 1642 625 in
1668 589 1890 626 Fabrorum
1908 591 2121 639 perniciem
2140 590 2190 627 ἔφ’

270 654 577 701 exstirpationem
599 647 759 697 fuerint
785 648 986 685 concitata.
1047 646 1228 684 Videbunt
1255 648 1473 684 animarum
1509 648 1694 685 Pastores
1714 650 1864 697 quantis
1895 650 2192 699 difficultatibus

270 713 471 751 educentur
502 709 693 748 Ecclesiae
723 707 926 744 Mi‘nistri:
957 706 1134 743 videbunt
1161 711 1303 756 quanta
1333 707 1579 757 discrimina,
1604 712 1767 757 quantae
1795 710 1996 755 miseriae,
2028 713 2192 759 quantae

270 773 477 811 calumniae
517 770 737 807 comitentur
789 779 870 804 cum
907 779 1072 816 omnem,
1114 771 1192 803 tum
1222 766 1530 804 Ecclesiasticam
1555 768 1891 815 gubernationem:
1927 770 2106 807 videbunt
2130 770 2191 808 liic

271 838 457 881 tamquam
486 833 526 869 in
555 829 700 878 speculo
720 828 974 877 praecipuam
1006 827 1284 864 Mini'strorum
1315 829 1513 877 virtutem,
1545 828 1787 865 Fideli'tatem
1805 841 1819 865 :
1850 829 1962 867 liuius
1978 831 2089 880 quasi
2111 834 2191 867 tres

277 892 471 941 Gemmas,
503 901 633 928 veram
663 888 746 925 Dei
773 887 1014 935 Agnitionem
1027 916 1038 936 7
1070 899 1164 936 quae
1193 888 1378 925 virtutum
1409 889 1572 925 omnium
1591 889 1692 937 sons
1729 889 1779 926 ἐφ’
1809 901 1968 935 norma,
2009 890 2190 928 Constan-

271 954 362 990 tiam
403 953 452 989 &
491 949 746 996 Diligentiam
787 949 827 985 in
862 959 1015 984 munere
1045 948 1292 996 exsequendo,
1334 948 1425 985 liaec
1455 949 1581 985 omnia
1612 950 1747 986 iuuari
1774 949 1822 985 ab
1851 961 1991 987 summo
2020 950 2194 988 Diuinae

277 1012 437 1050 Gloriae
465 1011 562 1060 zelo,
594 1010 643 1046 (ἓν
673 1008 937 1046 ardentissimo
965 1008 1032 1045 isti
1051 1007 1332 1056 promovendae
1361 1008 1582 1048 Desiderio,
1633 1008 1856 1056 Intelligent
1884 1009 2072 1047 Parentes
2101 1010 2197 1058 quid

270 1075 331 1110 sui
353 1071 478 1122 officij
505 1072 545 1108 in
574 1069 776 1107 educandis
806 1068 958 1105 Liberis
971 1080 985 1104 .-
1017 1079 1078 1105 eos
1107 1080 1239 1105 veram
1270 1068 1505 1115 Religionem
1537 1080 1612 1106 esse
1643 1068 1849 1120 docendos,
1883 1073 1920 1106 et
1947 1070 2004 1106 ad
2025 1070 2192 1107 divinum

271 1134 407 1170 cultum
452 1134 539 1169 ante
583 1131 708 1167 omnia
753 1127 993 1166 instruendos
1006 1157 1016 1177 ‚
1062 1132 1107 1165 ut
1150 1132 1188 1165 et
1228 1129 1427 1176 Religioni
1470 1128 1649 1166 bonorem
1695 1129 1880 1176 habeant,
1935 1130 1985 1167 ὃν
2025 1129 2070 1167 de
2106 1130 2193 1167 Deo

271 1193 386 1231 verba
424 1191 558 1239 facere
598 1191 622 1226 a
658 1190 796 1239 primis
832 1183 944 1225 annis
984 1188 1163 1226 discant:
1210 1200 1270 1226 eos
1299 1189 1347 1225 ab
1377 1189 1538 1226 iurandi
1566 1189 1828 1227 consuetudine
1857 1190 2114 1238 continendos,
2147 1190 2195 1228 ab

271 1253 393 1291 verbis
428 1251 620 1300 factisque
665 1250 848 1287 obscoenis
888 1248 1171 1299 custodiendos,
1217 1249 1264 1286 ab
1304 1247 1507 1286 Maurum
1555 1251 1742 1287 consortio
1783 1250 1968 1287 arcendos
1981 1280 1992 1300 a
2032 1250 2196 1288 honestis

273 1313 436 1350 moribus
466 1310 676 1349 imbuendos
706 1321 783 1347 esse
812 1307 1135 1359 Assuefaciendo,
1163 1309 1429 1360 Admonendo⁷
1451 1310 1702 1357 Exercenda,
1728 1310 1928 1359 Exemplis
1942 1322 1955 1347 :
1986 1311 2200 1358 intelligent

274 1372 496 1421 eorundem,
537 1383 645 1419 quum
677 1370 930 1419 prouectioris
967 1371 1106 1407 aetatis
1151 1373 1253 1407 certo
1281 1371 1382 1407 vitae
1405 1371 1544 1417 generi
1572 1373 1688 1407 erunt
1715 1370 1983 1419 consecrandi,
2011 1376 2091 1420 per
2121 1374 2195 1408 ten-

274 1433 392 1470 tanda
437 1432 637 1478 diligenter
681 1430 866 1477 Ingenia,
914 1430 1206 1477 cognoscendam
1244 1430 1446 1467 Naturam
1488 1431 1538 1468 ἂν
1586 1430 1869 1468 discernendam
1897 1430 2067 1468 Indolem
2080 1459 2091 1481 ,
2122 1443 2194 1480 quo

273 1494 396 1540 magis
441 1492 595 1529 illorum
631 1491 811 1528 inclinent
849 1489 1007 1527 Animi:
1050 1491 1263 1537 intelligent
1289 1503 1363 1539 qua
1394 1494 1515 1527 aetate
1534 1492 1655 1540 pueri
1683 1490 1866 1528 discendis
1895 1491 2058 1528 Litteris
2087 1490 2194 1528 adlei-

273 1553 399 1602 bendi,
430 1555 566 1601 quanto
596 1550 761 1589 discendi
788 1550 918 1588 labore
941 1550 1148 1597 grauandi
1157 1579 1167 1600 ,
1198 1551 1369 1600 qualibus
1400 1550 1598 1588 erudiendi
1625 1550 1870 1598 Paedagogi's
1901 1551 1951 1588 ὀύ
1982 1550 2195 1598 Magistri's

270 1612 532 1650 committendi.
565 1608 726 1649 Discent
751 1610 837 1648 lzinc
866 1610 999 1647 Liberi
1027 1610 1171 1648 Amore
1200 1611 1359 1660 quodam
1390 1611 1439 1648 ξεν
1465 1610 1695 1648 Reuerentia
1715 1611 1966 1660 Parentibus,
1994 1611 2195 1660 eorumque

274 1673 410 1710 iudicio
454 1673 615 1709 volentes
655 1683 731 1708 sese
768 1671 945 1708 subiicere
962 1683 976 1708 .·
1017 1671 1160 1708 discent
1194 1675 1398 1720 praestare
1439 1673 1486 1708 iis
1523 1670 1778 1709 Obedientiam
1811 1671 1861 1709 ἐφ’
1884 1671 2164 1718 gratitudinem
2179 1683 2193 1709 :

275 1734 417 1770 discent
441 1733 635 1782 patientia
669 1731 885 1768 tolerandos
921 1743 1050 1768 eorum
1091 1743 1168 1768 esse
1197 1743 1334 1769 naevos
1365 1732 1415 1768 ἐφ’
1445 1732 1703 1782 infirmitates,
1747 1731 1979 1779 Cognoscent
2006 1732 2195 1781 Praecep-

272 1798 373 1831 tores
386 1822 396 1842 a
444 1804 527 1843 eoS,
568 1804 657 1841 quos
699 1803 815 1828 curae
854 1803 945 1828 suae
975 1791 1245 1829 commendatos
1276 1795 1520 1842 acceperunt,
1566 1793 1669 1829 omni
1707 1804 1804 1828 cura
1835 1792 1885 1830 ἀΰ
1917 1804 2048 1829 amore
2061 1797 2198 1842 prose-

273 1853 458 1902 quendos:
496 1857 587 1901 opus
629 1863 728 1896 esse,
770 1855 812 1888 vt
833 1852 1070 1900 profundius
1101 1852 1152 1890 ἐφ’
1181 1853 1326 1889 maiore
1351 1864 1432 1889 cum
1454 1851 1599 1900 fructu
1630 1852 1828 1889 Doctrina
1862 1855 2062 1901 rerumque
2091 1854 2197 1890 vari-

276 1926 388 1950 arum
419 1913 579 1959 cognitio
615 1912 757 1949 tenellis
797 1913 958 1958 ingeniis
988 1913 1217 1958 instilletur,
1251 1913 1386 1950 ordine
1415 1913 1456 1949 in
1486 1912 1647 1950 Artibus
1677 1912 1898 1949 tradendis:
1945 1912 2198 1962 Repetitiones

278 1974 327 2011 ἑο
358 1973 556 2010 Examina
585 1973 714 2010 stricte
746 1972 962 2022 seruanda,
1002 1976 1047 2009 ut
1074 1972 1226 2010 hcdz’cia
1256 1973 1410 2010 illorum
1433 1971 1664 2021 formentur
1696 1972 1745 2009 ἐφ’
1767 1973 2000 2022 firmentur,
2031 1972 2198 2020 Ingenia

277 2036 486 2081 acuantur,
521 2032 715 2069 Memoria
755 2033 906 2069 iuuetur
919 2061 930 2082 ,
973 2033 1184 2070 studiorum
1230 2045 1363 2070 cursus
1405 2034 1513 2070 intra
1550 2037 1675 2070 certas
1714 2036 1831 2069 metas
1867 2034 2105 2070 contineatur
2145 2033 2195 2071 &0

277 2093 486 2142 assuefiant
521 2092 740 2139 Discentes,
783 2093 927 2130 omissis
967 2093 1192 2143 Inutilibus,
1237 2093 1350 2131 Vtilia
1387 2093 1529 2131 discere
1545 2105 1558 2130 :
1605 2096 1826 2141 cognoscent
1851 2093 2043 2131 moderate
2071 2095 2197 2131 omnia

276 2165 352 2190 esse
382 2153 568 2198 exigenda
583 2181 594 2201 7
624 2164 669 2189 ne
699 2151 918 2189 Studiorum
944 2153 1113 2201 pondere
1123 2155 1293 2200 grauati
1311 2157 1518 2191 corruant:
1535 2157 1757 2201 cognoscent
1769 2153 2026 2190 abstinendum
2047 2164 2124 2190 esse
2149 2154 2196 2190 ab

277 2212 487 2261 inserendis
516 2213 676 2259 Plagis:
703 2212 745 2259 (f.
767 2210 825 2264 3.)
847 2225 921 2249 non
951 2225 1027 2250 esse
1053 2214 1414 2264 excaridesce72d2i772‚
1446 2227 1520 2251 non
1536 2226 1616 2251 cum
1640 2212 1787 2251 Orbilio
1801 2213 2061 2262 saeuiendum,
2077 2214 2195 2251 nimia

279 2274 374 2310 enim
421 2272 530 2321 (quae
573 2272 712 2320 Culpae
743 2272 950 2319 adsignari
986 2273 1095 2320 solet)
1141 2276 1303 2311 saeuitia
1332 2274 1428 2311 vitia
1458 2274 1748 2324 Discipulorum
1786 2273 1994 2323 indurari,
2034 2274 2194 2311 virtutes

277 2335 519 2380 languescere
547 2344 592 2369 ac
622 2333 776 2380 perire:
807 2334 1032 2370 seueriorem
1063 2333 1320 2382 Disciplinam
1351 2334 1640 2371 remouendam:
1687 2334 1847 2371 Errata
1874 2335 2051 2384 illormn,
2073 2338 2194 2383 prae-

278 2394 407 2430 sertim
436 2393 500 2441 qui
528 2393 790 2428 mansuetioris
817 2392 993 2441 Ingenij:
1036 2395 1185 2443 saepius
1215 2394 1512 2444 dissimulanda7
1542 2395 1605 2431 vel
1630 2395 1765 2431 leniter
1795 2394 2045 2444 emendanda,
2067 2394 2192 2442 placi-

279 2453 393 2501 do'que
435 2452 541 2489 vultu
585 2451 826 2500 corripienda
840 2480 850 2500 .,
891 2464 935 2488 ne
971 2454 1102 2490 acrior
1141 2454 1383 2502 reprehensio
1414 2454 1657 2491 Litterarum
1687 2466 1854 2491 amorem
1882 2455 2098 2501 imminuat,
2141 2454 2192 2491 ὃν

279 2513 570 2562 desperationem
586 2510 749 2559 adferat
762 2511 1005 2560 adsequendi,
1034 2525 1102 2561 quo
1119 2515 1276 2560 egregia
1292 2526 1330 2550 se
1345 2514 1497 2550 Indoles
1512 2515 1728 2564 attollebat,
1759 2514 1951 2563 odiumque
1971 2515 2062 2561 eius,
2085 2514 2193 2563 cujus

280 2585 418 2610 summo
450 2572 536 2608 ante
561 2583 690 2608 amore
710 2571 931 2620 flagrabat.
974 2573 1260 2610 Mutuabzmtur
1290 2586 1338 2610 ex
1366 2574 1438 2611 liae
1468 2576 1578 2622 quasi
1605 2574 1767 2624 officina
1798 2574 1996 2623 Discifflili
2014 2573 2193 2611 Amorem

283 2633 523 2670 Litterarum
570 2632 619 2669 ἐφ’
660 2631 955 2681 Praeceptorum
996 2632 1251 2679 Diligentiam
1267 2663 1277 2683 ⁷
1316 2633 1594 2670 Adsiduitatem
1607 2663 1618 2683 .,
1654 2634 1863 2682 Laborem,
1912 2633 2167 2671 Obedienti'am
2180 2662 2190 2682 7

290 2691 574 2738 Gratitudinem
616 2691 767 2739 denique
804 2692 843 2729 in
874 2692 1146 2741 Praeceptores
1159 2722 1168 2740 ‚
1200 2706 1356 2742 quorum
1395 2692 1526 2742 Opera
1558 2695 1607 2731 ἐφ’
1646 2694 1744 2731 Fide
1765 2693 1875 2742 facti
1903 2693 2107 2742 fideliores,
2141 2693 2191 2730 ᾤ’

1958 2753 2190 2790 Doctrinam
