2334 3020
298 126 374 165 350
844 125 911 150 DE
953 123 1231 151 POLITIAE
1271 126 1439 154 MOSIS
1481 127 1673 156 OBSER.

297 229 596 279 supernaturalis
622 229 721 267 illius
749 229 853 280 finis,
882 233 916 268 δι
946 231 995 269 de
1023 229 1184 269 scientia
1212 230 1381 269 veritatis
1408 232 1510 271 illius
1538 233 1678 272 dicturi
1705 232 1862 273 sumus?
1898 238 1990 275 Hoc
2017 242 2111 277 vero
2141 252 2226 279 non

296 282 478 321 scientiae
518 281 717 332 naturalis,
752 283 822 321 sed
857 283 1066 333 superioris
1094 282 1278 322 scientiae
1305 285 1438 323 lumen
1466 292 1542 325 est:
1571 299 1650 337 quo
1679 287 1825 326 lumine
1853 288 2024 339 singulos
2051 299 2227 332 nostrum

295 336 334 374 in
361 337 434 373 hac
461 334 615 373 infirma
641 341 778 373 natura
806 342 960 386 oportet
988 336 1169 376 illustrari
1195 349 1267 386 per
1296 336 1468 377 diuinam
1495 339 1600 378 illam
1615 339 1908 391 inspirationem
1925 342 2229 398 &infusionem,

294 401 393 438 quae
421 387 567 439 agitur,
594 394 636 426 vt
665 388 856 439 principia
883 389 1092 439 superioris
1120 389 1219 429 illius
1245 390 1400 429 luminis
1429 391 1689 443 scientiaeque
1715 395 2019 444 prehendamus.

346 443 504 479 Horum
546 448 676 479 autem
715 441 997 492 principiorum
1035 443 1411 494 conclusionumque
1447 456 1563 495 supra
1589 453 1787 496 naturam,
1818 459 1918 497 quae
1946 449 2053 488 Deus
2082 450 2162 501 agit
2189 452 2225 489 &

293 494 435 533 excitat
470 494 509 532 in
537 494 673 544 nobis,
703 495 843 534 modus
872 503 931 534 est
957 509 1027 546 per
1053 496 1218 548 gratiam
1244 497 1320 535 Dei
1347 498 1492 547 duplex
1518 498 1727 539 institutus.
1767 501 1870 539 Nam
1898 503 1934 540 &
1963 502 2226 542 communiter

293 547 450 586 exhibet
477 547 713 586 documenta
741 549 917 588 caelestis
943 549 1109 600 gratiae,
1137 552 1172 589 δι
1200 549 1443 600 singulariter
1470 564 1541 601 per
1568 552 1744 602 spiritum
1768 553 1953 593 informat
1973 566 2064 594 suos
2078 556 2118 594 in
2133 569 2225 595 vera

293 601 387 651 legis
423 600 578 639 diuinae
611 601 863 640 conscientia.
912 605 972 640 Ac
1009 603 1174 653 proinde
1209 604 1546 652 quemadmodum
1578 607 1602 643 a
1638 612 1776 644 natura
1811 606 1885 656 ipsi
1921 608 2064 657 duplex
2090 621 2224 648 sensus

291 654 441 692 homini
471 653 614 692 inditus
642 661 719 704 est,
749 656 989 707 communis,
1017 655 1182 694 naturali
1209 658 1315 706 lege,
1345 664 1386 695 vt
1413 658 1599 708 (exempli
1628 661 1759 708 causa)
1789 661 1881 698 Non
1909 661 2066 700 occide:
2095 662 2220 701 &sin-

290 707 450 757 gularis,
492 707 715 746 testimonio
757 708 1035 760 conscientiae,
1076 711 1129 748 At
1170 708 1348 748 occidisti
1390 710 1518 760 (huius
1556 710 1659 750 enim
1687 711 1976 764 testimonium,
2011 721 2052 752 vt
2078 716 2220 754 Paulus

289 760 481 810 loquitur,
525 762 643 799 Rom.
683 775 716 799 2.
760 772 819 811 15.
859 769 1018 801 accusat
1045 774 1263 814 quemque,
1287 770 1353 801 aut
1385 770 1543 803 excusat
1570 764 1827 815 singulariter)
1856 766 1911 804 sic
1939 766 2055 805 etiam
2082 769 2105 806 a
2132 769 2220 807 Deo

290 813 434 863 duplex
461 813 725 852 testimonium
753 827 913 854 necesse
941 815 1011 854 fuit
1039 815 1239 866 adhiberi,
1268 827 1346 866 quo
1361 829 1433 856 nos
1447 818 1691 856 informaret:
1716 820 1871 868 Vnum,
1896 820 2103 859 notionum
2118 834 2223 860 com-

289 866 463 904 munium
492 866 531 904 in
559 874 706 905 mente:
735 869 920 918 alterum,
949 868 1157 908 notionum
1185 869 1435 919 singularium
1463 871 1502 908 in
1517 871 1776 921 conscientia,
1799 879 1841 910 vt
1855 872 1950 923 legis
1964 873 2118 912 diuinae
2133 887 2222 913 vsus

289 921 506 958 efficeretur
531 921 646 958 nobis
673 922 723 959 ab
750 922 836 971 ipso
865 922 1058 973 salutaris,
1087 921 1296 972 plurimum
1326 923 1548 974 communi,
1577 923 1774 963 interdum
1788 924 1905 964 etiam
1920 925 2102 976 singulari
2117 927 2224 966 testi-

289 973 470 1011 ficatione
504 975 539 1011 &
573 974 810 1013 reuelatione
845 975 964 1026 illius,
1001 975 1215 1027 ordinarie,
1252 977 1315 1014 vel
1351 983 1459 1015 extra
1486 976 1666 1016 ordinem
1693 977 1879 1017 adhibita.
1920 981 2058 1028 Itaque
2083 980 2221 1019 harum

287 1027 485 1064 actionum
528 1027 668 1065 modus
698 1027 844 1077 optime
871 1042 918 1067 ac
947 1028 1227 1068 conuenienter
1257 1029 1408 1068 veritati
1435 1032 1459 1068 a
1486 1030 1600 1069 nobis
1628 1030 1823 1070 institutus
1852 1038 1926 1079 est,
1955 1033 2047 1070 cum
2075 1033 2220 1072 dicere-

287 1092 392 1129 mus,
423 1092 505 1118 esse
534 1079 593 1118 his
620 1081 838 1119 actionibus
867 1089 1062 1120 creaturas
1090 1084 1146 1120 ad
1169 1084 1284 1128 finem
1305 1086 1641 1132 supernaturalem
1655 1087 1950 1134 supernaturali
1962 1086 2076 1124 ductu
2091 1092 2218 1125 trans—

286 1134 498 1171 mittendas.
526 1134 629 1171 Nam
657 1135 992 1183 quemadmodum
1021 1135 1257 1186 principium
1284 1148 1404 1186 agens
1432 1136 1471 1174 in
1499 1137 1614 1175 nobis
1641 1138 1693 1175 ad
1719 1137 2038 1176 informationem
2065 1141 2101 1177 δε
2128 1152 2219 1190 cog-

287 1185 474 1224 nitionem
516 1198 644 1224 rerum
686 1187 906 1226 diuinarum
948 1190 1239 1239 supernaturale
1277 1196 1351 1240 est,
1392 1189 1447 1228 sic
1476 1189 1592 1229 etiam
1622 1192 1915 1240 supernaturale
1941 1191 2072 1241 prin(f.
2105 1194 2220 1243 1496)

285 1239 448 1290 cipium,
477 1251 556 1288 quo
585 1240 774 1279 ducamur
801 1241 840 1279 in
868 1242 1058 1291 obsequio
1078 1243 1399 1292 praeceptionum
1421 1243 1707 1293 notionumque
1721 1243 1897 1294 illarum,
1923 1257 2038 1294 agere
2052 1244 2091 1282 in
2106 1246 2220 1284 nobis

285 1305 443 1331 necesse
472 1300 549 1331 est:
580 1293 699 1332 Cuius
727 1294 903 1345 principij
935 1295 1084 1345 agentis
1110 1295 1151 1333 in
1178 1295 1293 1334 nobis
1320 1298 1356 1334 δε
1384 1297 1523 1335 ductus
1551 1297 1852 1346 supernaturalis
1878 1310 1950 1336 nos
1966 1297 2159 1336 mouentis
2174 1311 2220 1337 ea

287 1353 345 1383 est
370 1345 597 1397 efficacitas,
624 1353 666 1384 vt
693 1348 776 1385 sola
803 1347 942 1386 virtute
969 1348 1088 1400 illius,
1118 1361 1199 1386 non
1226 1350 1303 1387 vlla
1331 1351 1513 1388 facultate
1540 1356 1701 1388 naturae
1716 1357 1890 1398 nostrae,
1915 1351 1965 1389 ad
1978 1352 2096 1389 finem
2111 1351 2219 1390 illum

286 1401 616 1448 supernaturalem
644 1400 966 1439 transmittamur:
996 1414 1077 1440 non
1106 1413 1217 1440 secus
1247 1404 1365 1451 quam
1380 1402 1518 1452 sagitta
1532 1403 1582 1441 ad
1597 1415 1763 1453 scopum
1779 1403 2025 1453 propositum
2040 1411 2220 1443 mouetur

285 1454 308 1489 a
342 1453 572 1502 iaculatore,
610 1459 727 1502 atque
764 1454 1044 1494 transmittitur.
1079 1456 1162 1493 Stat
1198 1455 1328 1504 itaque
1363 1454 1458 1493 illud
1485 1456 1764 1507 certissimum,
1792 1457 1900 1507 quod
1928 1457 1968 1494 in
1997 1457 2219 1496 definienda

284 1507 370 1554 lege
399 1505 531 1543 diuina
558 1505 744 1544 diximus:
774 1510 809 1546 ἃ
836 1507 1070 1558 principium
1097 1507 1197 1546 illius
1225 1511 1515 1558 supernaturale
1531 1522 1636 1559 esse,
1660 1512 1695 1548 δι
1711 1511 2043 1559 supernaturalem
2059 1522 2218 1560 quoque

285 1559 558 1610 substantiam,
589 1571 708 1610 opus,
736 1560 1031 1610 actionemque:
1063 1564 1098 1600 &
1113 1562 1276 1600 modum
1292 1561 1465 1600 similiter
1480 1564 1675 1612 finemque
1689 1562 1788 1602 illius
1802 1562 2022 1601 vniuersam
2037 1572 2214 1602 naturam

284 1613 577 1650 transcendere:
605 1625 702 1662 quas
729 1627 789 1652 res
817 1627 867 1652 ne
895 1614 1044 1665 integra
1072 1614 1232 1664 quidem
1259 1622 1397 1653 natura
1424 1615 1488 1653 illa
1515 1616 1553 1654 in
1583 1628 1659 1666 qua
1686 1616 1854 1666 primiim
1883 1617 2005 1654 homo
2035 1616 2215 1655 conditus

284 1672 358 1715 est,
387 1666 463 1703 vlla
491 1665 529 1704 vi
557 1677 625 1704 sua
652 1665 784 1705 fuisset
812 1667 1023 1717 adeptura,
1052 1670 1201 1717 quanto
1230 1668 1356 1707 minus
1385 1667 1524 1707 misera
1548 1670 1647 1708 haec
1670 1676 1823 1715 nostra,
1846 1683 1894 1708 ex
1910 1680 1990 1719 quo
2005 1670 2093 1708 labe
2108 1669 2217 1720 igno-

284 1718 430 1756 rantiae
458 1720 494 1757 δε
521 1719 673 1768 peccati
699 1726 892 1769 prostrata
919 1718 1015 1759 fuit?

334 1773 471 1810 Restat
498 1779 539 1810 vt
567 1771 616 1810 de
643 1774 814 1811 humana
842 1775 930 1823 lege
957 1773 1177 1812 videamus:
1206 1786 1323 1823 quam
1351 1774 1390 1812 in
1417 1776 1523 1813 hunc
1552 1776 1715 1814 modum
1744 1774 1963 1813 definimus.

335 1825 454 1863 Thes.
486 1836 518 1873 7.
547 1826 636 1862 LEX
663 1827 835 1864 humana
863 1832 936 1876 est,
965 1841 1079 1876 quam
1097 1827 1244 1876 ferunt
1267 1829 1434 1865 homines
1462 1829 1612 1866 ratione
1629 1830 1879 1879 procedentes
1907 1830 1955 1866 al»
1977 1829 2056 1866 illis
2071 1829 2217 1877 legibus

282 1884 360 1916 tum
401 1880 457 1915 (ια’
488 1891 700 1916 communes
728 1882 1001 1929 conclusiones,
1029 1884 1169 1930 iustas,
1197 1881 1394 1930 honestas,
1423 1883 1549 1931 vtz'les,
1579 1883 1628 1920 ἐφ’
1656 1883 1913 1931 necessarias,
1942 1887 2020 1920 tum
2050 1883 2105 1919 ad
2116 1887 2216 1931 par-

282 1933 463 1969 ticulares
503 1933 834 1970 determinationes
875 1935 1080 1971 contlitionz'
1110 1940 1370 1983 personarum
1399 1948 1567 1984 quarum
1595 1936 1690 1972 belm
1710 1939 1864 1985 fertur,
1891 1947 2024 1972 rerum
2052 1936 2216 1982 negotio-

282 1997 417 2022 rumne
453 1986 497 2022 zie
530 1986 666 2033 quibus
691 1986 847 2036 fertur,
877 1988 926 2024 ἐφ’
953 1988 1321 2025 circumstaretiaram
1348 2000 1446 2036 quae
1474 1989 1526 2025 eis
1554 1989 1732 2026 accidzmt
1756 1989 2031 2026 accommodas.
2069 1989 2114 2025 In
2144 1988 2217 2026 hac

281 2045 411 2075 autem
439 2037 684 2087 definitione,
713 2039 1048 2088 quemadmodum
1077 2039 1117 2077 in
1146 2039 1409 2090 superioribus
1430 2040 1522 2079 item
1538 2041 1802 2091 ostendimus,
1826 2053 1907 2079 non
1931 2047 2156 2090 repetuntur
2172 2054 2218 2079 ea

282 2103 381 2140 quae
422 2090 623 2128 communi
663 2093 749 2141 lege
778 2091 817 2129 in
846 2092 971 2142 prima
997 2093 1062 2130 illa
1089 2093 1316 2132 definitione
1345 2093 1471 2143 posita
1499 2101 1605 2132 sunt:
1634 2094 1703 2132 sed
1731 2106 1777 2132 ea
1806 2095 1927 2132 ferme
1956 2095 2082 2132 solum
2109 2093 2217 2131 adhi-

280 2144 439 2193 bentur,
468 2155 569 2193 quae
595 2145 646 2182 ad
674 2145 964 2184 distinctionem
978 2145 1092 2184 huius
1106 2146 1200 2196 legis
1217 2146 1436 2196 &speciem
1452 2147 1765 2186 constituendam
1781 2147 1936 2184 faciunt.
1967 2147 2217 2196 Quapropter

280 2197 320 2234 id
356 2196 515 2246 quidem
553 2196 722 2247 primum
751 2198 800 2236 de
827 2199 903 2237 hac
930 2200 1038 2250 lege,
1067 2206 1110 2237 vt
1138 2199 1188 2237 de
1216 2199 1501 2250 superioribus,
1530 2207 1756 2239 constanter
1783 2201 1997 2238 tenendum
2025 2206 2103 2250 est,
2133 2212 2216 2238 esse

278 2250 381 2287 hanc
424 2262 583 2299 quoque
629 2250 789 2289 rationis
831 2251 1118 2290 ordinationem
1155 2253 1206 2290 ad
1236 2265 1447 2291 commune
1474 2255 1646 2303 bonum,
1675 2254 1725 2291 ab
1754 2265 1823 2303 eo,
1853 2252 1920 2302 qui
1948 2264 2081 2290 curam
2108 2265 2215 2290 com-

280 2302 477 2340 munitatis
517 2303 658 2354 habet,
688 2303 915 2343 institutam.
944 2305 1023 2343 Sed
1049 2304 1089 2343 in
1116 2306 1191 2343 hac
1220 2305 1469 2344 ordinatione
1497 2307 1668 2345 humana
1699 2305 1878 2356 specialis
1907 2305 2215 2354 circumscriptio

281 2368 328 2393 ex
354 2355 476 2394 tribus
502 2356 598 2394 locis
626 2357 836 2405 plurimum
865 2358 1035 2407 petenda
1063 2365 1137 2396 est:
1168 2357 1350 2396 nimirum
1379 2372 1426 2398 ex
1451 2359 1665 2410 principio,
1690 2358 1864 2409 actione,
1888 2360 1923 2396 δι
1940 2358 2061 2396 modo
2074 2357 2214 2408 ipsius:

281 2415 321 2446 vt
349 2407 388 2445 in
415 2409 592 2458 proxime
619 2411 881 2459 praecedente
909 2410 1136 2450 definitione
1166 2412 1520 2450 demonstrauimus
1547 2412 1786 2450 faciundum.

332 2461 570 2511 Principium
599 2463 792 2501 humanae
818 2463 913 2514 legis
942 2464 1098 2503 duobus
1126 2465 1254 2503 modis
1283 2465 1531 2515 distinguitur
1557 2467 1608 2504 ab
1631 2465 1675 2503 iis
1690 2477 1786 2514 quas
1802 2467 1891 2503 ante
1906 2463 2085 2502 diximus.
2114 2465 2216 2501 Nam

279 2526 406 2563 neque
433 2514 508 2553 Dei
536 2515 746 2554 essentialis
776 2523 855 2566 est,
883 2523 925 2555 vt
952 2524 1109 2555 aeterna
1136 2517 1220 2556 illa:
1251 2530 1378 2568 neque
1406 2521 1429 2556 a
1457 2525 1595 2556 natura
1622 2525 1680 2557 est
1708 2517 1946 2567 simpliciter„
1963 2523 2004 2555 vt
2019 2516 2084 2554 illa
2099 2528 2217 2565 quam

277 2568 491 2606 naturalem
519 2568 706 2620 dicimus,
734 2581 861 2619 neque
889 2572 912 2608 a
940 2571 1028 2608 Deo
1059 2577 1136 2621 est,
1165 2578 1205 2609 vt
1232 2570 1363 2609 diuina
1385 2571 1583 2620 illaquam
1599 2578 1800 2621 postremo
1817 2572 1907 2608 loco
1923 2569 2214 2628 descripsimus:

277 2621 347 2658 sed
374 2621 424 2658 ab
452 2620 676 2661 hominibus
704 2629 782 2671 est,
812 2635 860 2660 ex
888 2622 1028 2672 quibus
1055 2625 1119 2662 lex
1147 2625 1317 2662 humana
1345 2625 1582 2674 appellatur:
1611 2627 1647 2663 δι
1673 2626 1801 2662 ferunt
1825 2636 1911 2661 eam
1934 2625 2114 2661 hommes
2128 2634 2216 2672 pro-

277 2673 461 2711 cedentes
496 2676 519 2711 a
557 2674 759 2712 communi
787 2675 978 2725 principio
1006 2677 1157 2727 legum,
1187 2678 1295 2726 quod
1323 2677 1515 2715 rationem
1542 2678 1808 2727 appellamus:
1851 2677 1928 2715 Sed
1954 2683 2086 2713 tamen
2113 2676 2216 2713 hanc

277 2725 329 2763 ita
357 2726 483 2763 ferunt
511 2726 690 2765 homines
719 2728 860 2777 quibus
887 2736 945 2766 est
972 2729 1202 2779 auctoritas,
1230 2738 1271 2768 vt
1298 2731 1361 2768 lex
1388 2730 1559 2768 humana
1587 2729 1697 2780 quasi
1724 2736 1857 2779 partus
1885 2729 1932 2767 sit
1954 2730 2086 2778 legum
2111 2734 2215 2766 ante·

280 2778 526 2830 cedentium,
569 2792 649 2818 non
677 2787 806 2819 autem
838 2792 929 2819 cum
958 2780 1031 2820 illis
1060 2781 1252 2832 principio
1279 2784 1386 2822 velut
1414 2782 1660 2834 immediato,
1689 2781 1939 2833 auctoritate,
1967 2783 2004 2820 &
2030 2780 2215 2871 dignitgte

1937 2846 2149 2884 comparari
2179 2846 2214 2872 a.
