2334 3020
773 138 987 165 russas
1031 120 1495 164 ‘rHEOLOGICAEJ
2019 141 2092 178 307

150 249 250 284 Nam
281 246 448 296 primum
477 255 663 294 negamus
691 246 865 296 periisse:
896 247 930 284 δι
959 258 1146 295 quorsum
1176 244 1426 284 instauratio?
1455 247 1650 294 secundo,
1680 259 1867 296 negamus
1897 260 2092 296 quaecun-

151 312 226 349 que
256 299 336 338 siue
364 300 413 337 de
441 299 582 346 Esdra,
611 298 693 337 siue
721 299 770 338 de
798 299 988 348 Synedrio
1018 312 1161 349 magno
1190 300 1431 346 fabulantur,
1454 299 1597 337 litteras
1613 307 1678 337 aut
1695 307 1839 349 puncta
1854 310 1923 338 aut
1938 300 2094 350 quiduis

149 352 254 390 aliud
290 354 340 391 ab
377 351 431 391 eis
467 364 603 390 recusa
636 364 739 391 esse:
777 359 977 401 postremo
1007 351 1135 401 siquid
1163 353 1309 390 factum
1339 355 1396 401 (vt
1424 356 1496 401 est)
1529 365 1573 390 ea
1602 354 1688 404 lege
1715 353 1860 391 factum
1889 353 2094 393 asserimus

150 418 250 455 quae
278 404 378 444 thesi
405 416 469 455 35.
497 404 567 442 fuit
595 405 784 454 exposita.

202 472 266 506 41.
319 460 455 507 Itaque
497 457 717 506 Scripturae
761 470 956 496 canonem
990 459 1080 498 fidei
1116 458 1360 508 analogiam,
1401 466 1533 496 vetera
1572 458 1809 508 exemplaria
1837 459 1915 497 fide
1943 460 2094 509 optima

149 510 425 562 diligentiaque
455 511 725 561 contulerunt,
754 522 853 560 quae
881 513 1084 550 exstabant
1114 511 1151 549 in
1182 511 1359 550 manibus
1387 510 1563 561 piorum,
1590 523 1669 549 non
1699 512 1749 549 ab
1779 511 1870 561 ipsis
1886 513 1962 551 fab1
1973 513 2092 552 icata:

149 567 184 603 δι
214 563 342 614 siquid
370 564 579 602 intulerunt
607 563 751 602 iudicio
780 576 870 614 suo,
899 563 1078 614 religiose
1106 564 1298 602 dederunt
1329 577 1509 615 operam,
1533 577 1581 603 ne
1598 564 1798 603 inderetur
1812 565 1851 602 in
1866 573 2092 605 contextum

150 629 322 655 sacrum:
353 617 422 655 sed
449 616 490 654 id
518 623 644 655 totum
672 618 832 656 seorsim
862 617 1161 656 adnotauerunt.

203 684 265 717 42.
322 671 578 708 SANCTORVM
621 672 778 708 Patrum
812 670 1021 708 sententias
1056 670 1119 721 pie
1161 670 1196 707 &
1238 672 1369 707 sancte
1406 668 1530 707 dictas
1563 669 1613 708 de
1642 671 1720 709 hoc
1747 679 1981 721 argumento
2011 685 2090 710 non

149 723 342 762 reiicimus
381 722 473 773 ipsi:
515 722 584 760 sed
621 736 685 761 eas
720 725 819 762 male
854 723 1056 762 adducunt
1093 725 1129 762 &
1164 722 1488 772 interpretantur
1524 722 1751 773 quicunque
1789 724 1839 762 de
1868 725 1933 762 illa
1962 724 2094 764 diuina

148 776 433 826 Scripturarum
461 775 691 814 auctoritate
719 776 930 827 derogant,
961 784 999 814 vt
1027 783 1212 826 arrogent
1242 775 1441 813 Ecclesiae
1470 786 1562 814 suae
1591 777 1631 824 (f.
1667 778 1796 825 1767).

202 842 266 878 43.
321 828 608 866 Auctoritatem
645 829 748 868 enim
777 830 998 879 Scripturae
1027 831 1076 868 ab
1105 828 1339 868 auctoritate
1369 827 1568 866 Ecclesiae
1599 830 1879 868 confirmarunt
1907 830 2093 881 quidem,

148 883 218 921 sed
263 881 452 932 religiose.
495 882 648 932 Religio
691 890 820 922 autem
858 895 947 921 vera
985 883 1119 933 exigit
1153 889 1194 920 vt
1221 881 1361 931 triplex
1389 880 1519 919 cautio
1548 881 1779 921 adhibeatur
1807 882 1846 921 in
1877 884 1954 922 hoc
1984 896 2095 934 argu-

149 943 371 974 mentorum
400 948 553 985 genere.

202 1002 265 1036 44.
322 988 448 1026 Prima
477 996 553 1036 est,
583 989 716 1028 Patres
745 989 794 1027 de
822 988 1052 1027 secundaria
1080 989 1145 1027 illa
1172 987 1404 1026 auctoritate
1435 986 1600 1026 sensisse
1623 987 1968 1038 &dixisse,quam
1990 990 2088 1029 thes.

152 1057 186 1093 5.
217 1043 252 1080 δε
281 1041 531 1091 sequentibus
559 1049 648 1080 ante
677 1042 935 1081 distinximus.

203 1107 265 1145 45.
322 1095 526 1144 Secunda,
568 1108 655 1134 eam
690 1094 1066 1146 argumentationem
1101 1107 1180 1133 non
1219 1100 1299 1132 tam
1335 1092 1559 1132 adhibuisse
1596 1094 1701 1144 apud
1729 1093 1815 1143 pios
1843 1096 1878 1132 &
1908 1109 2093 1145 germana

149 1148 348 1187 Ecclesiae
381 1150 557 1186 membra
585 1151 690 1197 (nam
719 1150 825 1198 apud
853 1149 927 1187 hos
954 1148 1073 1198 pluris
1105 1155 1160 1186 est
1191 1147 1265 1186 Dei
1293 1149 1412 1206 quam
1442 1146 1666 1196 Ecclesiae
1694 1146 1734 1185 id
1756 1154 1814 1185 est
1829 1147 1960 1186 diuina
1975 1152 2092 1198 quam

150 1204 342 1251 humana,
370 1200 519 1239 infinita
547 1205 665 1251 quam
695 1202 819 1240 finita.
848 1208 1004 1240 aeterna
1032 1203 1151 1251 quam
1181 1200 1438 1250 temporaria
1453 1199 1605 1238 interna
1621 1199 1784 1249 Spiritus
1800 1203 1920 1250 quam
1936 1210 2093 1240 externa

150 1255 252 1294 visus
295 1253 455 1292 humani
495 1255 719 1304 auctoritas)
750 1242 819 1293 setl
856 1255 962 1305 apud
996 1254 1237 1304 haereticos,
1275 1252 1429 1292 diuinae
1463 1253 1704 1292 auctoritatis
1734 1253 1908 1305 nescios,
1938 1255 1987 1293 de
2015 1268 2092 1305 qua

148 1308 302 1359 piorum
331 1315 482 1346 mentes
509 1309 596 1346 luce
623 1310 658 1346 δι
688 1308 1021 1346 demonstratione
1050 1307 1214 1358 Spiritus
1243 1307 1539 1345 confirmantur.

201 1363 263 1408 46.
320 1360 473 1411 Tertia,
517 1374 566 1399 ne
607 1362 684 1399 hoc
726 1361 886 1410 quidem
928 1374 1082 1410 semper
1121 1361 1364 1399 documento
1407 1358 1625 1398 haereticos
1669 1360 1862 1410 refellere,
1900 1361 1970 1399 sed
2008 1368 2089 1399 tum

147 1414 338 1462 maxime,
380 1426 500 1462 quum
537 1413 592 1452 illi
629 1422 768 1453 contra
805 1415 1069 1453 obtenderunt
1105 1414 1318 1452 humanam
1357 1412 1629 1451 auctoritatem
1665 1412 1858 1463 aliquam
1890 1420 1928 1452 vt
1956 1415 2090 1452 sucum

147 1470 321 1506 facerent
349 1467 641 1517 ignorantibus
669 1469 788 1517 longe
817 1467 1005 1506 maiorem
1035 1467 1307 1506 auctoritatem
1337 1468 1361 1504 a
1390 1466 1467 1504 suis
1497 1465 1672 1515 partibus
1701 1444 1986 1505 demonstrare.

201 1533 264 1570 47
320 1520 456 1570 Inique
485 1520 601 1570 igitur
628 1521 775 1559 faciunt
802 1520 870 1570 qui
896 1533 1096 1559 sermones
1124 1523 1147 1559 a
1176 1519 1354 1558 Patribus
1384 1520 1432 1558 de
1461 1517 1692 1558 auctoritate
1722 1519 1924 1558 Ecclesiae
1953 1532 2088 1558 secun-

149 1574 243 1612 dum
273 1573 451 1612 ordinem
478 1573 616 1623 ipsius,
645 1582 828 1636 respectu
851 1574 1138 1612 haereticorum
1167 1574 1203 1611 &
1232 1574 1349 1612 falsae
1377 1572 1533 1611 illorum
1561 1571 1804 1611 auctoritatis
1833 1573 2094 1623 enunciatos,

149 1628 204 1666 sic
231 1628 359 1677 palam
387 1627 609 1674 venditant,
650 1635 691 1666 vt
720 1627 750 1666 si
777 1627 828 1677 pij
861 1629 994 1665 Patres
1023 1627 1238 1677 plenariam
1275 1625 1548 1665 auctoritatem
1578 1625 1780 1664 Ecclesiae
1810 1626 1967 1676 proprie
1998 1626 2089 1665 sim-

149 1681 379 1731 pliciterque
406 1657 640 1719 tribuisserit.

202 1736 264 1781 48.
321 1735 404 1771 Nos
444 1736 538 1772 vero
579 1747 654 1772 nec
697 1734 915 1772 secundum
960 1735 1108 1783 Patres,
1151 1746 1224 1771 nec
1259 1734 1479 1771 secundum
1515 1731 1718 1770 veritatem
1755 1732 1829 1770 Dei
1871 1732 2092 1771 auctoritati

150 1786 349 1825 Ecclesiae
377 1787 417 1825 in
444 1799 534 1826 eum
562 1788 724 1825 modum
753 1786 918 1825 subiecti
947 1799 1104 1825 sumus:
1148 1787 1217 1826 sed
1250 1788 1338 1826 Deo
1376 1787 1487 1836 quod
1520 1792 1578 1824 est
1609 1784 1704 1835 Dei,
1748 1785 1950 1825 Ecclesiae
1984 1786 2093 1836 quod

149 1848 206 1879 est
235 1839 370 1890 ipsius,
399 1839 577 1890 religiose
607 1840 866 1891 ordinateque
895 1839 1112 1879 tribuimus.

493 2153 577 2189 DE
617 2152 909 2190 CANONE
950 2151 1229 2190 SACRAE
1270 2151 1752 2190 SCRIPTURAE.

983 2287 1200 2324 THESIS
1242 2287 1272 2323 1.

203 2416 315 2463 Qvae
344 2415 534 2463 scriptura
557 2428 626 2465 per
654 2428 695 2454 se
719 2415 892 2453 diuinam
917 2414 1191 2453 auctoritatem
1216 2413 1391 2464 obtinet,
1421 2414 1559 2452 eadem
1575 2426 1645 2464 per
1663 2427 1703 2453 se
1721 2415 1804 2453 sola
1820 2421 1880 2452 est
1895 2413 2099 2453 Canonica

150 2467 188 2505 in
217 2468 392 2506 Ecclesia
422 2468 517 2517 Dei,
546 2476 587 2507 vt
617 2468 691 2506 Dei
719 2467 886 2506 viuentis
916 2468 1053 2506 domo.

206 2535 239 2558 2.
297 2522 400 2559 Nam
428 2521 509 2560 eius
538 2528 596 2560 est
623 2521 743 2561 solius
774 2534 990 2566 canonem..
1019 2520 1058 2559 id
1086 2527 1168 2570 est,
1199 2521 1373 2571 regulam
1403 2521 1679 2570 praestituere,
1709 2521 1824 2571 dare,
1853 2521 1889 2558 &
1921 2520 2020 2559 tueri
2051 2521 2091 2558 in

148 2574 346 2623 Ecclesia,
375 2574 442 2624 qui
471 2582 608 2613 auctor
636 2583 716 2625 est,
745 2574 1029 2624 dominusque,
1059 2576 1094 2613 &
1123 2581 1301 2612 seruator
1330 2574 1535 2613 Ecclesiae
1567 2585 1670 2612 suae.

204 2640 239 2676 3.
296 2628 501 2666 Canonem
541 2630 783 2678 appellamus
825 2627 1065 2667 verissimam
1084 2658 1093 2676 ,
1130 2627 1412 2678 certissimam,
1455 2626 1792 2677 rectissimamque
1834 2628 2011 2677 regulam
2059 2629 2095 2665 &

150 2680 314 2719 modum
344 2681 383 2718 in
417 2681 494 2719 fide
524 2681 778 2731 moribusque
808 2680 1008 2719 Ecclesiae
1039 2680 1114 2719 Dei
1145 2681 1422 2730 praescriptam
1458 2679 1664 2731 diuinitus7
1707 2680 1748 2718 id
1777 2687 1855 2730 est,
1898 2679 2100 2730 sapientis-

153 2734 272 2783 sime,
302 2733 528 2784 iustissime,
559 2737 594 2773 &
621 2734 914 2772 immutabiliter
942 2734 993 2772 ad
1017 2733 1183 2783 gloriam
1211 2733 1286 2772 Dei
1316 2736 1350 2772 δι
1379 2736 1542 2772 salutem
1572 2740 1759 2772 nostram.

205 2801 242 2834 4.
298 2788 368 2826 Est
397 2787 510 2838 igitur
539 2788 679 2827 Canon
710 2787 748 2826 in
775 2787 953 2826 Ecclesia
981 2786 1076 2825 nihil
1097 2786 1202 2826 aliud
1228 2789 1346 2838 quam
1374 2788 1537 2826 verbum
1553 2787 1647 2837 Dei,
1680 2786 1789 2825 cuius
1805 2787 1931 2825 forma
1946 2785 2099 2826 interna

1939 2839 2097 2890 quidem
