2334 3020
225 64 301 117 426
938 73 1214 104 EIRENICI
1254 73 1394 104 PARS
1432 75 1459 105 1.

224 192 264 223 vt
293 196 428 222 omnes
456 184 530 220 hac
557 182 707 220 ratione
734 182 817 230 (qui
845 183 990 220 fructus
1021 185 1080 221 est
1107 182 1317 232 maximus,
1347 184 1395 221 de
1423 194 1502 232 quo
1531 186 1620 222 ante
1642 183 1824 233 diximus)
1839 191 1921 222 tum
1936 185 2151 224 Ecclesiam

222 238 262 275 in
303 238 411 285 Deo,
454 244 535 274 tum
569 248 643 273 nos
679 234 717 272 in
751 234 928 273 Ecclesia
961 247 1191 285 110503111115,
1221 238 1256 274 &
1284 237 1472 274 laetemur
1501 236 1548 274 de
1577 237 1654 275 hoc
1683 244 1848 286 vtroque
1876 238 1984 276 bono
2011 238 2154 277 laetitia

223 290 287 327 illa
315 288 521 339 spirituali,
549 299 666 337 quam
696 287 819 325 sancti
847 287 940 325 olim
969 288 1132 337 professi
1160 266 1261 327 silnt.

277 341 493 380 Ecclesiam
522 344 635 391 ergo,
664 339 839 379 diuinum
867 347 1138 391 argumentum
1161 340 1328 379 laetitiae
1351 348 1505 379 nostrae
1518 343 1737 392 Propheta
1750 343 1827 381 hoc
1844 344 1934 381 1000
1951 343 2156 394 descripsit

223 402 339 444 atque
379 393 672 432 commendauit
713 394 866 432 duobus
903 393 1148 444 nominibus,
1184 401 1225 432 vt
1254 394 1424 432 studium
1454 394 1606 454 piorum
1635 396 1803 434 adeundi
1833 409 1917 434 eam
1942 398 1976 434 ἃ
2005 410 2154 446 perma-

222 448 341 486 nendi
367 447 405 485 in
435 460 479 485 ea
509 446 630 497 magis
657 460 703 484 ac
732 446 854 496 magis
881 447 1135 485 accenderet:
1167 459 1287 506 quum
1318 448 1487 485 ostendit
1515 447 1683 507 primum
1712 449 1806 507 quid
1835 449 1882 486 sit
1910 449 2086 488 Ecclesia
2113 449 2152 487 in

223 514 285 550 se,
315 500 456 538 deinde
484 512 584 549 quae
613 499 741 538 officia
769 501 804 537 &
832 499 1080 550 operationes
1108 499 1147 537 in
1174 501 1278 550 ipsa,
1308 513 1355 538 ex
1378 500 1518 549 quibus
1543 501 1900 551 1111011105011105511.
1929 503 2029 540 Nam
2046 503 2154 552 quod

222 553 396 603 plerique
433 565 570 591 omnes
605 554 684 591 1100
711 559 887 601 tempore
915 560 1228 603 conqueruntur,
1256 553 1296 591 id
1325 553 1579 591 certissimum
1608 562 1686 602 est,
1713 554 1952 603 Ecclesiam,
1979 563 2021 593 vt
2048 555 2086 592 in
2115 568 2154 594 se

223 614 299 654 est,
326 619 407 644 non
434 606 545 644 facile
574 607 624 644 ab
655 605 878 644 hominibus
907 606 1097 656 cognosci
1124 619 1256 656 posse,
1286 607 1357 644 sed
1384 614 1496 644 notas
1525 606 1624 644 illius
1640 607 1837 645 obseruari
1853 607 1944 645 foris
1960 615 2153 657 oportere.

223 660 355 697 Habet
380 658 538 708 quidem
567 658 744 697 Ecclesia
771 658 810 696 in
839 671 921 697 sese
950 666 1083 708 notas,
1113 660 1182 697 sed
1213 671 1309 708 quas
1338 658 1361 707 ij
1391 660 1517 697 solum
1548 659 1701 707 vident,
1718 660 1835 708 quiin
1854 661 2031 699 Ecclesia
2045 669 2152 699 sunt:

222 713 298 750 Sed
326 724 583 761 quaecunque
610 712 703 750 foris
730 711 898 750 existunt
925 719 1063 762 notae,
1093 725 1162 750 eae
1187 714 1210 750 3
1237 712 1461 750 domesticis
1491 713 1656 763 optime,
1672 714 1721 750 ab
1737 713 1875 751 exteris
1891 714 2005 752 etiam
2021 714 2152 763 aliquo

220 773 335 814 pacto
347 795 357 815 ,
373 764 444 803 etsi
459 778 540 803 non
556 765 714 815 optime,
731 764 852 802 videri
869 773 1042 814 possunt.
1073 766 1192 803 Hunc
1207 765 1321 815 igitur
1335 766 1513 803 ordinem
1529 767 1722 815 Propheta
1738 779 1908 817 seruans,
1922 767 2155 817 Ecclesiam,

221 825 336 868 prout
364 818 402 855 in
431 832 471 857 se
499 825 574 869 est,
596 819 674 856 1100
702 829 815 856 versu
845 817 1047 868 describit,
1077 817 1230 856 dicens:
1260 820 1537 862 Hierosolyma
1563 825 1802 868 constructa,
1831 826 1872 858 vt
1897 821 2034 857 ciuitas
2057 833 2155 869 quae

221 876 484 919 coagmentata
511 877 568 909 est
591 873 692 909 inter
719 884 757 908 se
775 872 948 922 parz'ler.
976 870 1200 910 Meminisse
1229 879 1359 909 autem
1388 871 1548 909 velimus
1577 873 1742 910 lectores
1771 884 1907 911 eorum
1938 885 2036 922 quae
2065 876 2153 910 ante

221 923 408 974 diximus,
438 924 487 962 de
514 925 885 973 Hierosolymorum
900 924 1226 973 interpretatione.
1257 926 1429 962 Fuerunt
1445 923 1656 962 materialia
1673 927 1727 973 (vt
1742 925 1794 963 ita
1810 925 1999 974 dicamus)
2015 926 2152 964 Hiero-

221 979 372 1026 solyma
408 977 446 1015 in
483 984 621 1015 natura
649 989 799 1027 rerum,
842 979 1015 1015 Fuerunt
1045 977 1247 1027 figuratiua
1276 979 1311 1015 &
1338 978 1632 1015 sacramentalia
1660 977 1855 1017 instituto:
1899 979 1986 1016 Fuit
2014 979 2154 1017 veritas

222 1031 343 1080 figura
376 1030 645 1069 sacramentali
673 1031 915 1068 adumbrata.
949 1030 1060 1068 Vidit
1087 1030 1213 1079 prisca
1241 1030 1304 1068 illa
1332 1031 1506 1068 Ecclesia
1533 1031 1774 1069 materiatam
1803 1033 1938 1070 vrbem
1967 1031 2153 1070 Hieroso—

219 1084 433 1132 lymorum:
462 1083 613 1133 accepit
640 1085 662 1120 a
689 1085 777 1122 Deo
808 1084 952 1133 figurae
979 1083 1195 1121 institutum
1224 1085 1258 1121 &
1288 1084 1426 1122 coluit:
1458 1084 1632 1122 Credidit
1660 1085 1882 1131 veritatem,
1900 1084 2154 1135 &prehendit

221 1137 317 1174 fide:
360 1148 476 1186 quam
511 1149 585 1175 nos
620 1137 758 1175 eadem
784 1137 860 1174 fide
888 1137 1138 1187 percipimus,
1167 1144 1377 1186 postquam
1406 1136 1606 1175 materiata
1633 1137 1912 1186 Hierosolyma
1938 1137 2152 1187 perierunt,

221 1191 256 1227 &
292 1190 438 1239 figurae
474 1197 561 1228 sunt
589 1191 612 1227 a
641 1189 797 1228 Christo
829 1190 1062 1239 antiquatae.
1099 1191 1169 1228 Est
1197 1202 1291 1239 ergo
1322 1190 1361 1228 in
1389 1190 1466 1228 hoc
1495 1192 1585 1228 1000
1612 1203 1758 1229 nomen
1786 1191 2152 1240 Hierosolymorum

221 1242 276 1281 510
312 1242 588 1292 accipiendum
614 1250 730 1292 atque
760 1242 790 1280 si
818 1242 1074 1293 perscriptum
1104 1245 1127 1280 a
1154 1244 1349 1292 Propheta
1376 1251 1496 1291 esset,
1525 1244 1701 1282 Ecclesia
1728 1250 1970 1291 constructa,
2000 1245 2071 1282 810.
2102 1245 2150 1282 (10

222 1308 299 1345 (1113
339 1295 514 1334 Ecclesia
554 1297 642 1334 011111
681 1302 884 1345 tantopere
921 1297 999 1334 hoc
1035 1303 1169 1334 nostro
1199 1297 1331 1334 seculo
1360 1297 1576 1346 laboretur,
1604 1297 1806 1334 audiamus
1836 1296 1930 1346 quid
1958 1298 2153 1346 Propheta

224 1349 342 1399 11031,
372 1349 407 1386 8(
434 1348 684 1398 insequamur
710 1349 871 1399 vestigia
899 1348 998 1387 illius
1028 1350 1077 1386 ad
1107 1348 1445 1399 peruestigandam
1476 1349 1513 1387 in
1543 1350 1703 1388 veritate
1732 1350 1948 1388 Ecclesiam
1976 1350 2064 1388 Dei.

273 1401 378 1439 Dicit
406 1415 519 1453 ergo,
548 1408 766 1440 constructa
795 1409 836 1441 vt
860 1403 996 1440 ciuitas
1023 1415 1122 1451 quae
1147 1415 1293 1450 coagm.
1323 1404 1404 1442 &aa
1434 1403 1586 1450 Quibus
1608 1403 1734 1441 verbis
1751 1403 1919 1441 ostendit
1935 1402 2151 1441 Ecclesiam

219 1455 257 1492 in
286 1468 325 1493 se
354 1455 438 1504 ipsa
465 1455 685 1493 aedificium
714 1467 813 1504 esse,
843 1455 986 1493 deinde
1014 1455 1184 1493 ostendit
1212 1456 1491 1494 aedificationis
1507 1457 1682 1494 modum.
1713 1458 1814 1494 Nam
1830 1455 2050 1494 aedificium
2067 1468 2150 1493 esse

218 1508 468 1559 pronunciat,
516 1509 665 1559 Opz‘imZ¹
705 1513 957 1546 constructam
969 1521 982 1545 .·
1024 1508 1190 1546 Modum
1229 1512 1321 1547 vero
1358 1508 1638 1547 aedificationis
1676 1509 1927 1558 sequentibus
1955 1509 2150 1558 declarat,

219 1561 374 1612 dicens,
412 1567 453 1600 vt
480 1563 616 1599 ciuitas
642 1574 740 1610 quae
766 1567 1029 1609 coagmentata
1058 1567 1114 1599 est
1137 1563 1238 1599 inter
1266 1575 1304 1599 se
1327 1565 1494 1611 pariter.
1536 1563 1614 1600 Sed
1643 1563 1980 1611 quemadmodum
2009 1562 2150 1599 Hiero·

218 1615 369 1663 solyma
409 1614 446 1652 in
488 1621 583 1664 typo
625 1615 661 1651 &
695 1615 817 1664 figura
848 1614 951 1652 dicta
978 1622 1084 1664 sunt,
1113 1627 1183 1664 pro
1214 1627 1260 1652 eo
1290 1616 1398 1664 quod
1427 1623 1483 1653 est
1513 1615 1707 1666 Ecclesia3
1737 1615 1791 1653 sic
1820 1615 1936 1653 etiam
1966 1614 2151 1653 attributa

216 1668 315 1706 haec
343 1668 556 1705 secundum
586 1667 748 1705 modum
777 1667 876 1706 illius
904 1668 1050 1717 figurae
1078 1668 1113 1704 &
1141 1668 1223 1716 typi
1252 1668 1475 1718 conscripta
1504 1676 1612 1706 sunt:
1643 1669 1693 1706 Et
1720 1669 1830 1717 quod
1859 1676 1940 1706 tum
1968 1668 2007 1705 in
2033 1681 2151 1717 opere

216 1720 459 1758 materiatum
487 1720 575 1771 fuit,
604 1732 709 1758 nunc
737 1719 776 1758 in
805 1733 922 1769 opere
951 1721 1046 1758 citra
1075 1720 1273 1758 materiam
1302 1720 1406 1758 illam
1433 1721 1728 1771 intelligendum
1759 1730 1833 1771 051,
1863 1721 1953 1770 (11113
1974 1720 2150 1758 Ecclesia

216 1786 315 1823 opus
343 1773 539 1822 spirituale
568 1781 637 1811 est.
678 1774 779 1811 Nam
809 1773 878 1811 etsi
906 1773 1085 1811 homines
1114 1776 1169 1821 (vt
1196 1776 1285 1812 ante
1309 1774 1490 1821 diximus)
1508 1775 1666 1813 materia
1683 1781 1769 1812 sunt
1784 1774 2149 1824 Ecclesiae,tamen

215 1839 293 1864 non
332 1834 419 1864 sunt
447 1825 635 1864 materiati
663 1827 879 1864 secundum
908 1826 1097 1876 animam,
1123 1827 1231 1875 quod
1260 1834 1316 1865 est
1344 1827 1595 1876 praecipuum
1623 1827 1817 1877 ipsorum:
1847 1828 1988 1865 deinde
2016 1827 2149 1865 Eccle-

215 1879 312 1917 siam
340 1880 487 1930 forma,
517 1892 597 1917 non
627 1879 786 1918 materia
816 1879 924 1917 facit:
953 1893 1000 1917 ac
1027 1879 1192 1929 proinde
1220 1879 1397 1918 homines
1426 1880 1464 1918 in
1492 1881 1666 1918 Ecclesia
1696 1881 1730 1917 &
1760 1881 1809 1918 de
1839 1880 2014 1918 Ecclesia
2042 1888 2149 1928 sunt,

215 1935 292 1981 qua
334 1932 364 1970 is
401 1932 467 1981 qui
495 1934 622 1970 forma
649 1931 865 1979 Ecclesiae,
896 1933 935 1970 in
965 1931 1018 1970 eis
1048 1939 1123 1970 est:
1154 1944 1271 1982 quam
1299 1934 1464 1971 formam
1493 1933 1530 1971 in
1559 1945 1713 1972 versum
1741 1933 1911 1983 primum
1940 1932 2144 1971 declaraui·

215 1997 322 2035 111115,
365 1986 454 2023 cum
496 1986 545 2023 de
573 1986 694 2023 domo
722 1986 893 2023 Iehouae
921 1985 1150 2023 diceremus.
1193 1987 1406 2035 Ρο51(1113111
1435 1986 1548 2036 igitur
1576 1988 1742 2024 formam
1772 1986 1877 2024 illam
1907 1985 2149 2024 essentialem

215 2039 250 2075 81
279 2038 469 2076 internam
498 2051 545 2076 ex
574 2039 791 2088 Prophetae
821 2038 946 2076 verbis
974 2039 1251 2088 cognouimus,
1280 2038 1529 2077 iustissimum
1557 2046 1614 2077 est
1641 2042 1676 2078 &
1706 2039 1834 2077 ordini
1866 2038 2149 2077 conuenientis-

215 2091 354 2129 simum
397 2092 747 2140 (quemadmodum
786 2092 980 2141 Propheta
1014 2091 1117 2139 fecit)
1159 2098 1201 2129 ut
1242 2103 1512 2156 quaecumque
1543 2092 1633 2130 huic
1667 2095 1815 2130 formae
1853 2092 2034 2130 adiuncta
2061 2098 2150 2129 sunt

212 2144 429 2182 necessaria
455 2157 757 2194 cognoscamus.
789 2145 966 2194 Cumque
994 2157 1053 2182 res
1082 2157 1218 2182 omnes
1246 2147 1269 2182 a
1293 2146 1417 2183 forma
1440 2146 1608 2183 habeant
1623 2158 1734 2184 suum
1751 2146 1885 2184 esse&
1901 2144 2147 2194 operationes

211 2209 320 2247 51135,
349 2204 390 2235 vt
417 2210 464 2235 ex
492 2199 631 2237 eodem
660 2205 839 2249 auctore,
866 2197 961 2247 quid
988 2196 1052 2235 illa
1080 2199 1207 2236 forma
1234 2197 1273 2235 in
1303 2199 1463 2237 materia
1492 2199 1655 2249 efficiat,
1685 2198 1829 2248 &qiud
1844 2212 1913 2248 per
1928 2197 2146 2247 materiam,

213 2250 438 2288 doceamur.

262 2303 394 2341 Efficit
421 2316 514 2352 ergo
543 2305 669 2341 forma
697 2302 762 2341 illa
788 2316 905 2353 quam
934 2305 1049 2353 supra
1078 2302 1265 2353 diximus,
1296 2312 1336 2342 vt
1364 2303 1542 2342 Ecclesia
1569 2305 1617 2342 sit
1643 2304 1861 2342 aedificium
1877 2303 2094 2354 spirituale,
2111 2304 2146 2341 &

209 2363 249 2394 vt
290 2356 338 2394 sit
365 2356 586 2395 aedificium
617 2356 799 2394 omnibus
827 2356 954 2395 modis
983 2369 1117 2395 vnum.
1146 2356 1229 2394 Etsi
1261 2370 1342 2395 non
1371 2360 1514 2395 temere
1543 2360 1565 2395 a
1594 2359 1790 2406 Propheta
1816 2357 1972 2406 dicitur,
1998 2358 2144 2394 Hiero-

210 2411 355 2458 solyma
392 2411 619 2459 aedificata,
657 2422 729 2458 pro
758 2422 806 2447 eo
839 2411 947 2459 quod
976 2422 1048 2447 nos
1077 2409 1262 2459 dicimus,
1290 2410 1467 2449 Ecclesia
1494 2410 1730 2449 aedificium.
1772 2411 1872 2448 Nam
1897 2410 1971 2447 hac
1999 2409 2147 2447 ratione

211 2462 290 2499 duo
330 2462 451 2500 voluit
485 2463 680 2512 Propheta
714 2465 738 2500 a
765 2463 879 2500 nobis
907 2462 1126 2512 obseruari,
1156 2463 1250 2512 quid
1280 2462 1347 2508 sit,
1378 2465 1413 2501 &
1442 2465 1464 2500 a
1492 2475 1570 2512 quo
1599 2463 1647 2502 sit
1676 2465 1813 2510 effecta
1841 2476 1887 2500 ac
1915 2462 2043 2512 potius
2068 2463 2145 2499 effi-

211 2514 334 2552 ciatur
375 2514 415 2552 id
456 2515 563 2564 quod
609 2523 678 2553 est.
720 2516 790 2553 Est
834 2515 938 2553 enim
982 2515 1225 2565 aedificium,
1259 2516 1294 2553 &
1329 2516 1486 2565 quidem
1515 2516 1760 2555 aedificatum
1788 2517 1840 2554 ab
1872 2529 1919 2554 eo
1948 2514 2015 2564 qui
2041 2516 2145 2553 solus

210 2567 394 2605 diuinitus
437 2567 609 2605 diuinam
648 2568 963 2606 aedificationem
1005 2575 1134 2618 potest
1174 2567 1383 2619 instruere,
1424 2571 1459 2607 &
1500 2570 1609 2618 quod
1642 2570 1681 2607 in
1718 2569 1800 2607 dies
1826 2569 2049 2607 aedificatur
2077 2580 2146 2617 per

209 2620 372 2669 gratiam
402 2620 520 2658 illius:
551 2621 887 2670 quemadmodum
917 2621 1032 2659 etiam
1062 2623 1276 2670 Apostolus
1305 2623 1355 2659 ad
1385 2623 1609 2672 Hebraeos,
1638 2635 1724 2671 cap.
1754 2635 1790 2670 3.
1814 2623 1850 2660 6.
1866 2622 1967 2659 hanc
1984 2621 2144 2658 domum

209 2676 231 2710 a
262 2673 417 2711 Christo
445 2675 534 2711 Iesu
563 2681 827 2712 constructam
857 2674 1076 2724 praedicat,
1105 2676 1140 2712 δε
1171 2675 1331 2713 subesse
1359 2674 1457 2713 illius
1484 2683 1526 2713 vt
1540 2676 1604 2724 filij
1622 2675 1784 2724 imperio
1800 2687 1846 2712 ac
1860 2672 2144 2723 gubernationi.

263 2727 355 2763 Hoc
384 2727 639 2764 fundamento
677 2726 856 2764 vniuerse
884 2727 1033 2776 posito,
1063 2727 1278 2765 Ecclesiam
1310 2740 1392 2766 esse
1420 2728 1640 2766 aedificium
1668 2727 1761 2775 Dei,
1791 2728 1983 2776 Propheta
2013 2725 2148 2764 transit

1941 2780 1990 2816 ad
2020 2780 2142 2816 decla-
