2334 3020
820 97 1087 125 EIRENICI
1129 97 1268 124 PARS
1311 96 1337 124 1.
1968 95 2042 129 401

112 220 194 246 esse
235 206 440 245 videretur.
477 207 610 243 Vnum
638 211 715 255 est,
755 204 865 253 qued
892 205 996 254 apud
1028 205 1232 241 Hebraeos
1261 203 1333 240 hae
1361 200 1632 251 inscriptiones
1663 201 1863 247 absolute,
1892 212 1939 236 ac
1963 211 2044 238 non

110 262 334 310 comparate
362 259 615 309 accipiuntur,
643 265 829 306 tanquam
857 257 888 294 si
916 256 1057 295 dixeris
1086 256 1293 294 Canticum
1322 267 1483 293 omnem
1511 253 1550 291 in
1579 266 1619 291 se
1647 252 1918 291 excellentiam
1950 265 2044 290 con-

110 314 255 351 tinens:
298 325 398 362 quae
433 324 494 350 res
536 311 632 349 citra
671 311 836 349 aliorum
876 309 1119 348 canticorum
1162 307 1499 358 comparationem
1542 307 1594 344 ita
1621 306 1880 355 praedicatur,
1911 314 1951 342 vt
1983 305 2042 343 his

110 366 271 404 Psalmis
298 377 366 403 sua
393 365 621 403 excellentia
648 365 861 413 adseratur,
890 363 940 401 de
963 363 1046 401 aliis
1074 365 1167 401 vero
1198 361 1292 399 nihil
1319 361 1528 410 derogetur
1556 361 1683 408 plane.
1708 359 1908 407 Alterum,
1936 358 2046 406 quod

110 419 225 457 etiam
255 426 363 457 certo
399 419 573 467 quodam
609 424 787 466 respectu
816 417 1017 466 singularis
1047 423 1102 454 est
1130 415 1189 453 his
1226 413 1387 452 Psalmis
1415 411 1662 462 excellentia,
1693 424 1811 460 quam
1838 423 1930 460 prae
1959 410 2044 448 aliis

111 472 309 521 obtinent,
337 474 372 509 δι
395 470 469 509 Dei
484 471 637 520 spiritus
653 470 879 508 testificatus
895 477 963 507 est.
981 471 1050 507 Est
1064 476 1193 507 autem
1208 466 1435 506 excellentia
1450 478 1603 504 summa
1618 467 1653 503 &
1668 465 1750 502 aliis
1767 463 2044 513 anteponenda

111 525 150 562 in
179 524 237 563 his
265 523 425 562 Psalmis
454 531 520 561 aut
547 530 726 573 respectu
765 522 934 561 auctoris
976 522 1034 560 sui
1075 522 1157 560 siue
1197 520 1399 570 principij,
1441 526 1507 557 aut
1540 518 1614 567 rei,
1643 524 1710 555 aut
1739 517 1846 555 modi
1877 517 1927 554 ad
1957 528 2043 554 eam

110 577 348 628 pertinentis.
376 578 466 615 Non
495 583 625 614 autem
652 576 839 614 auctoris:
868 589 959 614 nam
990 587 1119 613 rerum
1142 573 1553 613 excellentissimarum
1575 573 1610 610 ἃ
1626 570 1849 609 vniuersam
1865 576 2042 607 naturam

110 642 228 680 quam
269 629 492 680 longissime
536 629 801 680 superantium
829 629 1030 677 omnium,
1060 631 1095 667 δε
1123 627 1381 677 singularum,
1411 632 1549 664 auctor
1577 636 1674 662 vnus
1703 631 1762 661 est
1791 624 1898 661 Deus
1930 624 2044 660 Pater

108 683 148 721 in
176 683 274 722 Filio
304 696 373 733 per
402 682 598 733 Spiritum.
628 685 764 721 Restat
790 682 916 733 igitur,
939 689 979 719 vt
995 682 1170 719 dicamus
1198 680 1466 719 excellentiam
1489 678 1613 716 inesse
1635 676 1693 715 his
1709 676 1869 713 Psalmis
1886 682 2044 725 propter

110 750 192 775 rem
219 743 286 774 aut
314 736 476 774 modum
505 736 698 786 ipsorum:
728 736 840 784 Quae
871 736 950 773 duo
980 734 1196 774 secundnm
1224 733 1415 772 rationem
1443 734 1478 771 &
1506 737 1729 781 respectum
1757 729 1955 779 quendam
1975 729 2045 767 du-

111 789 235 828 cimus
262 789 553 839 coniungenda.

163 843 268 881 Nihil
303 842 367 880 hic
404 842 570 881 dicimus
606 842 655 880 de
683 844 822 880 horum
850 842 1091 880 Psalmorum
1123 838 1418 889 comparatione
1451 849 1542 875 cum
1580 835 1722 875 exteris
1751 834 1832 873 siue
1865 833 2045 872 humanis

109 895 356 934 cantionibus
385 896 600 934 secundum
627 907 744 944 quam
773 908 911 933 omnes
939 894 1080 932 Psalmi
1108 896 1143 932 &
1171 893 1388 942 spirituales
1416 890 1514 929 odae
1542 892 1565 927 a
1595 891 1683 927 Deo
1713 888 1975 927 sanctificatae
2003 887 2042 924 in

109 948 307 999 scripturis
349 960 602 986 communem
645 949 792 986 habent
834 948 1125 996 excellentiam,
1170 945 1384 995 Principio,
1426 945 1508 991 Re,
1544 945 1579 980 &
1609 942 1735 980 Modo
1765 941 1879 979 simul
1913 939 2046 978 omnia

110 1004 368 1040 humanarum
397 1001 624 1040 cantionum
653 1014 796 1051 genera
825 1001 1010 1039 omnibus
1039 999 1167 1038 modis
1197 1005 1464 1049 superantem:
1496 995 1578 1033 Etsi
1606 996 1680 1032 hac
1695 1005 1854 1044 quoque
1869 1005 2044 1031 commu-

111 1068 202 1093 nem
238 1055 508 1093 excellentiam
536 1054 596 1092 his
624 1054 784 1092 Psalmis
813 1054 982 1092 adscribi
1010 1065 1168 1092 necesse
1197 1059 1273 1102 est,
1296 1053 1360 1090 vel
1375 1063 1421 1089 eo
1438 1049 1524 1099 ipso
1540 1048 1647 1098 quod
1662 1047 1804 1085 suntin
1820 1046 2047 1084 cantionum

110 1108 332 1146 diuinarum
373 1111 409 1147 &
450 1107 704 1158 spiritualium
742 1120 897 1158 genere.
940 1108 1018 1145 Sed
1058 1107 1209 1144 tantum
1250 1107 1328 1143 hoc
1368 1105 1459 1142 loco
1491 1102 1640 1152 agimus
1668 1101 1718 1139 de
1745 1099 2046 1149 comparatione

110 1164 251 1200 horum
279 1163 522 1200 Psalmorum
563 1173 654 1199 cum
690 1161 774 1200 aliis
812 1161 987 1199 eiusdem
1023 1160 1197 1210 generiS,
1235 1157 1301 1208 qui
1330 1169 1467 1196 omnes
1495 1153 1715 1203 Principio,
1744 1155 1823 1203 Re,
1852 1155 1887 1191 δε
1917 1153 2042 1190 Modo

108 1214 295 1265 spirituali
336 1214 641 1253 communicant.
672 1214 728 1252 Hi
756 1215 860 1252 enim
889 1220 997 1252 certo
1026 1213 1200 1262 quodam
1228 1217 1409 1260 respectu
1436 1208 1707 1247 excellentiam
1737 1206 1810 1244 sibi
1838 1204 2043 1243 vindicant

109 1269 337 1306 auctoritate
379 1270 415 1307 &
456 1267 680 1306 testimonio
723 1267 905 1317 Spiritus,
942 1279 1024 1304 non
1059 1267 1098 1304 in
1127 1279 1168 1303 se
1196 1271 1261 1302 aut
1290 1269 1469 1312 respectu
1498 1260 1675 1311 sui,.sed
1703 1259 1742 1297 in
1770 1258 1885 1296 nobis
1914 1258 2043 1307 potius

108 1322 145 1360 &
182 1328 360 1371 respectu
402 1320 544 1359 nostri:
583 1321 674 1370 quia
701 1320 732 1358 si
760 1322 810 1359 ad
838 1322 940 1358 Rem
968 1331 1069 1369 quae
1098 1318 1319 1356 continetur
1345 1316 1420 1354 illis
1450 1313 1690 1364 respexeris,
1720 1311 2044 1361 simplicissimam

106 1375 253 1413 habent
286 1374 341 1413 rei
379 1386 479 1424 quae
506 1375 632 1424 agitur
660 1373 963 1423 applicationem
995 1374 1111 1422 supra
1140 1373 1259 1421 quam
1288 1370 1349 1418 alij
1381 1369 1524 1406 Psalmi
1552 1375 1618 1405 aut
1647 1365 1810 1405 Cantica
1840 1364 2046 1413 Scripturis

110 1429 147 1466 S.
177 1428 477 1477 comprehensa:
509 1427 548 1465 Si
575 1428 625 1465 ad
654 1428 837 1472 Modum,
869 1427 1034 1465 eandem
1062 1426 1208 1463 habent
1236 1422 1526 1472 breuissimam,
1555 1433 1602 1458 ac
1629 1418 1794 1469 proinde
1822 1418 1873 1456 ad
1901 1430 2047 1455 memo-

110 1481 207 1519 riam
248 1480 453 1519 hominum
488 1480 863 1519 commodissimam.
893 1480 971 1518 Sed
999 1479 1090 1529 quia
1118 1478 1168 1516 de
1196 1477 1255 1516 his
1283 1477 1402 1515 rebus
1431 1472 1641 1524 perspicuo
1670 1471 1809 1510 ordine
1835 1470 2046 1508 dicendum

109 1541 167 1573 est
191 1534 406 1572 secundum
449 1546 513 1571 eas
542 1540 670 1583 partes
698 1545 794 1583 quas
826 1535 915 1572 ante
949 1532 1203 1582 inscriptione
1232 1530 1404 1581 proponi
1432 1527 1661 1577 docuimus,
1689 1530 1861 1576 praestat
1889 1523 1967 1562 iam
1996 1523 2048 1561 ad

110 1586 362 1626 excutiendas
390 1593 520 1637 partes
548 1587 717 1637 singulas
746 1587 962 1625 veniamus.

163 1642 224 1679 De
263 1639 493 1679 excellentia
528 1639 659 1690 itaque
698 1639 838 1678 dicturi
875 1638 1109 1689 principium
1146 1637 1242 1676 illud
1275 1639 1298 1674 a
1327 1642 1465 1674 natura
1493 1633 1783 1683 ingeneratum,
1827 1629 1937 1680 quod
1964 1630 2053 1667 ante

110 1693 360 1743 dicebamus,
401 1693 475 1731 toti
501 1693 592 1731 huic
619 1700 850 1743 argumento
878 1691 1182 1743 praestruimus:
1226 1691 1416 1728 Naturam
1447 1698 1643 1737 quamque
1670 1687 1823 1724 bonum
1853 1689 2052 1733 appetere.

110 1746 216 1785 Huic
242 1753 372 1785 autem
396 1745 588 1796 principio
603 1748 768 1785 alterum
784 1757 943 1796 quoque
955 1744 1115 1795 adiungi
1135 1756 1295 1782 necesse
1310 1750 1389 1792 est,
1407 1743 1597 1779 Naturam
1612 1750 1808 1789 quamque
1824 1736 1880 1775 sic
1901 1738 2051 1774 bonum

110 1806 313 1849 appetere,
356 1806 398 1837 vt
426 1806 584 1849 appetat
613 1799 776 1845 melius,
818 1799 849 1837 si
884 1805 1014 1849 potest
1048 1798 1303 1847 contingere:
1346 1809 1392 1834 ac
1419 1793 1586 1844 proinde
1616 1793 1684 1831 ubi
1711 1792 1762 1829 ad
1788 1792 1939 1828 bonum
1968 1799 2048 1838 quo

109 1852 247 1891 melius
273 1852 369 1890 nihil
396 1859 471 1901 est,
514 1852 564 1890 ad
593 1853 744 1891 bonurn
771 1853 963 1902 (inquam)
992 1863 1187 1889 summum
1225 1848 1471 1899 peruenerit,
1512 1846 1552 1884 in
1588 1858 1636 1884 eo
1665 1843 1967 1894 conquiescere,
2011 1848 2052 1880 vt

111 1917 190 1955 quo
219 1905 315 1943 nihil
344 1905 494 1944 melius.
547 1907 703 1944 Bonum
741 1913 872 1944 autem
908 1905 1140 1955 particulare
1178 1901 1402 1952 communi,
1445 1901 1481 1938 δι
1514 1900 1730 1937 humanum
1759 1897 1892 1935 diuino
1923 1893 2052 1944 cedit,

110 1960 285 1997 naturale
312 1958 618 2009 supernaturali:
660 1958 751 2009 quia
793 1971 1006 1997 commune
1048 1957 1360 2007 supernaturale,
1404 1955 1440 1992 &
1477 1952 1652 1991 diuinum
1690 1958 1747 1989 est
1784 1947 2048 2006 excellentius.

110 2014 224 2050 Haec
244 2013 350 2050 bona
371 2011 571 2063 homines,
600 2018 718 2062 prout
741 2019 830 2050 sunt
851 2011 1176 2062 disciplinabileS,
1201 2023 1242 2048 re
1264 2009 1320 2048 sic
1344 2008 1625 2056 assequuntur,
1653 2011 1695 2042 vt
1719 2002 1825 2042 certa
1850 2003 2053 2040 doctrmae

109 2064 172 2103 via
213 2071 330 2115 atque
377 2065 528 2104 ratione
563 2066 615 2103 ad
642 2064 934 2115 inuestiganda,
977 2065 1200 2112 noscenda.¹
1229 2060 1529 2111 consequenda,
1558 2058 1808 2106 tenendaque
1835 2068 1882 2094 ea
1910 2054 2051 2104 perdu-

110 2122 258 2156 cantur.
305 2118 557 2169 Quapropter
595 2125 637 2157 vt
677 2119 828 2156 bonum
871 2130 989 2156 vnum
1024 2116 1224 2167 praecellit
1259 2115 1394 2164 alteri,
1437 2113 1492 2152 sic
1520 2125 1597 2150 vna
1626 2110 1807 2149 doctrina
1837 2107 1948 2146 alteri
1976 2119 2049 2156 pro

111 2170 341 2210 conditione
372 2171 517 2210 obiecti
556 2171 658 2210 illius
694 2171 799 2210 circa
827 2172 936 2221 quod
967 2173 1023 2219 (vt
1054 2171 1283 2220 loquuntur)
1319 2167 1500 2206 doctrina
1539 2175 1718 2215 quaeque
1753 2168 1990 2211 occupatur,
2020 2160 2055 2197 &

110 2223 270 2263 rationis
299 2226 356 2274 (vt
383 2225 543 2274 vocant)
572 2225 744 2263 formalis
772 2225 824 2263 ad
853 2224 1053 2263 obiectum
1083 2222 1310 2273 pertinentis
1340 2223 1381 2270 (f.
1404 2221 1512 2267 682).
1554 2217 1634 2255 Hic
1662 2223 1792 2254 autem
1824 2214 1910 2264 quis
1938 2219 2055 2262 neget

110 2277 342 2327 ipsissimam
370 2277 642 2317 excellentiam
669 2277 709 2316 in
735 2278 793 2316 his
822 2277 951 2316 verbis
980 2275 1104 2315 tradi?
1146 2275 1187 2314 in
1214 2275 1355 2325 quibus
1385 2286 1466 2312 non
1495 2270 1664 2321 quoduis
1693 2268 1947 2319 particulare,
1986 2265 2055 2303 sed

112 2342 347 2369 commune:
390 2344 471 2370 non
512 2332 708 2381 naturale,
749 2331 819 2369 sed
856 2331 1172 2381 supernaturale:
1217 2341 1298 2367 non
1333 2329 1575 2375 humanum,
1617 2323 1686 2361 sed
1720 2321 1897 2360 diuinum
1939 2320 2054 2369 plane

111 2383 263 2422 bonum
291 2384 515 2423 hominibus
543 2382 772 2434 exponitur?
814 2386 894 2422 Res
936 2383 1052 2433 igitur
1088 2390 1146 2421 est
1182 2379 1530 2428 excellentissima,
1573 2375 1754 2415 doctrina
1781 2375 1836 2413 rei
1865 2373 2055 2430 excellen-

111 2436 282 2475 tissimae
309 2437 369 2475 his
396 2437 558 2476 Psalmis
587 2437 842 2487 consignata:
870 2450 917 2475 ac
946 2435 1112 2486 proinde
1140 2436 1171 2473 si
1199 2435 1251 2473 ad
1278 2448 1339 2473 res
1371 2439 1543 2471 caeteras
1569 2427 1805 2479 respexeris,
1834 2437 2057 2484 communis

113 2496 171 2527 est
203 2489 244 2527 in
282 2489 342 2528 his
382 2489 572 2540 impressa
614 2493 671 2539 (vt
707 2490 747 2528 in
786 2490 948 2529 caeteris
977 2501 1137 2538 quoque
1166 2487 1380 2538 scripturis)
1410 2498 1527 2535 supra
1555 2496 1616 2521 res
1648 2494 1787 2520 omnes
1815 2480 2058 2536 excellentia.

113 2543 234 2591 Quod
270 2542 303 2581 si
339 2543 610 2582 excellentiam
644 2543 885 2594 appetimus,
927 2544 1034 2593 Ergo
1063 2543 1099 2579 δι
1128 2543 1269 2580 horum
1297 2541 1544 2579 Psalmorum
1571 2535 1792 2575 doctrinam
1819 2539 1936 2584 (quae
1964 2530 2058 2569 nihil

113 2595 184 2634 nisi
212 2596 441 2636 excellentia
471 2599 544 2644 est)
573 2604 804 2646 appetamus
833 2608 993 2634 necesse
1022 2602 1091 2633 est.

165 2648 321 2687 Deinde
357 2652 449 2688 vero
488 2651 580 2688 cum
615 2648 654 2687 in
687 2650 805 2688 rebus
844 2649 937 2699 ipsis
965 2647 1323 2698 supernaturalibus
1354 2648 1389 2685 &
1416 2643 1557 2683 diuinis
1585 2642 1660 2680 alia
1685 2642 1793 2680 bona
1819 2638 1903 2678 aliis
1930 2649 2058 2687 praes-

112 2701 280 2740 tantiora
307 2701 404 2753 sint,
433 2702 474 2740 id
500 2703 617 2741 etiam
646 2702 761 2740 nobis
791 2701 1006 2740 videndum
1034 2707 1117 2749 est,
1155 2707 1197 2739 vt
1226 2700 1462 2750 singularem
1490 2698 1632 2735 horum
1661 2696 1907 2732 Psalmorum
1936 2690 2060 2728 excel-

114 2753 274 2793 lentiam
314 2757 447 2793 sancte
489 2767 848 2806 recognoscamus,
892 2757 928 2794 δε
966 2755 1018 2792 ad
1051 2766 1139 2792 eam
1178 2755 1303 2803 probe
1342 2750 1542 2802 cognitam
1579 2746 1759 2797 religiose
1787 2745 1995 2836 colendanii
2024 2744 2059 2780 &

1093 2815 1138 2855 51
1743 2811 1835 2849 amp
1851 2804 1962 2837 ecten
1995 2807 2059 2833 am
