2334 3020
658 105 724 131 DE
766 103 1042 129 P‹,›1,1T1³lt‹:
1084 101 1250 127 Mosis
1292 102 1479 127 ons-su.
1965 92 2040 136 339

109 224 213 253 rator
254 221 330 256 est,
368 226 441 251 nec
468 220 618 250 tanturn
646 211 763 248 efficit
791 217 908 259 atque
938 210 967 248 is
995 210 1060 259 qui
1089 210 1191 247 clinn
1221 208 1350 258 irrepit
1381 208 1418 245 in
1449 208 1611 255 domos,
1644 210 1678 246 ἃ
1711 207 1864 244 animos
1894 208 2046 256 piorum

109 269 236 319 specie
267 264 530 305 familiaritatis
558 266 594 302 &
621 263 814 302 amicitiae
841 263 1038 313 adspergit
1071 275 1221 300 veneno
1243 273 1327 300 suo.
1360 261 1536 309 Denique
1552 263 1608 308 (vt
1627 261 1880 298 absoluamus
1899 260 2049 310 paucis)

110 322 176 371 qui
206 321 360 370 publice
389 325 529 364 tentat,
558 320 644 367 plus
673 323 920 364 commouet,
949 317 1017 354 sed
1048 316 1171 354 minus
1201 322 1426 365 permouet:
1457 313 1524 363 qui
1551 321 1681 352 autem
1711 314 1953 362 clanculum,
1985 313 2055 351 etsi

110 375 313 425 pauciores
343 380 590 418 commouet,
618 372 705 421 plus
733 377 863 407 tamen
895 376 1099 418 permouet
1126 382 1174 406 ac
1202 367 1415 406 efficacius:
1447 367 1784 417 quemadmodum
1816 367 1901 416 plus
1931 375 1987 404 est
2019 365 2056 403 in

112 429 207 466 dolo
235 430 270 466 &
298 433 379 464 arte
408 426 636 474 plerumque
664 422 854 474 positum,
882 425 1000 471 quam
1028 422 1066 460 in
1096 428 1239 460 conatu
1258 420 1476 459 manifesto.
1505 421 1757 469 Quapropter
1774 419 2056 468 sapientissime

113 481 287 520 Domino
317 479 440 516 visum
469 485 527 516 est
551 477 816 515 clandestinae
843 483 1044 513 auctorem
1073 475 1309 525 apostasiae,
1340 474 1406 523 qui
1434 486 1474 512 se
1503 477 1695 522 suumque
1719 471 1822 510 virus
1841 476 2057 524 πανούργως

111 532 381 581 insinuauerit,
419 539 499 569 tam
537 542 646 568 reum
683 542 768 568 esse
802 528 937 567 mortis
972 531 1090 578 quarn
1127 528 1195 578 qui
1225 529 1340 566 fretus
1370 528 1453 565 sola
1483 528 1602 564 ferme
1630 525 1794 563 audacia
1823 525 1989 575 prodere
2018 526 2056 563 in

114 588 324 639 publicum„
345 584 495 635 perdita
521 583 684 622 consilia
712 581 929 632 apostasiae
958 581 1143 620 voluerit:
1175 580 1512 631 quemadmodum
1541 587 1621 618 tam
1650 591 1738 617 reus
1768 587 1826 616 est
1856 578 2055 626 homicidij

114 640 182 691 qui
218 651 369 678 veneno
408 638 586 686 fratrem,
621 639 741 686 quam
769 635 835 685 qui
864 635 942 673 sica
971 635 1093 681 tollit:
1121 648 1167 673 ac
1197 635 1425 683 plerumque
1453 632 1570 671 etiam
1599 632 1770 670 atrocius
1803 631 1949 669 crimen
1981 633 2058 670 essi-

114 695 214 732 citur
255 692 330 730 isto
369 690 540 729 criminis
569 688 816 740 perpetrandi
847 689 981 726 modo.
1024 689 1108 727 Nec
1145 689 1261 726 refert
1290 695 1417 725 vti-um
1447 686 1509 724 hic
1539 687 1703 731 multos,
1735 698 1809 723 nee
1838 698 1886 723 ne
1915 684 2058 723 sollici-

114 746 268 786 tauerit:
298 743 632 794 quemadmodum
661 743 699 781 in
727 744 809 780 fure
838 741 931 780 nihil
962 742 1138 789 interest,
1163 750 1290 779 vtrum
1307 741 1438 779 decies
1458 741 1646 785 mille,an
1662 746 1820 777 centum
1836 738 2058 776 abstulerit:

113 800 204 849 quia
240 798 331 838 satis
359 804 417 836 est
444 796 647 835 hominem
675 795 782 846 impij
811 795 920 834 istius
948 795 1097 843 artificij
1128 801 1375 844 compertum
1405 806 1511 843 esse,
1540 793 1659 841 idque
1688 792 1881 842 legitime,
1911 792 1951 830 id
1980 800 2061 840 est,

114 867 195 891 non
223 864 342 891 vnum
370 851 497 889 solum
525 850 594 888 sed
623 849 739 888 etiam
768 850 933 887 alterum
962 848 1247 896 sollicitauisse,
1277 860 1446 897 quorum
1475 845 1700 885 testimonio
1722 844 1907 884 conuinci
1922 844 2060 894 possit.

115 909 216 945 Nam
252 907 459 955 propterea
486 903 524 941 in
553 904 631 941 hoc
658 903 744 953 ipso
772 910 1003 953 argumento
1031 901 1134 940 cauit
1166 901 1361 939 Dominus
1390 901 1440 938 de
1468 901 1543 938 hac
1571 913 1633 938 re:
1664 899 1858 949 dicendo,
1900 900 1958 936 Ex
1987 912 2064 936 ser-

115 973 233 999 mone
273 959 442 996 duorum
484 958 639 995 testium
682 963 748 994 aut
791 956 908 995 trium
951 963 1078 994 morte
1104 954 1272 993 afficitor
1301 954 1331 992 is
1369 954 1436 1004 qui
1466 953 1675 992 moriturus
1704 959 1782 1002 est,
1818 965 1866 990 ne
1895 952 2062 990 afficitor

115 1019 241 1051 morte
269 1025 317 1050 ex
344 1023 527 1049 sermone
555 1010 662 1048 testis
692 1009 817 1048 vnius.
847 1011 963 1047 Deut.
998 1022 1056 1058 17.
1087 1010 1123 1046 6.

168 1068 251 1104 Iam
282 1066 374 1102 vero
403 1064 453 1101 ad
481 1066 646 1102 alterum
675 1076 796 1113 genus
824 1064 954 1113 legum
981 1061 1196 1100 veniamus.
1224 1061 1286 1099 De
1314 1060 1590 1098 seducentibus
1615 1058 1884 1108 vidimus,qui
1901 1058 2061 1108 quidem

115 1122 139 1157 a
168 1131 260 1157 vero
286 1119 322 1156 &
352 1117 504 1156 viuente
532 1118 620 1155 Deo
649 1117 861 1166 prudentes
890 1116 1056 1154 scientes
1085 1116 1222 1152 volunt
1251 1113 1336 1162 pios
1365 1114 1563 1152 abducere
1592 1113 1630 1150 in
1659 1113 1894 1162 apostasiam
1913 1112 2065 1150 vniuer-

117 1174 236 1211 salem
275 1174 332 1220 (vt
362 1172 519 1219 vocant)
562 1170 897 1220 transfugiumque
927 1168 1197 1207 miserrimum.
1240 1168 1317 1205 Sed
1341 1167 1437 1217 quid
1465 1168 1530 1205 fiet
1557 1165 1727 1204 seductis
1756 1165 1904 1204 miseris
1934 1165 2062 1204 alieno

117 1224 246 1264 facto?
289 1227 349 1263 De
391 1224 450 1262 his
491 1223 666 1262 similiter
706 1223 905 1273 prospexit
949 1221 1143 1261 Dominus
1183 1221 1222 1258 in
1259 1222 1345 1270 lege
1384 1220 1506 1258 Mosis
1535 1219 1690 1257 duobus
1721 1218 1818 1257 loeis
1848 1232 1947 1269 quos
1975 1221 2064 1257 ante

119 1279 371 1317 adduximus:
407 1280 442 1316 δε
481 1277 562 1315 5ἰ116
600 1276 804 1327 singularis
833 1275 963 1325 aliqua
991 1287 1161 1326 persona
1189 1275 1420 1322 seducatur,
1448 1273 1528 1311 siue
1558 1272 1673 1310 etiam
1702 1271 1839 1310 ciuitas
1870 1272 2066 1320 vniuersa,

120 1332 315 1371 excidium
346 1332 600 1370 seductorum
629 1329 846 1380 imperauit.
888 1329 1080 1368 Seductos
1108 1335 1239 1365 autem
1268 1327 1358 1365 dico
1391 1340 1471 1365 non
1501 1326 1539 1364 in
1569 1326 1675 1363 hunc
1691 1333 1756 1363 aut
1772 1325 1879 1364 illum
1895 1339 2067 1364 errorem

118 1385 343 1436 simpliciter
370 1387 393 1422 ἐι
420 1384 576 1422 salutari
605 1383 785 1434 scientia:
815 1383 884 1421 sed
911 1381 979 1432 qui
1004 1385 1028 1420 a
1058 1394 1150 1420 vero
1180 1382 1267 1419 Deo
1297 1381 1347 1418 ad
1376 1381 1472 1418 deos
1502 1381 1619 1417 falsos
1640 1379 1917 1429 transfugiunt,
1934 1379 1974 1417 id
1989 1387 2067 1427 est,

117 1440 190 1478 toti
227 1438 360 1488 pietati
397 1440 432 1476 &
471 1436 649 1487 religioni
686 1436 927 1475 renunciant.
971 1438 1124 1474 Durum
1161 1435 1324 1473 fortasse
1363 1439 1615 1483 praeceptum
1644 1432 1754 1470 illum
1783 1432 1858 1471 Dei
1885 1435 1909 1470 a
1938 1432 2068 1470 multis

119 1491 425 1531 existimabitur:
455 1491 525 1529 sed
553 1498 683 1528 tamen
712 1490 787 1529 Dei
814 1496 1068 1540 praeceptum
1096 1487 1187 1537 fuit,
1219 1487 1285 1537 qui
1307 1495 1365 1526 est
1389 1486 1630 1526 iustissimus.
1659 1488 1705 1524 In
1721 1486 1799 1524 hoc
1813 1494 1943 1524 autern
1960 1499 2065 1535 prae-

119 1553 252 1596 cepto,
285 1546 336 1583 ad
365 1544 731 1594 recognoscendam
760 1542 944 1582 iustitiam
974 1542 1057 1581 eius
1086 1546 1194 1591 (nam
1224 1541 1334 1579 mixti
1362 1539 1514 1591 generis
1543 1541 1616 1587 est)
1646 1541 1816 1589 morale,
1844 1542 1867 1578 a
1896 1539 2067 1578 iudiciali

117 1601 152 1637 &
181 1597 432 1638 ceremoniali
460 1600 642 1636 accurate
671 1596 855 1647 distingui
882 1609 1044 1634 necesse
1072 1602 1140 1634 est.
1171 1596 1324 1633 Morale
1353 1593 1625 1645 est3quisquis
1641 1592 1767 1631 sciens
1783 1593 1956 1643 prudens
1971 1606 2064 1631 vero

119 1654 206 1691 Deo
236 1655 271 1691 &
300 1651 420 1690 cultui
448 1651 528 1690 eius
556 1650 760 1689 renunciat
789 1650 987 1699 vniuerse,
1017 1652 1052 1688 δε
1080 1649 1131 1686 ad
1158 1649 1276 1686 falsos
1304 1649 1413 1686 Deos
1442 1647 1668 1696 transfugit,
1696 1659 1777 1684 non
1801 1659 1885 1685 esse
1909 1646 2067 1684 audien-

119 1707 240 1754 dum,
277 1718 323 1743 ac
351 1717 401 1742 ne
429 1705 635 1743 ferendum
664 1704 823 1753 quidem
852 1704 891 1742 in
920 1704 1069 1753 populo
1098 1702 1186 1740 Dei.
1230 1702 1415 1739 Iudiciale
1444 1707 1522 1750 est,
1551 1708 1678 1738 morte
1706 1700 1957 1749 plectendum
1986 1713 2069 1738 esse

120 1760 201 1798 siue
243 1758 466 1808 hominem,
509 1757 592 1796 siue
633 1757 838 1795 hominum
874 1764 1053 1800 coetum,
1083 1768 1200 1806 quem
1229 1755 1427 1793 ciuitatem
1456 1755 1711 1803 appellamus.
1753 1754 2069 1791 Fundamentum

118 1816 212 1852 vero
253 1811 443 1850 iudicialis
481 1811 593 1850 huius
629 1809 792 1849 instituti
819 1809 1082 1849 ceremoniale
1111 1816 1178 1848 est.
1224 1809 1346 1858 Quod
1376 1809 1525 1846 morale
1555 1814 1630 1856 est,
1660 1815 1862 1856 permanet
1892 1806 2069 1845 immuta-

118 1868 160 1915 (f.
194 1865 403 1916 1530)bile.
431 1864 618 1903 Iudiciale
645 1863 970 1914 quandoquidem
998 1863 1257 1902 fundamento
1288 1859 1539 1900 ceremoniali
1568 1859 1722 1909 nititur,
1751 1873 1832 1898 non
1854 1859 1946 1898 iuris
1962 1873 2067 1898 com-

118 1919 245 1958 munis
273 1917 521 1968 simpliciter,
550 1918 621 1957 sed
648 1917 890 1967 particularis
919 1924 994 1956 est:
1027 1927 1284 1967 quaecunque
1311 1918 1405 1953 vero
1434 1916 1541 1965 leges
1568 1913 1813 1963 particularis
1842 1920 1930 1951 sunt
1959 1913 2068 1963 iuris,

118 1985 256 2011 omnes
285 1973 400 2010 fuisse
429 1972 635 2010 mutabiles
662 1978 752 2009 ante
782 1970 1001 2009 docuimus.
1032 1972 1126 2009 Non
1153 1970 1268 2020 igitur
1289 1970 1389 2007 haec
1410 1967 1600 2006 sententia
1615 1966 1753 2005 mortis
1769 1966 1824 2005 sic
1839 1966 2068 2017 accipienda

119 2033 196 2076 est,
234 2033 274 2064 vt
304 2025 335 2063 si
362 2025 402 2063 in
430 2024 614 2063 seductos
641 2024 822 2062 homines
850 2023 1047 2074 quoslibet
1075 2023 1114 2061 in
1142 2036 1260 2061 omne
1289 2030 1444 2072 tempus
1471 2028 1573 2059 esset
1605 2020 1816 2070 imperata:
1844 2022 1935 2058 cum
1963 2033 2067 2059 cere-

119 2079 274 2129 monia,
309 2081 430 2127 (quae
464 2079 762 2116 fundamentum
798 2084 855 2116 est
883 2077 999 2125 illius)
1029 2077 1221 2115 rationem
1252 2079 1309 2125 (vt
1338 2081 1536 2113 nouerunt
1566 2076 1719 2122 omnes)
1748 2074 1891 2112 habeat
1919 2081 2069 2124 tempo-

120 2132 260 2170 rariam
305 2138 424 2181 atque
465 2132 707 2170 mutabilem.
749 2131 857 2180 Quid
895 2143 1010 2181 ergo,
1048 2129 1188 2169 dixerit
1229 2128 1444 2179 quispiam,
1473 2135 1530 2166 est
1557 2125 1830 2165 ceremoniae?
1858 2140 2000 2177 nempe
2030 2127 2068 2165 in

119 2185 317 2236 personis,
347 2192 544 2235 tempore,
573 2186 665 2223 loco
693 2191 752 2222 est
781 2183 1023 2228 ceremonia.
1052 2195 1153 2233 quae
1184 2185 1330 2221 factum
1359 2188 1573 2231 aggrauet:
1595 2180 1801 2230 Personis,
1829 2180 1920 2230 quia
1934 2181 2071 2219 Iudaei

120 2246 229 2277 erant
257 2239 318 2277 vel
347 2238 562 2288 Israelitae,
594 2250 694 2287 quos
722 2239 829 2276 Deus
857 2237 1057 2276 beneficiis
1086 2236 1346 2287 singularibus
1371 2235 1444 2273 sibi
1475 2233 1758 2285 vindicauerat,
1786 2236 1822 2272 &
1849 2241 2016 2272 assertos
2031 2234 2070 2271 in

119 2291 337 2331 libertatem
367 2291 676 2330 sanctificauerat
705 2304 752 2329 ex
781 2290 966 2329 omnibus
995 2290 1171 2341 populis,
1200 2296 1241 2327 vt
1268 2290 1438 2339 populus
1466 2287 1584 2338 ipsius
1601 2295 1747 2326 essent:
1766 2295 1963 2337 tempore,
1980 2287 2071 2337 quia

120 2358 254 2383 recens
282 2353 364 2383 erat
390 2344 673 2387 beneficiorum
701 2343 777 2382 Dei
805 2344 1049 2395 recordatio,
1079 2345 1114 2381 &
1143 2342 1349 2392 multiplex
1376 2354 1560 2392 praesens
1582 2340 1836 2391 significatio,
1853 2354 2069 2379 sacramen-

119 2406 250 2436 torum
278 2398 453 2436 omnium
484 2410 584 2447 quae
614 2399 722 2435 Deus
743 2399 829 2448 lege
845 2397 1056 2447 indixerat,
1072 2404 1189 2446 atque
1205 2395 1320 2434 etiam
1337 2394 1574 2445 aspectabile
1589 2396 1813 2443 symbolum
1826 2394 2067 2444 praesentiae

118 2451 237 2490 illius:
266 2452 377 2499 loco,
407 2451 498 2500 quia
525 2450 632 2501 regia
660 2451 725 2489 illa
753 2451 1013 2489 Cenahanaea
1041 2458 1123 2489 erat
1153 2458 1352 2498 tamquam
1381 2447 1625 2486 domicilium
1654 2448 1747 2496 Dei,
1777 2450 1855 2497 quo
1879 2447 2070 2485 Israelitas

119 2505 289 2554 gratiose
318 2506 424 2542 velut
452 2504 626 2554 hospites
654 2503 917 2542 intromiserat
945 2505 1074 2553 Deus,
1103 2511 1144 2541 vt
1172 2503 1243 2541 toti
1271 2502 1310 2540 in
1339 2514 1387 2539 eo
1417 2500 1640 2550 domicilio,
1669 2500 1749 2539 siue
1779 2500 1948 2551 hospitio
1977 2513 2068 2550 pen-

119 2559 257 2596 derent
287 2557 520 2596 auctoritate
549 2556 714 2607 hospitis
742 2557 843 2595 illius
870 2557 963 2607 Dei,
994 2559 1043 2595 ad
1074 2569 1192 2606 quem
1222 2556 1279 2593 ius
1309 2554 1478 2605 pertinet
1504 2567 1584 2593 non
1610 2556 1738 2593 solum
1753 2555 1920 2603 vbique,
1937 2555 2070 2592 verum

119 2611 236 2649 etiam
278 2610 522 2661 singulariter
566 2610 605 2648 in
646 2610 767 2649 domo
806 2624 875 2649 sua
913 2609 1064 2649 ferendi
1091 2612 1197 2660 leges
1227 2608 1415 2646 arbitratu
1443 2620 1524 2646 sua.
1569 2609 1670 2646 Nam
1700 2608 1750 2645 ab
1778 2608 1892 2646 huius
1919 2608 2070 2657 legibus

121 2663 345 2714 quicunque
376 2664 601 2714 discedunt,
637 2663 764 2702 vbiuis
798 2666 978 2702 locorum
1005 2663 1104 2711 sint,
1135 2663 1189 2702 rei
1217 2670 1306 2700 sunt
1333 2674 1468 2700 coram
1495 2661 1602 2711 ipso:
1647 2661 1723 2699 Sed
1751 2660 1774 2709 ij
1808 2660 1975 2699 maxime
2002 2660 2070 2698 im-

123 2717 277 2767 pietatis
305 2716 360 2754 rei
387 2716 546 2755 dicendi
574 2724 684 2766 sunt,
714 2716 782 2766 qui
811 2717 849 2755 in
878 2717 1001 2755 domo
1035 2717 1154 2767 ipsius
1183 2728 1316 2754 coram
1345 2714 1586 2765 ipso,aquo
1603 2714 1770 2765 gratiose
1786 2715 1939 2764 excepti
1953 2721 2071 2763 atque

126 2770 253 2808 ornati
281 2777 390 2819 sunt,
419 2770 570 2820 legibus
597 2768 716 2820 ipsius
746 2770 988 2808 obnituntur.
1018 2766 1153 2819 Quid?
1183 2775 1314 2808 nonne
1343 2770 1534 2818 futurum,
1559 2769 1593 2806 81
1619 2767 1896 2818 homicidium,
1913 2769 1947 2805 &
1964 2768 2071 2805 adul-

1930 2829 2067 2861 tenum
