2334 3020
317 118 389 164 238
947 121 1161 148 THESES
1197 120 1632 150 THEOLOGICAE.

362 247 398 280 4.
454 229 735 279 Complectitur
764 241 856 278 ergo
886 229 982 265 haec
1011 227 1214 265 Catholica
1241 228 1418 266 Ecclesia
1446 242 1583 268 omnes
1607 229 1783 268 vniuerse
1798 229 1977 268 homines
1994 230 2032 268 in
2048 233 2162 269 coelo
2178 262 2188 281 ,
2204 234 2239 270 &

323 300 347 323 n
386 292 485 322 terra
512 282 578 333 qui
611 284 787 329 fuerunt,
817 288 930 330 sunt,
959 281 994 318 &
1022 279 1138 318 futuri
1166 288 1254 318 sunt
1276 280 1492 320 vocationis
1522 281 1622 320 illius
1650 282 1816 320 Diuinae
1847 283 1883 320 δι
1912 283 2102 332 gratiosae
2131 285 2243 334 parti-

312 340 428 389 cipes.
459 338 558 385 Neq.
587 337 637 374 ab
666 348 710 373 ea
737 333 964 385 simpliciter
992 345 1128 371 omnes
1156 346 1236 371 non
1261 333 1476 384 baptizatos
1498 335 1759 374 excludimus:
1785 336 1927 373 horum
1943 335 2047 374 enim
2063 337 2142 375 duo
2158 344 2248 375 sunt

313 403 473 441 genera,
517 387 578 434 aiij
623 389 739 426 fidem
782 386 944 426 omnino
986 392 1300 437 contemnentes,
1329 389 1364 425 &
1391 391 1414 424 a
1443 388 1648 438 Religione
1678 402 1768 427 vera
1795 400 1953 438 prorsus
1980 388 2118 440 alieni,
2146 401 2246 440 quos

314 445 452 482 Paulus
481 445 568 485 τούς
598 443 665 482 ἔξω
695 448 829 479 vocat:
859 440 923 489 (de
953 439 1010 477 his
1045 451 1127 477 non
1154 439 1370 492 loquimur)
1398 441 1459 488 alij
1489 444 1607 492 vero,
1637 441 1702 491 qui
1731 442 1821 480 licet
1849 442 2029 480 nondum
2047 449 2249 481 externum

314 498 467 547 signum
510 494 751 544 acceperint,
795 494 872 532 fide
913 500 1040 531 tamen
1084 492 1270 543 praediti,
1312 494 1348 530 &
1390 493 1587 543 baptismo
1615 493 1768 533 interno
1799 494 1982 544 baptizati
2011 502 2119 545 sunt,
2149 508 2248 545 quos

314 564 428 589 verae
456 547 653 587 Ecclesiae
683 548 858 585 membra
885 545 1100 583 secundum
1115 545 1396 595 perfectionem
1412 546 1531 596 ipsius
1546 548 1795 585 affirmamus.
1826 549 1964 597 Neque
1979 548 2095 586 etiam
2110 561 2247 587 omnes

314 603 676 642 excommunicatos
704 601 734 638 si
763 600 883 638 modo
912 598 1073 648 iniuste,
1102 598 1169 648 qui
1198 602 1290 638 vero
1318 599 1437 650 iuste,
1466 613 1534 638 eos
1564 601 1613 638 dc
1641 600 1817 639 Ecclesia
1834 613 1917 639 esse
1932 601 2248 640 conditionaliter

311 656 495 706 dicimus,
524 661 639 704 prout
667 652 982 693 conditionaliter
1009 651 1154 690 exclusi
1183 659 1291 701 sunt,
1321 653 1415 691 dum
1444 666 1531 702 spes
1561 660 1617 691 est
1650 653 1951 703 resipiscentiae.

362 721 397 760 5.
453 709 607 758 Duplex
649 722 683 746 a.
713 713 770 745 est
796 705 908 744 huius
937 704 1138 743 Ecclesiae
1167 705 1282 743 ratio:
1327 719 1403 744 vna
1430 706 1469 744 in
1497 706 1602 757 fieri,
1644 706 1859 745 secundum
1886 706 2182 756 generationem
2211 709 2246 746 &

310 774 582 815 progressum,
627 763 746 799 altera
784 759 823 797 in
851 760 955 797 facto
985 770 1089 808 esse,
1121 759 1334 796 secundum
1364 760 1574 808 perfectam
1603 758 1920 798 constitutionem
1947 759 2078 810 ipsius.
2123 761 2247 798 Prior

311 817 477 856 militans
505 814 680 853 Ecclesia
709 812 869 862 dicitur,
899 811 990 861 quia
1016 811 1054 850 in
1084 813 1161 849 hoc
1190 812 1339 850 mundo
1371 813 1443 850 sub
1472 823 1588 850 cruce
1614 812 1782 850 militans
1809 813 1994 852 aduersus
2019 821 2245 863 peccatum,

312 870 499 910 mundum
529 870 563 907 ἃ
593 867 796 916 Satanam,
826 864 1095 916 Spiritualibus
1123 864 1238 902 armis
1266 871 1432 915 pugnat:
1463 877 1563 914 quae
1592 865 1865 915 complectitur
1894 879 2031 904 omnes
2060 867 2194 905 fideles
2208 866 2248 904 in

312 924 388 962 vita
417 924 616 972 degentes.
646 921 848 958 Posterior
876 917 1137 968 triumphans,
1168 929 1268 967 quae
1296 917 1334 955 in
1365 918 1525 957 coelesti
1552 918 1677 968 patria
1705 919 1754 957 de
1782 918 1827 957 iis
1852 919 2000 958 omnib.
2017 919 2247 970 triumphat:

311 984 387 1027 atq.
429 978 526 1014 haec
564 973 602 1011 in
632 972 837 1023 Scripturis
864 973 1080 1022 appellatur
1108 983 1272 1021 regnum
1300 971 1374 1009 Dei
1403 971 1589 1021 viuentis,
1619 970 1761 1010 Christi
1791 983 1956 1022 corpus,
1987 985 2150 1022 sponsa,
2178 973 2250 1010 &c.

306 1043 423 1081 quain
451 1030 578 1067 nullae
606 1038 777 1075 vnquam
806 1024 906 1063 vires
935 1024 1148 1063 inferorum
1178 1031 1363 1074 poterunt
1391 1032 1576 1063 euertere.

361 1086 396 1123 6.
452 1083 615 1121 Constat
643 1082 735 1118 vero
767 1078 944 1117 Ecclesia
972 1077 1174 1116 Catholica
1202 1077 1359 1127 proprie
1388 1077 1604 1116 secuudum
1632 1078 1800 1116 formam
1829 1077 2073 1117 essentialem
2105 1077 2248 1128 ipsius,

307 1144 423 1187 prout
449 1136 489 1173 in
516 1132 758 1184 perfectione
786 1133 913 1170 futura
941 1138 1016 1181 est,
1045 1144 1091 1169 ex
1121 1129 1413 1181 praedestinatis
1441 1133 1476 1169 δι
1505 1131 1653 1169 electis:
1688 1132 1760 1170 hos
1789 1131 1892 1169 enim
1921 1131 2077 1170 Christo
2110 1131 2248 1169 insitos

309 1190 505 1240 Scriptura
544 1193 724 1237 testatur,
760 1185 825 1224 vbi
854 1185 903 1223 de
932 1185 1128 1234 Ecclesia,
1158 1183 1318 1233 eiusque
1348 1183 1533 1222 membris
1560 1185 1746 1235 loquens,
1779 1197 1916 1223 omnes
1947 1197 2019 1223 nos
2049 1184 2102 1223 ait
2131 1183 2249 1223 fuisse

308 1246 453 1282 electos
480 1241 518 1280 in
547 1239 722 1289 Christo,
750 1239 789 1276 in
818 1239 903 1288 ipso
933 1239 1076 1276 habere
1104 1236 1435 1287 redemptionem,
1462 1248 1552 1275 eum
1568 1238 1702 1276 datum
1718 1250 1801 1276 esse
1817 1244 1932 1288 caput
1949 1237 2021 1287 ipsi
2037 1237 2249 1287 Ecclesiae,

311 1303 474 1346 eamque
503 1293 620 1344 ipsius
649 1305 790 1342 corpus
819 1304 924 1338 esse,
955 1291 1056 1329 vnde
1085 1303 1166 1329 non
1197 1289 1390 1328 immerito
1421 1303 1554 1329 exesse
1583 1290 1746 1329 dicimus
1776 1303 1856 1328 non
1885 1292 2012 1329 solum
2039 1292 2154 1341 plane
2184 1290 2252 1328 im-

311 1350 415 1400 pios,
444 1350 479 1386 &
508 1347 699 1397 reprobos
730 1346 800 1384 sed
829 1344 944 1382 etiam
974 1343 1216 1394 hypocritas,
1245 1343 1311 1393 qui
1338 1343 1428 1381 licet
1456 1343 1494 1381 in
1519 1342 1696 1382 Ecclesia
1710 1343 1908 1393 habitent,
1934 1343 2083 1382 &inter
2098 1350 2253 1382 sanctos

313 1409 535 1445 versentur,
565 1399 664 1438 illius
690 1397 943 1437 esssntialiter
971 1404 1103 1435 tamen
1131 1409 1221 1434 vera
1250 1398 1430 1435 membra
1457 1396 1535 1434 dici
1563 1409 1643 1435 non
1672 1404 1847 1446 possunt.

369 1467 402 1504 7.
458 1453 576 1491 Vnde
606 1455 726 1503 porro
756 1457 864 1502 patet
890 1452 992 1488 hanc
1020 1449 1238 1488 Ecclesiam
1267 1450 1320 1487 ita
1348 1450 1472 1488 solam
1502 1462 1584 1488 esse
1616 1456 1807 1500 sanctam,
1836 1452 1871 1488 δ(
1899 1452 1921 1488 a
1949 1451 2037 1488 Deo
2065 1449 2249 1488 benedic—

316 1517 418 1558 tam,
448 1515 487 1545 vt
515 1514 621 1544 extra
650 1518 736 1543 eam
765 1505 872 1543 nulla
900 1503 947 1542 sit
981 1502 1180 1552 sanctitas,
1213 1504 1362 1541 nullum
1391 1504 1556 1541 salutare
1585 1503 1754 1552 donum,
1783 1504 1889 1541 nulla
1917 1502 2046 1552 deniq.
2069 1504 2190 1542 salus:
2215 1502 2253 1541 in

314 1564 388 1600 hac
432 1575 468 1599 n.
505 1560 587 1597 sola
630 1559 750 1608 fulget
776 1557 852 1595 Dei
881 1556 1044 1606 veritas,
1073 1556 1241 1607 gratiose
1269 1556 1492 1594 dominatur
1520 1555 1697 1594 Christus
1725 1569 1794 1605 per
1822 1555 2004 1606 Spiritum
2034 1555 2253 1594 Sanctifica-

315 1614 452 1663 tionis,
493 1613 546 1651 ita
587 1619 628 1650 vt
669 1613 773 1649 recte
817 1617 1066 1660 comparetur
1104 1612 1127 1648 a
1156 1608 1351 1647 veteribus
1380 1621 1492 1647 arcae
1520 1610 1649 1656 Noae,
1678 1609 1717 1647 in
1746 1620 1823 1658 qua
1850 1610 1934 1647 sola
1963 1616 2158 1646 seruatum
2185 1608 2256 1646 fuit

316 1679 437 1718 genus
466 1667 682 1704 humanum
711 1667 746 1703 δι
776 1670 884 1702 extra
911 1675 1030 1712 quam
1057 1662 1242 1712 quicunq.
1274 1662 1416 1712 reperti
1444 1663 1597 1700 fuerunt
1611 1662 1721 1712 aquis
1736 1661 1870 1710 djluuij
1885 1661 2043 1711 periisse
2057 1663 2251 1712 leguntur.

317 1722 394 1760 Sed
423 1720 532 1769 quod
560 1719 608 1757 de
637 1719 711 1756 hac
741 1716 946 1756 Catholica
975 1715 1160 1766 dicimus,
1190 1716 1239 1754 de
1268 1714 1427 1765 singulis
1450 1715 1744 1765 particularibus
1768 1714 1975 1764 Ecclesiis,
1997 1722 2038 1753 vt
2050 1717 2256 1764 Romana,

315 1776 374 1813 vel
405 1770 845 1821 Constantinopolitana
873 1769 1093 1808 concedere
1123 1781 1204 1807 non
1230 1779 1451 1818 possumus.

368 1830 403 1865 8.
459 1827 573 1864 Haec
602 1823 779 1862 Ecclesia
808 1822 1013 1861 Catholica
1041 1821 1310 1860 consideratur
1339 1822 1492 1859 duobus
1521 1821 1669 1869 modis,
1702 1822 1761 1859 vel
1788 1820 1828 1858 in
1856 1833 1897 1859 se
1925 1819 2168 1871 simpliciter,
2197 1821 2256 1858 vel

315 1881 352 1918 in
388 1879 465 1919 suis
496 1877 670 1928 partibus
699 1876 924 1927 respectiue.
967 1877 1013 1913 In
1041 1889 1081 1913 se
1110 1882 1164 1913 est
1194 1873 1415 1925 inuisibilis,
1443 1874 1534 1924 quia
1562 1874 1789 1912 Catholica:
1818 1873 1857 1912 in
1886 1873 2059 1924 partibus
2074 1873 2151 1911 suis
2169 1886 2256 1912 eam

314 1933 444 1982 aliquo
487 1932 629 1980 modo,
672 1943 751 1968 non
781 1938 911 1968 tamen
940 1928 1119 1979 proprie,
1149 1927 1275 1978 primo
1304 1928 1339 1965 δι·
1368 1940 1437 1977 per
1465 1939 1526 1978 se,
1555 1927 1769 1977 visibilem,
1796 1927 1902 1965 haud
1929 1925 2159 1965 inficiamur.
2202 1928 2255 1964 Vt

315 1987 418 2025 enim
459 1992 595 2022 natura
636 1984 826 2033 humana,
867 1983 988 2031 qua(f.
1029 1983 1272 2030 1708.)tenus
1299 1980 1519 2019 communis
1549 1987 1606 2019 est
1631 1979 1670 2018 in
1700 1994 1762 2029 se,
1791 1979 1915 2018 oculis
1942 1978 2118 2029 corporis
2148 1978 2256 2017 cerni

315 2052 396 2077 non
425 2045 574 2089 potest,
606 2038 744 2076 eadem
772 2043 903 2074 tamen
931 2035 969 2073 in
998 2035 1125 2086 ἀτόμῳ
1155 2033 1297 2084 videri,
1326 2034 1362 2071 δι
1391 2033 1547 2072 tractari
1576 2034 1832 2083 aliquomodo
1861 2045 1978 2082 posse
2006 2031 2167 2070 dicitur:
2200 2031 2256 2070 sic

316 2091 494 2130 Ecclesia
522 2089 735 2139 catholica,
765 2090 842 2139 qua
870 2088 973 2137 talis,
1002 2088 1130 2126 solum
1158 2086 1298 2125 mentis
1327 2086 1449 2124 oculis
1477 2086 1665 2136 cernitur,
1694 2098 1771 2136 qua
1794 2089 1888 2124 vero
1905 2085 1943 2123 in
1957 2084 2253 2135 particularibus

316 2152 512 2195 spectatur
539 2145 575 2182 δε
604 2141 905 2193 proprietatibus
935 2143 1123 2192 ὀριςικαΐς
1151 2140 1189 2178 in
1219 2139 1273 2178 eis
1300 2139 1484 2188 afficitur,
1512 2153 1598 2178 eam
1627 2139 1682 2178 sic
1710 2139 1987 2189 aspectabilem
2015 2151 2098 2177 esse
2126 2138 2255 2186 aliquo

317 2205 496 2248 respectu
524 2199 698 2235 fatemur.
731 2195 884 2233 Deinde
913 2195 1001 2232 cuin
1030 2193 1160 2241 potior
1188 2206 1276 2242 pars
1307 2193 1346 2231 in
1375 2192 1494 2231 coelis
1522 2193 1764 2243 triumphans
1793 2192 1839 2230 sit
1862 2194 2115 2241 aconspectu
2127 2189 2251 2229 homi-

318 2264 412 2289 num
441 2257 610 2299 remota,
640 2251 682 2287 fit
710 2256 749 2287 vt
776 2256 858 2286 tota
885 2248 983 2285 haec
1011 2246 1190 2285 Ecclesia
1219 2245 1377 2285 visibilis
1407 2245 1522 2284 nobis
1551 2258 1634 2285 esse
1664 2258 1744 2284 non
1773 2244 1907 2295 possit.

371 2318 406 2352 9.
463 2303 634 2340 Militans
665 2305 756 2341 vero
784 2301 824 2338 in
851 2302 930 2338 hoc
959 2299 1128 2349 mundo,
1155 2299 1296 2349 partim
1325 2298 1506 2347 visibilis,
1535 2298 1675 2348 partim
1704 2297 1907 2337 inuisibilis
1924 2297 2076 2335 dicitur.
2093 2295 2257 2335 visibilis

316 2363 494 2406 respectu
535 2356 736 2405 materiae,
778 2357 813 2393 ἃ
854 2355 1000 2392 formae
1042 2359 1244 2399 externae,
1287 2359 1403 2400 atque
1443 2351 1559 2390 etiam
1602 2359 1761 2402 propter
1802 2358 2001 2390 externam
2035 2353 2260 2388 πολιτείανι

317 2409 518 2448 inuisibilis
546 2416 726 2458 respectu
754 2409 903 2445 formae
930 2406 1124 2455 internae,
1154 2406 1244 2455 quia
1270 2405 1293 2454 ij
1323 2405 1388 2454 qui
1416 2404 1455 2442 in
1485 2405 1595 2443 terris
1610 2412 1830 2454 versantur,
1853 2403 1942 2443 &in
1958 2401 2252 2453 particularibus

325 2462 507 2500 Ecclesiis
549 2461 706 2511 viuunt,
749 2473 830 2498 non
859 2466 1022 2509 possunt
1048 2457 1178 2508 aliquo
1208 2470 1389 2497 sensuum
1418 2457 1562 2496 iudicio
1593 2457 1779 2506 discerni,
1808 2464 1936 2495 vtrum
1964 2456 2014 2494 ad
2043 2453 2260 2493 Ecclesiam

321 2518 410 2554 vere
449 2514 682 2553 catholicam
720 2513 959 2563 pertineant:
996 2512 1174 2550 homines
1210 2511 1367 2561 quidem
1404 2510 1600 2559 videmus,
1639 2512 1672 2548 &
1710 2510 1959 2560 particulares
1995 2508 2190 2547 Ecclesias
2217 2505 2256 2544 in

323 2569 463 2619 quibus
505 2568 660 2605 viuunt:
704 2566 862 2616 quinam
906 2572 1036 2603 tamen
1076 2578 1123 2603 ex
1158 2563 1201 2602 iis
1239 2571 1327 2602 sunt
1361 2563 1495 2613 electi,
1534 2563 1692 2613 quinam
1730 2566 1820 2601 vere
1856 2563 2009 2613 fideles,
2046 2563 2123 2600 hoc
2150 2560 2259 2597 nullo

318 2623 523 2661 oculorum
552 2620 696 2658 iudicio
728 2626 836 2657 certo
865 2625 1045 2656 constare
1076 2623 1216 2667 potest.

382 2688 437 2711 10.
494 2675 615 2712 Porro
658 2673 748 2710 cum
777 2671 952 2710 Christus
981 2683 1048 2708 rex
1077 2670 1124 2709 sit
1152 2677 1351 2718 aeternus,
1380 2671 1415 2707 δε
1444 2676 1675 2719 perpetuum
1703 2668 1782 2706 eius
1812 2668 1860 2706 sit
1887 2680 2069 2717 regnum,
2097 2677 2257 2704 necesse

326 2735 383 2766 est
419 2726 567 2775 aliquot
604 2738 756 2775 semper
791 2725 953 2763 existere
990 2723 1056 2773 qui
1093 2737 1133 2762 se
1170 2735 1242 2773 pro
1278 2722 1440 2761 subditis
1474 2723 1662 2760 habentes
1690 2733 1780 2759 eum
1809 2733 1879 2770 pro
1906 2733 1996 2770 rege
2025 2724 2259 2769 agnoscant,

324 2781 413 2818 ideo
439 2779 516 2817 iam
538 2779 628 2817 inde
649 2780 672 2816 a
692 2777 816 2828 prima
839 2776 1035 2815 creatione
1056 2789 1208 2826 semper
1232 2775 1302 2814 fuit
1325 2783 1460 2814 coetus
1483 2774 1642 2825 quidam
1669 2774 1873 2813 hominum
1888 2776 1911 2811 a
1926 2775 2012 2811 Deo
2029 2773 2259 2828 electorum,

2189 2834 2256 2872 qul
