2334 3020
844 103 1109 131 Eikssuici
1152 102 1290 130 PARS
1333 101 1359 128 1.
1993 99 2068 136 427

135 214 186 252 ad
230 212 533 251 declarationem
576 210 685 250 modi
725 212 786 249 vel
826 209 1063 249 conditionis
1101 208 1279 258 diuinae,
1317 219 1435 257 quam
1464 206 1502 245 in
1531 205 1707 245 Ecclesia
1734 205 1868 243 vident
1897 206 2023 243 solum
2053 204 2077 254 ij

137 267 278 317 quibus
306 268 413 304 Deus
441 264 672 303 illuminauit
701 263 839 303 mentis
870 264 1008 302 oculos
1036 271 1076 301 vt
1103 262 1238 300 videre
1266 261 1429 312 possint.
1457 260 1564 298 Dicit
1592 260 1717 307 enim,
1745 265 1787 298 vt
1806 260 1943 297 cim'tas
1966 271 2078 306 coag-

137 325 307 359 mentam
336 321 436 357 inter
465 331 503 356 se
522 319 706 369 parilem·
741 318 776 355 δι
806 323 958 355 seruato
987 317 1115 366 sem(f.
1147 317 1310 365 704)pcr
1339 315 1481 352 eodem
1510 312 1644 362 simili,
1674 312 1746 351 tria
1774 312 1823 350 de
1850 311 2078 350 conditione

139 371 339 411 communi
368 371 570 410 Ecclesiae
598 370 674 408 Dei
701 370 921 420 praedicat:
951 369 1124 408 Primum
1154 369 1313 419 quidem
1342 367 1538 406 ciuitatem
1555 368 1615 405 vel
1631 365 1740 415 quasi
1756 364 1954 403 ciuitatem
1973 377 2079 416 esse3

139 433 221 463 tum
251 424 446 463 ciuitatem
482 424 630 474 optime
658 424 757 462 inter
784 437 824 462 se
854 423 1134 474 coagmentatis
1161 421 1354 472 partibus3
1381 422 1581 469 postremo
1610 418 1838 469 dignitatem
1868 417 2079 456 maximam

140 481 175 518 &
217 477 363 536 ciuitati
403 478 546 528 inesse,
587 478 622 515 &
666 476 824 527 singulis
864 477 1038 526 partibus
1071 475 1193 526 illius,
1223 487 1269 513 eo
1299 474 1409 525 qu0d
1439 473 1539 512 inter
1567 486 1607 511 se
1635 472 1778 523 pariter
1806 478 2080 522 coagmentata

140 538 215 571 smt
243 544 388 569 omma.

193 584 315 633 Quod
347 583 478 633 itaque
514 583 683 633 primum
720 585 907 622 ciuitatem
943 595 1026 621 esse
1059 581 1175 631 dicit,
1205 580 1328 620 simile
1360 581 1523 618 alterum
1552 586 1608 617 est
1637 580 1687 617 ab
1715 590 1785 627 eo,
1815 577 1924 627 quod
1951 577 2080 627 primo

140 649 254 676 versu
296 636 467 686 positum
501 644 578 686 est,
608 638 698 674 cum
726 637 889 675 domum
917 637 1088 674 Iehouae
1116 635 1347 684 appellaret:
1389 633 1458 671 sed
1487 639 1617 671 tamen
1645 638 1852 680 Vtrumque
1881 629 2080 668 Ecclesiae

140 690 356 729 catholicae
385 689 532 739 optime
561 689 758 728 conuenit.
803 691 904 727 Nam
935 689 1073 727 eadem
1101 694 1159 726 est
1185 700 1261 725 vna
1293 687 1456 736 domus,
1498 686 1529 724 si
1556 686 1607 723 ad
1635 686 1765 723 Deum
1794 683 2078 722 inhabitantem

140 744 178 782 in
211 757 256 782 ea
285 742 520 792 respexeris:
550 744 585 781 δι
614 756 689 781 vna
716 742 868 789 ciuitas,
897 743 927 781 si
954 741 1166 792 respexeris
1194 741 1245 779 ad
1272 740 1420 778 incolas
1448 738 1529 777 eius
1554 738 1619 776 vni
1635 739 1743 787 Deo,
1772 737 1807 774 &
1824 736 1888 775 vni
1904 735 2080 775 Domino

141 797 216 835 vna
254 797 350 845 fide,
387 809 463 834 vno
498 795 731 846 baptismate
767 795 997 845 seruientes,
1026 798 1061 834 ἃ
1090 795 1347 832 adhaerentes
1375 792 1414 831 in
1443 792 1589 830 vnitate
1618 791 1784 841 spiritus.
1815 790 2083 838 Quemadmo-

141 851 236 889 dum
273 849 390 887 etiam
428 850 553 898 (quod
590 857 648 888 est
684 849 901 899 augustius)
938 860 1057 887 vnum
1095 859 1238 897 corpus
1273 847 1510 896 appellatur,
1540 847 1618 895 qua
1646 845 1778 883 subest
1808 842 1873 881 vni
1901 842 2018 893 capiti
2046 844 2081 881 δε

141 903 236 941 viuit
264 903 312 941 de
341 902 419 941 vita
447 902 546 941 illius
575 903 614 941 in
643 902 798 953 spiritus
827 902 926 940 illius
955 901 1115 940 vnitate.
1145 902 1206 938 Ac
1233 899 1399 950 proinde
1428 906 1469 937 vt
1497 910 1640 948 corpus
1668 909 1788 935 vnum
1818 909 1866 934 ex
1896 895 2082 934 membris

142 955 430 1006 compluribus,
454 956 595 994 domus
623 969 698 994 vna
728 969 774 994 ex
803 955 1020 1006 lapidibus,
1050 954 1186 993 ciuitas
1219 966 1296 992 vna
1325 966 1372 991 ex
1399 952 1585 990 domibus
1613 956 1889 1001 coagmentata
1924 951 2083 987 &com-

143 1010 272 1049 stituta
308 1016 385 1058 est,
422 1009 475 1047 ita
512 1009 630 1048 etiam
669 1009 846 1047 Ecclesia
881 1022 928 1047 ex
956 1007 1071 1046 variis
1099 1008 1209 1046 velut,
1237 1005 1443 1056 membris,
1472 1004 1667 1055 lapidibus
1694 1002 1814 1054 viuis,
1842 1001 2083 1052 aedibusque

145 1069 326 1102 constare
355 1061 506 1100 dicitur.

195 1116 261 1154 Ad
302 1116 403 1154 hanc
443 1122 574 1154 autem
612 1115 932 1155 constitutionem
967 1114 1048 1153 siue
1083 1112 1283 1163 corporis,
1323 1111 1403 1150 siue
1440 1111 1603 1156 domus,
1642 1109 1724 1148 siue
1755 1108 1871 1147 etiam
1900 1107 2084 1158 ciuitatis,

145 1169 363 1207 necessaria
397 1176 486 1207 sunt
520 1170 663 1219 multa,
701 1168 925 1207 communia
954 1170 1156 1218 pleraque,
1184 1177 1308 1216 pauca
1335 1163 1555 1214 singularia.
1584 1162 1820 1201 Communia
1849 1168 1937 1200 sunt
1964 1162 2082 1199 haec:

145 1221 396 1273 principium,
425 1223 533 1272 quod
561 1224 583 1260 a
612 1224 698 1260 Deo
732 1223 789 1271 (vt
816 1223 1032 1272 Apostolus
1060 1221 1112 1258 ad
1139 1220 1346 1258 Hebraeos
1360 1217 1546 1267 loquitur)
1563 1223 1788 1255 constructa
1802 1222 1878 1264 est,
1906 1214 2086 1253 &adhuc

144 1275 381 1314 construitur
410 1275 709 1325 contineturque
738 1278 774 1314 δε
802 1283 860 1314 est
888 1275 1028 1312 virtute
1066 1273 1186 1311 illius:
1215 1272 1324 1323 finis,
1358 1272 1467 1321 quod
1494 1270 1546 1308 ad
1573 1270 1647 1308 Dei
1674 1269 1839 1320 gloriam
1867 1267 2085 1306 inhabitan-

143 1329 191 1368 tis
230 1329 378 1380 ipsam3
419 1328 601 1375 materia,
647 1329 756 1378 quod
797 1342 845 1367 ex
885 1327 1131 1377 hominibus,
1173 1333 1214 1364 vt
1242 1325 1429 1364 membris
1457 1323 1732 1374 lapidibusque
1758 1321 1877 1371 vinis,
1905 1322 1956 1360 acl
1984 1322 2087 1359 hanc

146 1381 384 1431 spiritualem
424 1389 658 1420 structuram
700 1381 1002 1431 pertinentibus:
1044 1382 1171 1419 forma
1210 1379 1320 1428 quod
1362 1385 1523 1417 eatenus
1552 1387 1719 1427 corpus,
1761 1375 1921 1425 domus,
1951 1373 2087 1412 ciuitas

147 1435 291 1474 Christi
325 1442 401 1485 est,
443 1441 634 1485 quatenus
675 1447 784 1474 suam
827 1434 1055 1473 relationem
1097 1433 1149 1471 ad
1189 1432 1316 1482 ipsum
1355 1432 1496 1481 habet,
1545 1431 1580 1468 &
1618 1428 1787 1468 vicissim
1815 1429 1904 1466 Deo
1934 1428 2086 1477 optimo

145 1488 317 1526 maximo
350 1488 475 1526 visum
516 1495 573 1526 est
601 1487 830 1526 relationem
859 1489 908 1526 ad
944 1487 1067 1538 ipsam
1105 1486 1251 1524 habere
1278 1498 1347 1535 per
1374 1484 1537 1535 gratiam
1566 1486 1601 1522 &
1628 1483 1811 1521 εὐδοκίαν
1838 1481 1975 1531 ipsius:
2004 1487 2086 1518 tum

144 1541 259 1580 etiam
301 1540 465 1580 actionis
499 1542 662 1592 modus,
699 1542 807 1591 quod
849 1540 1076 1579 aedificatur
1117 1539 1247 1577 adhuc
1285 1539 1321 1576 &
1349 1537 1544 1588 colligitur
1571 1550 1641 1586 per
1669 1536 1832 1574 verbum
1862 1533 2087 1584 Euangelij,

146 1598 181 1634 δε
209 1595 273 1633 illa
299 1596 464 1633 verbum
492 1595 633 1645 accipit
662 1608 741 1644 quo
766 1594 1001 1644 adiungatur
1027 1593 1208 1643 Christo,
1243 1593 1278 1630 &
1307 1598 1463 1630 maneat
1489 1589 1529 1628 in
1557 1590 1665 1641 ipso,
1695 1596 1813 1639 prout
1840 1587 1879 1626 in
1907 1589 2087 1637 Euange-

145 1648 229 1687 licis
267 1647 589 1698 promissionibus
618 1647 831 1686 declarauit
858 1647 1055 1686 Christus:
1093 1648 1295 1697 postremo
1323 1646 1484 1684 effectus
1513 1643 1735 1693 multiplex,
1765 1653 1881 1691 quem
1911 1640 2089 1680 Ecclesia

145 1701 184 1739 in
225 1714 368 1751 genere
409 1701 605 1752 agnoscit,
643 1713 733 1739 cum
770 1703 793 1739 a
830 1714 870 1740 se
900 1700 1099 1751 praedicat
1127 1699 1236 1738 credi
1263 1706 1490 1737 sanctorum
1519 1695 1859 1745 communionem,
1888 1702 2005 1744 prout
2033 1700 2090 1732 est

147 1754 375 1793 communio
413 1755 682 1793 membrorum
722 1755 759 1793 in
795 1767 983 1804 corpore,
1026 1753 1195 1804 partium
1228 1751 1267 1790 in
1304 1752 1448 1801 domo,
1487 1751 1523 1788 δι
1559 1750 1599 1788 in
1634 1748 1791 1788 ciuitate
1825 1748 1994 1786 aedium.
2030 1748 2090 1785 Ex

147 1808 287 1858 quibus
319 1808 501 1846 omnibus
527 1809 623 1847 illud
649 1807 874 1858 conficitur,
903 1808 1120 1846 Ecclesiam
1148 1806 1223 1845 Dei
1251 1813 1334 1843 tum
1361 1805 1488 1855 reipsa
1516 1816 1634 1843 vnam
1664 1815 1766 1852 esse,
1794 1808 1912 1851 prout
1929 1813 2088 1850 corpus,

145 1862 307 1911 domus,
337 1861 473 1900 ciuitas
500 1869 589 1900 sunt
617 1861 765 1911 aliquid
792 1873 934 1899 vnum:
966 1869 1049 1899 tum
1079 1859 1197 1899 etiam
1224 1858 1308 1897 iure
1335 1871 1414 1896 vno
1446 1870 1552 1909 esse,
1590 1863 1708 1907 prout
1736 1867 1898 1906 corpus,
1929 1855 2091 1904 domus,

147 1914 284 1953 ciuitas
311 1914 383 1953 iuri
411 1914 476 1952 vni
503 1916 687 1965 subsunt,
717 1916 753 1953 δε
780 1927 828 1953 ex
857 1927 904 1953 eo
934 1912 1196 1952 administrari
1222 1913 1362 1951 solent.

201 1969 480 2006 Verumtamen
517 1968 555 2006 in
590 1969 666 2007 hac
694 1968 974 2007 communione
1003 1968 1039 2005 81
1067 1966 1124 2005 rei
1152 1969 1187 2005 δε
1214 1965 1328 2015 iuris,
1357 1964 1552 2015 quaedam
1581 1961 1831 2001 inueniuntur
1854 1960 2090 2011 singularia,

148 2028 265 2070 prout
293 2021 452 2071 singulis
487 2020 525 2059 in
554 2034 721 2071 corpore
749 2021 954 2071 membris,
990 2021 1029 2058 in
1058 2020 1181 2058 domo
1210 2018 1405 2070 partibus,
1435 2017 1475 2056 in
1504 2016 1660 2055 ciuitate
1689 2015 1873 2054 domibus
1902 2026 1992 2052 suus
2030 2026 2090 2052 or-

149 2074 222 2125 do,
265 2086 436 2124 suaeque
475 2075 694 2114 functiones
723 2075 932 2113 attributae
957 2081 1058 2113 sunt.
1099 2075 1202 2112 Nam
1231 2071 1400 2122 primuni
1428 2071 1467 2109 in
1496 2070 1580 2120 ipsa
1607 2070 1712 2108 velut
1740 2067 1901 2106 materia
1927 2068 2092 2115 domus,

149 2127 344 2177 corporis,
373 2135 438 2165 aut
465 2127 647 2179 ciuitatis,
676 2135 805 2178 partes
834 2127 931 2166 aliae
956 2129 1006 2166 ab
1030 2126 1113 2165 aliis
1137 2126 1235 2165 inter
1250 2139 1290 2164 se
1305 2124 1488 2163 differunt
1502 2121 1804 2174 proprietatibus
1821 2120 2092 2171 singularibus,

149 2192 246 2230 quas
273 2180 311 2218 in
341 2180 518 2219 Ecclesia
546 2183 771 2231 personales
799 2192 1006 2232 possumus
1033 2181 1254 2230 appellare:
1284 2190 1374 2217 cum
1403 2191 1476 2216 nec
1505 2176 1638 2215 omnia
1664 2176 1843 2214 membra
1870 2173 1975 2212 idem
2003 2173 2092 2223 sint,

150 2234 218 2272 sed
260 2234 435 2273 eiusdem
463 2234 639 2284 corporis
671 2236 867 2285 membra,
911 2247 984 2273 nec
1013 2234 1154 2272 eodem
1183 2232 1321 2271 ordine
1348 2231 1445 2282 sint,
1476 2230 1545 2269 sed
1572 2229 1713 2268 eodem
1742 2240 1934 2278 corpore:
1963 2225 2094 2265 simili·

149 2291 285 2336 terque
322 2300 395 2325 nec
437 2300 573 2326 omnes
615 2288 764 2338 lapides
804 2289 969 2338 domus,
1011 2300 1086 2326 nec
1123 2287 1241 2324 aedes
1284 2284 1449 2323 ciuitatis
1478 2283 1665 2334 singulae.
1707 2281 1862 2320 Deinde
1891 2279 2028 2319 habitu
2057 2280 2092 2317 &

150 2339 288 2379 officiis
325 2340 424 2379 inter
459 2354 501 2379 se
536 2341 737 2391 differunt,
779 2348 896 2392 prout
929 2344 953 2380 a
989 2342 1078 2379 Deo
1116 2339 1406 2389 distinguuntur
1444 2337 1557 2375 donis
1595 2336 1630 2373 δι
1658 2334 1953 2374 vocationibus:
1996 2345 2093 2382 quas

149 2393 377 2432 vocationes
403 2406 559 2432 rursum
587 2396 802 2445 Apostolus
827 2393 1122 2444 distinguendas
1151 2393 1270 2431 docet
1298 2392 1454 2430 duobus
1483 2389 1631 2441 modis3
1678 2402 1711 2427 1.
1741 2389 1834 2427 Cor.
1866 2401 1924 2425 12.
1953 2400 1990 2434 4.
2020 2387 2095 2425 &c.

149 2448 240 2484 cum
278 2455 457 2497 respectu
495 2460 640 2497 operae
675 2447 756 2486 siue
785 2448 968 2499 actionis,
996 2446 1379 2486 administrationum
1408 2443 1606 2494 meminit,
1635 2448 1813 2492 respectu
1843 2443 1936 2479 vero
1966 2438 2095 2489 operis

149 2499 230 2538 siue
272 2501 432 2539 effectus
475 2501 646 2539 ostendit
690 2501 865 2540 diuersas
893 2513 979 2540 esse
1008 2499 1278 2550 operationes:
1323 2497 1540 2536 secundum
1573 2507 1695 2545 quae,
1724 2493 1903 2545 quamuis
1927 2493 2026 2532 inter
2054 2505 2096 2531 se

151 2554 362 2603 plurimum
391 2553 629 2603 differentia,
660 2556 838 2594 membra
866 2554 1018 2604 singula
1045 2552 1247 2591 Ecclesiae
1276 2552 1329 2590 ita
1352 2556 1596 2601 occupantur
1624 2549 1663 2587 in
1691 2548 1737 2587 iis
1759 2546 1985 2587 muneribus
1999 2557 2098 2596 quae

151 2606 380 2656 praescribit
415 2609 542 2656 Deus,
583 2614 622 2646 vt
661 2621 760 2646 vnvs
800 2609 836 2646 &
865 2607 969 2646 idem
998 2606 1162 2657 Spiritus
1192 2604 1324 2644 omnia
1352 2604 1497 2643 efficiat
1525 2603 1564 2641 in
1594 2602 1777 2641 omnibus
1804 2614 1877 2651 pro
1907 2601 2097 2638 demenso

152 2659 377 2698 donationis
410 2661 567 2699 Christi.
609 2662 861 2712 Quapropter
889 2662 1113 2711 expendant
1141 2657 1372 2708 Christiani,
1401 2663 1645 2707 quantopere
1674 2655 1878 2705 indignum
1905 2653 1955 2692 sit
1982 2665 2097 2691 voca-

156 2713 261 2751 tione
298 2712 493 2763 ipsorum,
531 2715 566 2752 &
604 2715 756 2753 honore
794 2726 911 2763 quem
948 2716 1056 2752 Deus
1095 2712 1188 2763 ipsis
1224 2713 1369 2750 habere
1407 2710 1588 2760 dignatus
1616 2716 1675 2748 est
1701 2709 1741 2747 in
1768 2707 1850 2746 filio
1878 2705 2098 2745 dilectionis

157 2778 272 2817 suae,
313 2765 344 2804 si
380 2775 445 2805 aut
482 2768 658 2806 membra
693 2767 890 2819 corporis,
919 2775 984 2805 aut
1019 2766 1169 2817 lapides
1205 2767 1369 2816 domus,
1406 2772 1472 2802 aut
1499 2763 1664 2802 ciuitatis
1691 2768 1841 2813 partes,
1866 2772 1963 2811 quas
1990 2761 2099 2797 Deus

1954 2813 2101 2851 adunat
