2334 3020
809 128 876 154 DE
919 125 1064 152 VERA
1104 123 1457 155 THEOLOGIA.
2051 123 2098 161 47

167 246 245 272 esse
277 234 544 283 Theologiam,
572 234 612 270 in
638 234 754 282 vulgo
781 238 904 272 tamen
934 237 1136 284 ὁμωνύμως
1163 236 1315 273 dicitur.
1342 233 1419 270 Est
1445 234 1541 270 enim
1568 231 1661 268 lzaec
1687 242 1800 280 vera,
1824 230 1906 268 Illa
1914 229 2032 280 falsa
2046 230 2096 267 ἔφ’

165 287 380 336 opinabilis.
421 285 798 335 Aequiuocationem
834 286 965 339 istam,
991 300 1109 337 quam
1137 288 1199 326 hic
1228 286 1448 337 statuimus,
1475 283 1592 324 efficit
1618 283 1672 321 rei
1697 283 1850 321 Veritas
1877 294 1968 321 cum
1996 283 2093 321 falso

163 347 427 389 corruptoque
462 346 597 377 nostro
630 339 774 378 iudicio
801 342 837 378 δι
864 352 978 380 sensu
1005 348 1242 392 comparata.
1281 341 1383 378 Nam
1411 351 1458 376 ex
1485 338 1538 377 rei
1565 337 1737 374 Veritate
1764 336 1922 386 quidem
1949 343 2024 387 est,
2051 343 2093 374 vt

159 393 206 431 sit
235 392 420 443 sapientia
447 403 573 430 rerum
601 392 840 443 diuinarum,
869 394 1149 444 qualiscunque
1175 394 1238 432 illa
1266 393 1423 432 tandem
1451 394 1487 430 &
1515 390 1779 438 cuiuscunque
1805 389 1870 440 sit,
1898 389 2093 439 etiamque

157 458 249 484 vera
287 446 436 483 dicatur
477 457 585 483 esse:
629 457 677 483 ex
717 446 846 495 iudicij
888 450 982 486 vero
1023 448 1144 486 nostri
1184 445 1487 497 deprauatione‚
1525 447 1561 483 δε
1597 443 1706 492 quasi
1758 441 1895 492 pituita
1934 454 2090 480 sensum

157 497 360 549 spiritualis
387 504 520 548 gustus
549 497 744 538 mentibus
773 499 915 538 nostris
942 500 1138 540 adimente
1167 508 1241 547 est,
1271 500 1380 549 quod
1407 498 1447 536 in
1474 498 1549 536 hac
1576 507 1735 547 quoque
1762 497 1819 543 (vt
1846 495 1886 533 in
1913 495 2089 544 caeteris)

156 563 273 590 causa
313 549 540 601 grauissima
580 551 720 589 falsum
760 565 831 603 pro
872 565 966 592 vero
1007 555 1299 604 amplectamur.
1342 553 1444 600 Ita(f.
1477 552 1684 600 1376.)que
1724 548 1940 587 secundum
1983 549 2091 587 Veri-

155 611 273 644 tatem
315 603 388 654 rei,
430 603 570 642 dicitur
596 604 726 655 aliqua
753 606 914 645 omnino
942 619 1036 646 vera
1064 619 1147 645 esse
1175 605 1415 656 Theologia,
1444 605 1611 643 vniuoce
1638 602 1848 652 appellata3
1879 601 2093 639 secundum

154 660 248 696 vero
287 656 532 707 opinionem3
573 668 690 706 quam
731 658 944 709 deprauato
983 661 1019 698 &
1060 661 1332 710 obstupefacto
1371 657 1516 697 iudicio
1558 662 1693 696 nostro
1721 653 1994 705 concepimus,
2036 660 2094 692 est

154 712 190 749 δε
230 709 449 760 Theologia
487 709 592 747 dicta
632 712 872 764 aequiuoce,
922 725 1040 763 quam
1072 715 1228 762 salsam
1270 713 1320 751 ἐφ’
1359 712 1584 761 opinabilem
1623 709 1888 758 appellamus:
1929 708 2092 759 falsam⁷

154 762 245 813 quia
281 769 367 802 toto
395 763 509 801 coelo
538 764 664 812 (quod
692 765 813 813 aiunt)
841 767 950 805 abest
978 767 1002 803 a
1029 766 1202 805 Veritate
1230 764 1394 804 subiecti
1421 763 1579 814 proprie
1607 762 1659 802 ad
1688 760 1948 811 Theologiam
1976 760 2092 810 perti—

152 816 296 855 nentis:
338 815 587 866 opinabilem
628 821 743 868 vero,
785 818 875 868 quia
915 818 1101 869 opinione
1142 820 1269 858 solum
1312 817 1488 856 consistit
1529 816 1576 866 (si
1603 814 1763 866 quidem
1788 813 1885 852 illud
1914 819 1973 851 est
1999 826 2091 852 con-

152 869 301 918 sistere)
331 869 370 908 in
398 876 527 908 mente
556 870 591 907 &
619 870 893 921 imaginatione
919 878 1071 922 nostra,
1098 872 1251 911 somnia
1279 883 1386 910 mera
1412 876 1529 920 atque
1557 868 1723 907 ludibria
1750 879 1823 917 pro
1852 866 2031 917 veritate,
2056 869 2092 905 δε

151 922 258 962 idola
298 928 415 972 atque
454 924 704 972 tragelaphos
736 937 808 974 pro
837 926 925 963 Deo
953 937 1047 963 vero
1079 927 1340 975 contingente.
1382 925 1443 961 Ac
1472 923 1522 961 de
1549 924 1645 960 falsa
1682 920 1842 970 quidem
1869 919 2090 970 Theologia

154 978 189 1014 δε
229 975 416 1026 opinabili
455 988 536 1014 non
578 983 635 1014 est
669 977 818 1026 consilij
857 978 981 1016 nostri
1007 984 1048 1015 vt
1075 978 1251 1016 dicamus
1280 976 1427 1027 multis;
1458 973 1777 1025 quandoquidem
1805 973 1845 1010 in
1869 985 1961 1011 vera
1988 985 2088 1010 asse-

154 1029 310 1079 quenda
343 1029 456 1067 labor
491 1035 549 1067 est
576 1030 765 1080 perutilis,
794 1032 830 1068 δε
858 1031 1099 1080 periculosus
1127 1043 1257 1082 err0r3
1285 1031 1324 1068 in
1354 1030 1450 1067 falsa
1479 1027 1760 1078 perscrutanda
1786 1027 1900 1064 labor
1926 1025 2090 1076 inutilis,

153 1084 189 1120 ἃ
222 1095 331 1121 error
363 1084 386 1119 a
421 1082 595 1132 periculo
623 1083 731 1133 graui
759 1083 1027 1122 alienissimus,
1055 1083 1124 1121 sed
1149 1090 1282 1121 tamen
1305 1089 1346 1121 vt
1374 1081 1536 1120 strictim
1565 1079 1712 1130 aliquid
1740 1079 1788 1117 de
1817 1091 1863 1116 ea
1891 1078 2090 1124 dicamus,

153 1142 343 1185 quantum
385 1136 437 1174 ad
476 1134 583 1174 istius
618 1136 882 1185 hononymiae
917 1136 1293 1174 demonstrationem
1321 1135 1505 1186 pertinet,
1534 1136 1593 1171 Ita
1620 1132 1844 1183 statuimus3
1877 1133 1992 1170 lees.
2020 1142 2092 1169 1111.

152 1190 276 1227 Falsa
319 1189 534 1236 Theologz'a
568 1194 624 1226 est
648 1190 805 1238 duplex:
847 1190 931 1226 Vna
963 1191 1161 1240 vulgaris,
1190 1190 1332 1226 Altera
1359 1188 1649 1237 Plzilosoplzica:
1691 1185 1901 1235 Vulgaris,
1929 1197 2027 1233 quae
2052 1186 2092 1222 in

142 1243 351 1291 principiis
392 1242 579 1279 lVaturae
619 1247 774 1279 nostrae
813 1243 1047 1291 imperjectis
1087 1243 1284 1280 subsidens
1320 1254 1396 1279 non
1432 1241 1610 1288 assurgit
1636 1239 1752 1276 altius
1779 1238 2090 1275 ratiocinatione:

152 1295 447 1346 philosophica,
471 1307 568 1344 qnae
595 1296 901 1332 ratiocinationis
928 1308 1067 1332 errore
1092 1297 1131 1332 in
1139 1297 1278 1344 salsas
1299 1295 1555 1332 conclusiones
1575 1292 1772 1343 diffluxit,
1788 1291 1838 1328 (ἓν
1850 1291 2069 1338 fabulosam
2082 1321 2091 1339 7

152 1350 370 1386 naturalem
385 1378 396 1398 ,
437 1349 656 1396 ciuilemque
695 1361 744 1385 ex
782 1349 985 1398 principiis
1026 1349 1104 1386 illis
1134 1349 1378 1398 procreauit.
1421 1347 1497 1384 His
1533 1346 1686 1396 paucis,
1715 1350 1798 1382 tum
1825 1355 1947 1381 vnum
1976 1344 2093 1381 veluti

152 1412 295 1451 corpus
323 1402 444 1438 falsae
471 1400 715 1450 Theologiae
743 1400 1010 1439 circumscribi
1036 1407 1216 1450 putamus
1242 1413 1379 1451 posse3
1407 1406 1491 1438 tum
1519 1399 1688 1450 singulas
1709 1403 1839 1447 partes
1856 1409 1903 1434 ac
1917 1397 2094 1434 membra

151 1454 268 1504 ipsius
296 1454 458 1492 seorsim
485 1453 756 1492 demonstrari.
797 1454 953 1492 Etenim
982 1455 1102 1492 falsae
1129 1454 1373 1504 Theologiae
1399 1453 1506 1491 istius
1535 1453 1645 1490 radix
1674 1455 1732 1501 (ut
1761 1450 1815 1488 ita
1844 1449 2034 1498 dicamus)
2059 1451 2094 1486 δε

152 1513 270 1557 caput
303 1507 399 1545 illud
435 1512 512 1557 est⁷
542 1506 651 1556 quod
683 1508 932 1556 Theologiam
961 1509 1164 1556 vulgarem
1193 1509 1454 1558 appellamus:
1493 1506 1647 1556 Corpus
1676 1504 1791 1542 situm
1821 1509 1878 1541 est
1905 1503 1945 1540 in
1967 1504 2092 1552 philo-

151 1562 326 1610 sophica,
364 1571 465 1610 quae
501 1559 641 1598 exinde
681 1560 721 1598 in
757 1566 834 1598 tres
869 1573 1000 1598 ramos
1027 1561 1218 1599 luxuriata
1246 1566 1303 1598 est
1330 1559 1607 1610 amplissimos,
1637 1560 1673 1597 δε
1699 1557 1948 1595 siluescentes
1977 1555 2090 1605 pluri-

151 1625 271 1652 mum.
305 1614 514 1663 Vulgarem
544 1613 804 1663 Theologiam
831 1614 1074 1663 appellamus
1102 1627 1210 1666 eam,
1240 1625 1341 1664 quae
1368 1612 1588 1651 communis
1616 1618 1673 1650 est
1700 1609 1901 1659 omnium,
1931 1615 1973 1646 ut
2000 1614 2088 1646 sunt

149 1666 339 1717 principia
380 1667 460 1705 eius
501 1666 761 1716 notionesque
800 1668 837 1705 δε
876 1667 1174 1717 praeceptiones
1204 1678 1436 1706 communes
1472 1666 1511 1704 in
1549 1665 1746 1703 mentibus
1779 1662 1921 1701 nostris
1955 1662 2091 1700 adum—

150 1721 304 1759 bratae:
336 1721 372 1758 &
401 1732 502 1769 quae
529 1732 603 1758 nec
629 1719 934 1758 ratiocinationis
961 1721 1111 1759 cultura
1138 1721 1326 1771 subigitur
1353 1722 1410 1770 (vt
1434 1719 1487 1757 ita
1502 1718 1692 1767 dicamus)
1706 1729 1781 1755 nec
1797 1715 2093 1766 superueniente

148 1773 306 1812 aliunde
346 1773 572 1811 adiumento
612 1773 804 1824 augescit3
847 1773 916 1812 sed
956 1774 997 1812 in
1036 1774 1102 1812 illa
1142 1786 1210 1812 sua
1246 1773 1474 1812 conditione
1509 1771 1816 1820 notionibusque
1854 1768 2091 1818 imperfectis

149 1826 410 1877 conquiescit,
438 1828 474 1864 δε
501 1832 689 1876 tanquam
714 1827 754 1864 in
782 1827 890 1865 faece
916 1826 1222 1877 imperfectionis
1250 1829 1286 1866 δε
1314 1825 1574 1875 corruptionis
1602 1837 1693 1862 suae
1721 1822 1905 1862 naturalis
1928 1821 2092 1860 desidet.

149 1879 469 1929 Philosophicam
496 1893 590 1918 vero
619 1879 785 1918 dicimus
813 1892 921 1930 earn,
952 1892 1053 1930 quae
1080 1882 1230 1919 cultura
1258 1882 1293 1919 ἅν
1320 1879 1610 1918 accessionibus
1637 1878 1738 1916 intus
1763 1879 1798 1915 δι
1814 1875 1906 1914 foris
1920 1874 1971 1913 ad
1984 1875 2091 1912 illam

149 1933 364 1983 Vulgarem
393 1933 574 1984 adjectis,
600 1932 906 1971 ratiocinationis
934 1946 1066 1972 errore
1093 1936 1129 1972 ἃ
1158 1934 1268 1984 quasi
1283 1933 1497 1972 maeandro
1513 1931 1651 1970 mentis
1674 1938 1830 1969 nostrae
1846 1928 1996 1967 extollit
2010 1940 2092 1966 sese

149 1986 200 2024 ad
235 1985 508 2024 conclusiones
541 1986 591 2024 de
627 1986 767 2024 diuinis
796 1987 912 2025 rebus
941 1987 1104 2025 omnino
1133 1988 1267 2038 falsas,
1296 2000 1344 2025 ac
1371 1985 1537 2036 proinde
1565 1991 1648 2023 tum
1675 1986 1699 2022 a
1725 1984 1886 2022 veritate
1915 1981 2091 2032 illarum⁷

148 2045 231 2078 tum
265 2040 315 2078 ab
351 2038 481 2077 officio
509 2039 662 2089 pietatis
686 2039 727 2078 in
754 2041 885 2078 Deum
912 2047 1068 2078 nostrae
1095 2040 1252 2079 alienas.
1295 2041 1356 2079 Ex
1384 2051 1464 2090 quo
1493 2044 1622 2077 autem
1650 2038 1714 2076 hic
1742 2044 1903 2075 truncus
1930 2035 2040 2084 quasi
2066 2036 2089 2072 a

147 2092 281 2131 radice
314 2093 379 2130 illa
400 2093 569 2143 vulgaris
594 2093 836 2143 Theologiae
864 2093 995 2143 coepit
1019 2094 1256 2145 procedere,
1285 2093 1414 2132 statim
1442 2092 1581 2130 diffusa
1609 2098 1666 2129 est
1692 2091 1790 2129 haec
1817 2087 2090 2140 philosophica

148 2146 188 2184 in
216 2152 292 2185 tres
319 2158 450 2184 ramos
477 2147 583 2197 illos,
612 2158 712 2196 quos
738 2146 815 2184 suis
841 2147 1066 2185 nominibus
1088 2154 1178 2186 ante
1203 2146 1463 2195 distinximus⁷
1471 2145 1701 2194 fabulosam
1717 2143 2087 2194 puta7Naturalem

148 2204 261 2248 atque
295 2200 442 2237 ciuilem
475 2200 755 2250 Theologiam3
786 2200 1135 2248 Quemadmodum
1163 2213 1211 2239 ex
1237 2201 1418 2239 Varrone
1445 2201 1481 2237 δε
1510 2199 1660 2236 Seneca
1686 2196 1926 2247 Augustinus
1954 2194 2021 2234 lib.
2052 2196 2089 2232 6.

148 2252 199 2291 de
226 2252 331 2292 ciuit.
357 2251 455 2303 Dei,
484 2265 570 2303 cap.
601 2263 637 2303 5.
664 2252 882 2303 explicauit.
918 2253 1137 2302 Mythicum
1166 2254 1246 2292 siue
1274 2254 1496 2292 fabulosum
1524 2251 1703 2290 dixerunt
1728 2250 1804 2301 illi,
1827 2261 1907 2299 quo
1922 2248 2090 2286 maxime

146 2312 306 2344 vtuntur
331 2312 472 2356 poetae
499 2307 551 2344 ad
577 2306 804 2344 theatricam
830 2306 1094 2357 voluptatem:
1135 2308 1320 2345 Naturale
1349 2307 1411 2344 vel
1438 2305 1646 2355 physicum
1674 2316 1797 2354 genus
1825 2301 2089 2352 Theologiae,

147 2370 228 2408 quo
261 2359 486 2409 philosophi
519 2359 570 2397 ad
597 2359 733 2398 mundi
757 2359 1117 2409 interpretationem
1146 2362 1182 2399 δε
1209 2360 1290 2398 veri
1315 2358 1499 2398 naturalis
1525 2358 1915 2408 peruestigationem,
1943 2355 1982 2392 in
2010 2354 2086 2391 suis

147 2411 284 2450 diaetis
322 2418 439 2462 atque
471 2412 674 2462 encycliis:
704 2412 906 2462 politicum
935 2412 1103 2463 denique
1130 2414 1194 2452 vel
1221 2413 1359 2464 ciuile7
1394 2412 1503 2462 quod
1530 2411 1774 2461 potentiores
1800 2409 2086 2457 adhibuerunt,

146 2470 188 2503 vt
227 2464 426 2504 ciuitatum
466 2477 674 2515 rerumque
710 2465 955 2515 publicarum
994 2468 1100 2517 leges
1128 2467 1322 2516 quaedam
1351 2465 1567 2516 Religionis
1594 2464 1823 2503 auctoritate
1851 2461 2087 2511 stabilirent3

145 2517 337 2569 primum,
364 2519 574 2569 Voluptas:
609 2519 846 2570 seeundum,
881 2519 1050 2558 studium
1078 2520 1281 2558 Naturale:
1310 2518 1485 2569 tertium,
1512 2517 1671 2568 publica
1698 2516 1849 2567 peperit
1875 2514 2015 2553 vtilitas
2044 2513 2083 2550 in

145 2571 330 2609 societate
369 2571 576 2610 hominum
609 2572 747 2622 posita.
789 2573 921 2622 Atque
956 2573 1056 2611 haec
1083 2573 1155 2611 tria
1182 2585 1328 2623 genera
1353 2571 1581 2610 incredibile
1611 2577 1688 2621 est,
1716 2569 1870 2619 quantis
1900 2569 1935 2606 ἅς
1964 2568 2083 2616 quam

144 2624 258 2663 variis
298 2624 494 2663 erroribus
533 2625 643 2664 omni
681 2631 860 2675 tempore
893 2627 929 2664 δε
964 2627 1056 2665 loco
1084 2626 1340 2676 diffluxerint,
1375 2626 1505 2664 donec
1532 2624 1747 2662 Veritatem
1777 2634 1887 2661 suam
1916 2620 2083 2671 gratiose

145 2676 295 2727 aperuit
334 2678 455 2717 Deus.
491 2678 561 2717 sed
593 2678 684 2728 quia
718 2679 797 2718 hoc
829 2679 920 2717 loco
949 2679 1108 2717 minime
1136 2679 1338 2718 statuimus
1365 2679 1416 2717 de
1443 2679 1541 2716 falso
1569 2690 1705 2728 agere,
1734 2689 1781 2714 ac
1809 2673 1925 2713 nobis
1951 2672 2081 2723 potins

146 2742 344 2780 exponere
371 2736 427 2769 est
453 2731 603 2770 animus
631 2732 804 2770 salutaris
831 2731 931 2770 illius
958 2732 1200 2783 Theologiae
1228 2732 1463 2771 Veritatem:
1489 2731 1717 2781 praesertim
1732 2741 1821 2767 cum
1835 2734 1960 2767 totam
1976 2726 2082 2764 illam

144 2783 282 2822 siluam
324 2785 442 2822 falsae
477 2786 513 2822 T
515 2784 719 2835 lieologiae
754 2790 935 2823 auctores
971 2798 1089 2835 quam
1117 2785 1272 2836 plurimi
1299 2784 1521 2836 putauerint
1550 2783 1860 2834 diligentissime3
1895 2782 1931 2818 δι
1955 2779 2083 2870 ltrkibus

1970 2847 1981 2869 1
2013 2844 2085 2875 ris,
