<?xml version="1.0" encoding="UTF-8"?>
<!DOCTYPE html PUBLIC "-//W3C//DTD XHTML 1.0 Transitional//EN"
    "http://www.w3.org/TR/xhtml1/DTD/xhtml1-transitional.dtd">
<html xmlns="http://www.w3.org/1999/xhtml" xml:lang="en" lang="en">
 <head>
  <title>
</title>
<meta http-equiv="Content-Type" content="text/html;charset=utf-8" />
  <meta name='ocr-system' content='tesseract 3.04.00' />
  <meta name='ocr-capabilities' content='ocr_page ocr_carea ocr_par ocr_line ocrx_word'/>
</head>
<body>
  <div class='ocr_page' id='page_1' title='image "./opusculatheologi00juni/opusculatheologi00juni_0288.png"; bbox 0 0 2334 3020; ppageno 0'>
   <div class='ocr_carea' id='block_1_1' title="bbox 275 114 1578 164">
    <p class='ocr_par' dir='ltr' id='par_1_1' title="bbox 275 114 1578 164">
     <span class='ocr_line' id='line_1_1' title="bbox 275 114 1578 164; baseline 0 -12"><span class='ocrx_word' id='word_1_1' title='bbox 275 114 347 164; x_wconf 89' lang='lat'>256</span> <span class='ocrx_word' id='word_1_2' title='bbox 892 123 1108 152; x_wconf 85' lang='lat' dir='ltr'>THESES</span> <span class='ocrx_word' id='word_1_3' title='bbox 1149 122 1578 152; x_wconf 74' lang='lat' dir='ltr'>THEOLOGICAE.</span> 
     </span>
    </p>
   </div>
   <div class='ocr_carea' id='block_1_2' title="bbox 271 228 2203 493">
    <p class='ocr_par' dir='ltr' id='par_1_2' title="bbox 271 228 2203 493">
     <span class='ocr_line' id='line_1_2' title="bbox 276 228 2198 282; baseline 0.001 -14"><span class='ocrx_word' id='word_1_4' title='bbox 276 230 508 268; x_wconf 82' lang='lat' dir='ltr'>miraculose</span> <span class='ocrx_word' id='word_1_5' title='bbox 553 228 799 278; x_wconf 78' lang='lat' dir='ltr'>conferebat,</span> <span class='ocrx_word' id='word_1_6' title='bbox 829 230 904 269; x_wconf 88' lang='lat' dir='ltr'>iam</span> <span class='ocrx_word' id='word_1_7' title='bbox 932 232 1039 268; x_wconf 90' lang='lat' dir='ltr'>Deus</span> <span class='ocrx_word' id='word_1_8' title='bbox 1069 231 1248 268; x_wconf 89' lang='lat' dir='ltr'>conferre</span> <span class='ocrx_word' id='word_1_9' title='bbox 1275 243 1356 268; x_wconf 92' lang='lat' dir='ltr'>non</span> <span class='ocrx_word' id='word_1_10' title='bbox 1385 232 1498 270; x_wconf 91' lang='lat' dir='ltr'>solet.</span> <span class='ocrx_word' id='word_1_11' title='bbox 1526 233 1577 269; x_wconf 92' lang='lat' dir='ltr'>Et</span> <span class='ocrx_word' id='word_1_12' title='bbox 1605 230 1792 281; x_wconf 89' lang='lat' dir='ltr'>quicquid</span> <span class='ocrx_word' id='word_1_13' title='bbox 1820 231 1869 270; x_wconf 93' lang='lat' dir='ltr'>de</span> <span class='ocrx_word' id='word_1_14' title='bbox 1896 230 2039 282; x_wconf 88' lang='lat' dir='ltr'>Spiritu</span> <span class='ocrx_word' id='word_1_15' title='bbox 2067 233 2105 271; x_wconf 92' lang='lat' dir='ltr'>S.</span> <span class='ocrx_word' id='word_1_16' title='bbox 2133 232 2198 270; x_wconf 90' lang='lat' dir='ltr'>im-</span> 
     </span>
     <span class='ocr_line' id='line_1_3' title="bbox 273 282 2199 333; baseline 0.001 -12"><span class='ocrx_word' id='word_1_17' title='bbox 273 282 465 321; x_wconf 93' lang='lat' dir='ltr'>mittendo</span> <span class='ocrx_word' id='word_1_18' title='bbox 509 282 810 330; x_wconf 86' lang='lat' dir='ltr'>promissionum</span> <span class='ocrx_word' id='word_1_19' title='bbox 853 285 1060 333; x_wconf 89' lang='lat' dir='ltr'>habemus,</span> <span class='ocrx_word' id='word_1_20' title='bbox 1088 283 1229 321; x_wconf 91' lang='lat' dir='ltr'>iustum</span> <span class='ocrx_word' id='word_1_21' title='bbox 1263 283 1417 321; x_wconf 90' lang='lat' dir='ltr'>illorum</span> <span class='ocrx_word' id='word_1_22' title='bbox 1446 284 1664 323; x_wconf 90' lang='lat' dir='ltr'>mediorum</span> <span class='ocrx_word' id='word_1_23' title='bbox 1692 297 1804 323; x_wconf 90' lang='lat' dir='ltr'>vsum</span> <span class='ocrx_word' id='word_1_24' title='bbox 1832 297 1912 323; x_wconf 91' lang='lat' dir='ltr'>non</span> <span class='ocrx_word' id='word_1_25' title='bbox 1940 284 2053 323; x_wconf 92' lang='lat' dir='ltr'>tollit.</span> <span class='ocrx_word' id='word_1_26' title='bbox 2098 286 2199 323; x_wconf 90' lang='lat' dir='ltr'>Nam</span> 
     </span>
     <span class='ocr_line' id='line_1_4' title="bbox 271 333 2200 395; baseline 0.002 -22"><span class='ocrx_word' id='word_1_27' title='bbox 271 338 327 384; x_wconf 91' lang='lat' dir='ltr'>(vt</span> <span class='ocrx_word' id='word_1_28' title='bbox 354 335 405 372; x_wconf 89' lang='lat' dir='ltr'>ait</span> <span class='ocrx_word' id='word_1_29' title='bbox 434 333 689 384; x_wconf 87' lang='lat' dir='ltr'>Augustinus)</span> <span class='ocrx_word' id='word_1_30' title='bbox 719 336 905 395; x_wconf 85' lang='lat' dir='ltr'>Quisquis</span> <span class='ocrx_word' id='word_1_31' title='bbox 934 336 1028 374; x_wconf 91' lang='lat' dir='ltr'>dicit</span> <span class='ocrx_word' id='word_1_32' title='bbox 1056 349 1136 374; x_wconf 94' lang='lat' dir='ltr'>non</span> <span class='ocrx_word' id='word_1_33' title='bbox 1166 349 1247 374; x_wconf 87' lang='lat' dir='ltr'>esse</span> <span class='ocrx_word' id='word_1_34' title='bbox 1268 336 1492 375; x_wconf 90' lang='lat' dir='ltr'>hominibus</span> <span class='ocrx_word' id='word_1_35' title='bbox 1513 337 1830 388; x_wconf 89' lang='lat' dir='ltr'>praecipiendum</span> <span class='ocrx_word' id='word_1_36' title='bbox 1855 337 1968 387; x_wconf 84' lang='lat' dir='ltr'>quid,</span> <span class='ocrx_word' id='word_1_37' title='bbox 1993 339 2054 376; x_wconf 94' lang='lat' dir='ltr'>vel</span> <span class='ocrx_word' id='word_1_38' title='bbox 2068 350 2200 386; x_wconf 90' lang='lat' dir='ltr'>quem-</span> 
     </span>
     <span class='ocr_line' id='line_1_5' title="bbox 278 387 2203 449; baseline 0.001 -24"><span class='ocrx_word' id='word_1_39' title='bbox 278 387 493 426; x_wconf 81' lang='lat' dir='ltr'>admodum</span> <span class='ocrx_word' id='word_1_40' title='bbox 535 388 724 438; x_wconf 90' lang='lat' dir='ltr'>doceant,</span> <span class='ocrx_word' id='word_1_41' title='bbox 767 389 799 427; x_wconf 89' lang='lat' dir='ltr'>si</span> <span class='ocrx_word' id='word_1_42' title='bbox 835 391 1017 428; x_wconf 89' lang='lat' dir='ltr'>doctores</span> <span class='ocrx_word' id='word_1_43' title='bbox 1054 388 1172 427; x_wconf 90' lang='lat' dir='ltr'>efficit</span> <span class='ocrx_word' id='word_1_44' title='bbox 1201 389 1361 438; x_wconf 85' lang='lat' dir='ltr'>Spiritus</span> <span class='ocrx_word' id='word_1_45' title='bbox 1390 391 1575 449; x_wconf 79' lang='lat' dir='ltr'>Sanctus,</span> <span class='ocrx_word' id='word_1_46' title='bbox 1605 397 1753 440; x_wconf 87' lang='lat' dir='ltr'>potest</span> <span class='ocrx_word' id='word_1_47' title='bbox 1749 390 1905 429; x_wconf 88' lang='lat' dir='ltr'>dicere</span> <span class='ocrx_word' id='word_1_48' title='bbox 1911 403 1984 428; x_wconf 90' lang='grc'>1166</span> <span class='ocrx_word' id='word_1_49' title='bbox 2012 391 2203 429; x_wconf 89' lang='lat' dir='ltr'>orandum</span> 
     </span>
     <span class='ocr_line' id='line_1_6' title="bbox 272 440 2200 493; baseline 0.002 -15"><span class='ocrx_word' id='word_1_50' title='bbox 272 453 375 490; x_wconf 88' lang='lat' dir='ltr'>esse,</span> <span class='ocrx_word' id='word_1_51' title='bbox 404 440 494 488; x_wconf 87' lang='lat' dir='ltr'>quia</span> <span class='ocrx_word' id='word_1_52' title='bbox 521 441 715 479; x_wconf 81' lang='lat' dir='ltr'>Dominus</span> <span class='ocrx_word' id='word_1_53' title='bbox 739 441 809 492; x_wconf 85' lang='lat' dir='ltr'>ait,</span> <span class='ocrx_word' id='word_1_54' title='bbox 838 444 986 481; x_wconf 72' lang='lat' dir='ltr'>Mattlz.</span> <span class='ocrx_word' id='word_1_55' title='bbox 1016 444 1052 480; x_wconf 90' lang='lat'>6.</span> <span class='ocrx_word' id='word_1_56' title='bbox 1082 441 1162 480; x_wconf 91' lang='lat' dir='ltr'>Scit</span> <span class='ocrx_word' id='word_1_57' title='bbox 1190 443 1302 479; x_wconf 87' lang='lat' dir='ltr'>Pater</span> <span class='ocrx_word' id='word_1_58' title='bbox 1328 449 1456 480; x_wconf 89' lang='lat' dir='ltr'>vester</span> <span class='ocrx_word' id='word_1_59' title='bbox 1483 442 1577 492; x_wconf 91' lang='lat' dir='ltr'>quid</span> <span class='ocrx_word' id='word_1_60' title='bbox 1605 443 1718 482; x_wconf 89' lang='lat' dir='ltr'>vobis</span> <span class='ocrx_word' id='word_1_61' title='bbox 1747 443 2005 482; x_wconf 88' lang='lat' dir='ltr'>necessarium</span> <span class='ocrx_word' id='word_1_62' title='bbox 2021 444 2068 481; x_wconf 90' lang='lat' dir='ltr'>sit</span> <span class='ocrx_word' id='word_1_63' title='bbox 2082 443 2200 493; x_wconf 90' lang='lat' dir='ltr'>prius-</span> 
     </span>
    </p>
   </div>
   <div class='ocr_carea' id='block_1_3' title="bbox 272 473 2202 600">
    <p class='ocr_par' dir='ltr' id='par_1_3' title="bbox 272 473 2202 600">
     <span class='ocr_line' id='line_1_7' title="bbox 272 473 2202 546; baseline 0.002 -16"><span class='ocrx_word' id='word_1_64' title='bbox 272 506 390 543; x_wconf 83' lang='lat' dir='ltr'>quam</span> <span class='ocrx_word' id='word_1_65' title='bbox 419 493 557 542; x_wconf 90' lang='lat' dir='ltr'>petatis</span> <span class='ocrx_word' id='word_1_66' title='bbox 585 495 635 532; x_wconf 92' lang='lat' dir='ltr'>ab</span> <span class='ocrx_word' id='word_1_67' title='bbox 665 507 733 541; x_wconf 77' lang='lat' dir='ltr'>co,</span> <span class='ocrx_word' id='word_1_68' title='bbox 762 473 828 533; x_wconf 78' lang='lat' dir='ltr'>atit</span> <span class='ocrx_word' id='word_1_69' title='bbox 852 496 1088 544; x_wconf 87' lang='lat' dir='ltr'>Apostolum</span> <span class='ocrx_word' id='word_1_70' title='bbox 1119 496 1281 532; x_wconf 86' lang='lat' dir='ltr'>Paulum</span> <span class='ocrx_word' id='word_1_71' title='bbox 1310 507 1388 533; x_wconf 90' lang='lat' dir='ltr'>non</span> <span class='ocrx_word' id='word_1_72' title='bbox 1418 496 1597 534; x_wconf 87' lang='lat' dir='ltr'>debuisse</span> <span class='ocrx_word' id='word_1_73' title='bbox 1621 496 1840 546; x_wconf 84' lang='lat' dir='ltr'>praecipere</span> <span class='ocrx_word' id='word_1_74' title='bbox 1867 496 1976 542; x_wconf 90' lang='lat' dir='ltr'>Tito,</span> <span class='ocrx_word' id='word_1_75' title='bbox 2006 498 2042 534; x_wconf 86' lang='lat'>&amp;</span> <span class='ocrx_word' id='word_1_76' title='bbox 2070 496 2202 534; x_wconf 89' lang='lat' dir='ltr'>Timo-</span> 
     </span>
     <span class='ocr_line' id='line_1_8' title="bbox 272 545 1677 600; baseline 0.002 -17"><span class='ocrx_word' id='word_1_77' title='bbox 272 549 363 584; x_wconf 86' lang='lat' dir='ltr'>theo</span> <span class='ocrx_word' id='word_1_78' title='bbox 392 545 486 595; x_wconf 86' lang='lat' dir='ltr'>quid</span> <span class='ocrx_word' id='word_1_79' title='bbox 515 547 783 597; x_wconf 82' lang='lat' dir='ltr'>praeciperent</span> <span class='ocrx_word' id='word_1_80' title='bbox 809 548 903 587; x_wconf 89' lang='lat' dir='ltr'>aliis</span> <span class='ocrx_word' id='word_1_81' title='bbox 930 549 993 586; x_wconf 69' lang='lat' dir='ltr'>lib.</span> <span class='ocrx_word' id='word_1_82' title='bbox 1022 549 1066 585; x_wconf 80' lang='lat' dir='ltr'>de</span> <span class='ocrx_word' id='word_1_83' title='bbox 1095 549 1235 586; x_wconf 76' lang='lat' dir='ltr'>Doctr.</span> <span class='ocrx_word' id='word_1_84' title='bbox 1268 548 1406 586; x_wconf 70' lang='lat' dir='ltr'>Clzmst.</span> <span class='ocrx_word' id='word_1_85' title='bbox 1437 562 1473 595; x_wconf 91' lang='lat'>4.</span> <span class='ocrx_word' id='word_1_86' title='bbox 1501 556 1586 600; x_wconf 74' lang='lat' dir='ltr'>cap.</span> <span class='ocrx_word' id='word_1_87' title='bbox 1619 550 1677 587; x_wconf 94' lang='lat'>16.</span> 
     </span>
    </p>
   </div>
   <div class='ocr_carea' id='block_1_4' title="bbox 272 599 2218 2873">
    <p class='ocr_par' dir='ltr' id='par_1_4' title="bbox 272 599 2207 1182">
     <span class='ocr_line' id='line_1_9' title="bbox 326 599 2203 652; baseline 0.002 -17"><span class='ocrx_word' id='word_1_88' title='bbox 326 601 360 636; x_wconf 90' lang='lat'>6.</span> <span class='ocrx_word' id='word_1_89' title='bbox 416 599 584 636; x_wconf 90' lang='lat' dir='ltr'>Modum</span> <span class='ocrx_word' id='word_1_90' title='bbox 613 608 742 639; x_wconf 89' lang='lat' dir='ltr'>autem</span> <span class='ocrx_word' id='word_1_91' title='bbox 767 613 884 649; x_wconf 88' lang='lat' dir='ltr'>quem</span> <span class='ocrx_word' id='word_1_92' title='bbox 913 608 1045 639; x_wconf 88' lang='lat' dir='ltr'>tenere</span> <span class='ocrx_word' id='word_1_93' title='bbox 1073 601 1218 639; x_wconf 89' lang='lat' dir='ltr'>debent</span> <span class='ocrx_word' id='word_1_94' title='bbox 1246 601 1425 639; x_wconf 87' lang='lat' dir='ltr'>Pastores</span> <span class='ocrx_word' id='word_1_95' title='bbox 1454 601 1493 639; x_wconf 92' lang='lat' dir='ltr'>in</span> <span class='ocrx_word' id='word_1_96' title='bbox 1521 602 1723 652; x_wconf 88' lang='lat' dir='ltr'>docendo,</span> <span class='ocrx_word' id='word_1_97' title='bbox 1753 601 1843 640; x_wconf 90' lang='lat' dir='ltr'>satis</span> <span class='ocrx_word' id='word_1_98' title='bbox 1858 601 1999 640; x_wconf 92' lang='lat' dir='ltr'>docet</span> <span class='ocrx_word' id='word_1_99' title='bbox 1990 615 2072 652; x_wconf 83' lang='lat' dir='ltr'>lpsa</span> <span class='ocrx_word' id='word_1_100' title='bbox 2086 603 2203 640; x_wconf 78' lang='lat' dir='ltr'>Sacra</span> 
     </span>
     <span class='ocr_line' id='line_1_10' title="bbox 273 652 2203 705; baseline 0.002 -16"><span class='ocrx_word' id='word_1_101' title='bbox 273 653 488 702; x_wconf 80' lang='lat' dir='ltr'>Scriptura,</span> <span class='ocrx_word' id='word_1_102' title='bbox 517 652 693 703; x_wconf 89' lang='lat' dir='ltr'>simplice</span> <span class='ocrx_word' id='word_1_103' title='bbox 720 654 756 691; x_wconf 87' lang='lat'>&amp;</span> <span class='ocrx_word' id='word_1_104' title='bbox 783 653 920 692; x_wconf 89' lang='lat' dir='ltr'>humili</span> <span class='ocrx_word' id='word_1_105' title='bbox 948 653 1058 703; x_wconf 89' lang='lat' dir='ltr'>stilo,</span> <span class='ocrx_word' id='word_1_106' title='bbox 1089 653 1289 691; x_wconf 79' lang='lat' dir='ltr'>materiam</span> <span class='ocrx_word' id='word_1_107' title='bbox 1320 654 1525 692; x_wconf 87' lang='lat' dir='ltr'>sublimem</span> <span class='ocrx_word' id='word_1_108' title='bbox 1552 655 1720 693; x_wconf 90' lang='lat' dir='ltr'>tradens.</span> <span class='ocrx_word' id='word_1_109' title='bbox 1749 657 1832 693; x_wconf 90' lang='lat' dir='ltr'>Nec</span> <span class='ocrx_word' id='word_1_110' title='bbox 1863 654 1965 693; x_wconf 91' lang='lat' dir='ltr'>enim</span> <span class='ocrx_word' id='word_1_111' title='bbox 1992 657 2079 705; x_wconf 89' lang='lat' dir='ltr'>plus</span> <span class='ocrx_word' id='word_1_112' title='bbox 2107 654 2203 704; x_wconf 91' lang='lat' dir='ltr'>sapi-</span> 
     </span>
     <span class='ocr_line' id='line_1_11' title="bbox 274 706 2204 758; baseline 0 -14"><span class='ocrx_word' id='word_1_113' title='bbox 274 706 418 744; x_wconf 89' lang='lat' dir='ltr'>endum</span> <span class='ocrx_word' id='word_1_114' title='bbox 447 711 504 743; x_wconf 90' lang='lat' dir='ltr'>est</span> <span class='ocrx_word' id='word_1_115' title='bbox 526 709 644 755; x_wconf 78' lang='lat' dir='ltr'>quam</span> <span class='ocrx_word' id='word_1_116' title='bbox 673 707 835 757; x_wconf 88' lang='lat' dir='ltr'>Spiritus</span> <span class='ocrx_word' id='word_1_117' title='bbox 865 708 1028 745; x_wconf 88' lang='lat' dir='ltr'>Sanctus</span> <span class='ocrx_word' id='word_1_118' title='bbox 1056 707 1173 756; x_wconf 88' lang='lat' dir='ltr'>sapit,</span> <span class='ocrx_word' id='word_1_119' title='bbox 1202 706 1269 756; x_wconf 87' lang='lat' dir='ltr'>qui</span> <span class='ocrx_word' id='word_1_120' title='bbox 1297 719 1380 745; x_wconf 88' lang='lat' dir='ltr'>sese</span> <span class='ocrx_word' id='word_1_121' title='bbox 1407 707 1538 757; x_wconf 90' lang='lat' dir='ltr'>captui</span> <span class='ocrx_word' id='word_1_122' title='bbox 1562 715 1697 746; x_wconf 91' lang='lat' dir='ltr'>nostro</span> <span class='ocrx_word' id='word_1_123' title='bbox 1712 708 2037 758; x_wconf 66' lang='lat' dir='ltr'>accommodans,</span> <span class='ocrx_word' id='word_1_124' title='bbox 2054 715 2204 746; x_wconf 90' lang='lat' dir='ltr'>tantum</span> 
     </span>
     <span class='ocr_line' id='line_1_12' title="bbox 275 757 2205 809; baseline 0 -12"><span class='ocrx_word' id='word_1_125' title='bbox 275 757 520 808; x_wconf 83' lang='lat' dir='ltr'>eloquentiae</span> <span class='ocrx_word' id='word_1_126' title='bbox 549 766 728 798; x_wconf 89' lang='lat' dir='ltr'>ornatum</span> <span class='ocrx_word' id='word_1_127' title='bbox 757 760 978 799; x_wconf 87' lang='lat' dir='ltr'>rudioribus</span> <span class='ocrx_word' id='word_1_128' title='bbox 1006 761 1216 798; x_wconf 90' lang='lat' dir='ltr'>obscurum</span> <span class='ocrx_word' id='word_1_129' title='bbox 1241 760 1351 809; x_wconf 88' lang='lat' dir='ltr'>sequi</span> <span class='ocrx_word' id='word_1_130' title='bbox 1377 760 1513 799; x_wconf 90' lang='lat' dir='ltr'>noluit.</span> <span class='ocrx_word' id='word_1_131' title='bbox 1540 762 1675 799; x_wconf 86' lang='lat' dir='ltr'>Habet</span> <span class='ocrx_word' id='word_1_132' title='bbox 1702 762 1841 798; x_wconf 89' lang='lat' dir='ltr'>Paulus</span> <span class='ocrx_word' id='word_1_133' title='bbox 1870 772 1978 799; x_wconf 91' lang='lat' dir='ltr'>suam</span> <span class='ocrx_word' id='word_1_134' title='bbox 1993 763 2205 809; x_wconf 56' lang='lat' dir='ltr'>decretvm,</span> 
     </span>
     <span class='ocr_line' id='line_1_13' title="bbox 273 810 2204 872; baseline 0.001 -24"><span class='ocrx_word' id='word_1_135' title='bbox 273 824 346 849; x_wconf 91' lang='lat' dir='ltr'>nec</span> <span class='ocrx_word' id='word_1_136' title='bbox 373 810 551 861; x_wconf 79' lang='lat' dir='ltr'>imperite</span> <span class='ocrx_word' id='word_1_137' title='bbox 579 813 750 862; x_wconf 89' lang='lat' dir='ltr'>loquitur</span> <span class='ocrx_word' id='word_1_138' title='bbox 779 815 897 852; x_wconf 87' lang='lat' dir='ltr'>Sacra</span> <span class='ocrx_word' id='word_1_139' title='bbox 926 813 1135 863; x_wconf 87' lang='lat' dir='ltr'>Scriptura.</span> <span class='ocrx_word' id='word_1_140' title='bbox 1163 815 1319 872; x_wconf 81' lang='lat' dir='ltr'>Itaque,</span> <span class='ocrx_word' id='word_1_141' title='bbox 1347 826 1420 851; x_wconf 93' lang='lat' dir='ltr'>nos</span> <span class='ocrx_word' id='word_1_142' title='bbox 1449 813 1488 851; x_wconf 93' lang='lat' dir='ltr'>in</span> <span class='ocrx_word' id='word_1_143' title='bbox 1517 813 1634 852; x_wconf 89' lang='lat' dir='ltr'>sacris</span> <span class='ocrx_word' id='word_1_144' title='bbox 1662 815 1762 851; x_wconf 79' lang='lat' dir='ltr'>bene</span> <span class='ocrx_word' id='word_1_145' title='bbox 1785 813 1940 852; x_wconf 78' lang='lat' dir='ltr'>dicend1</span> <span class='ocrx_word' id='word_1_146' title='bbox 1954 813 2102 851; x_wconf 92' lang='lat' dir='ltr'>donum</span> <span class='ocrx_word' id='word_1_147' title='bbox 2117 815 2204 851; x_wconf 83' lang='lat' dir='ltr'>sim-</span> 
     </span>
     <span class='ocr_line' id='line_1_14' title="bbox 274 864 2207 916; baseline 0.001 -14"><span class='ocrx_word' id='word_1_148' title='bbox 274 864 424 914; x_wconf 89' lang='lat' dir='ltr'>pliciter</span> <span class='ocrx_word' id='word_1_149' title='bbox 450 877 530 902; x_wconf 94' lang='lat' dir='ltr'>non</span> <span class='ocrx_word' id='word_1_150' title='bbox 559 865 808 914; x_wconf 85' lang='lat' dir='ltr'>damnamus,</span> <span class='ocrx_word' id='word_1_151' title='bbox 839 868 907 905; x_wconf 91' lang='lat' dir='ltr'>sed</span> <span class='ocrx_word' id='word_1_152' title='bbox 936 867 1114 904; x_wconf 84' lang='lat' dir='ltr'>affectata</span> <span class='ocrx_word' id='word_1_153' title='bbox 1142 866 1304 904; x_wconf 90' lang='lat' dir='ltr'>nimium</span> <span class='ocrx_word' id='word_1_154' title='bbox 1333 866 1563 905; x_wconf 87' lang='lat' dir='ltr'>Rhetorices</span> <span class='ocrx_word' id='word_1_155' title='bbox 1591 874 1817 916; x_wconf 88' lang='lat' dir='ltr'>praecepta,</span> <span class='ocrx_word' id='word_1_156' title='bbox 1845 866 1985 916; x_wconf 91' lang='lat' dir='ltr'>quibus</span> <span class='ocrx_word' id='word_1_157' title='bbox 2012 866 2207 904; x_wconf 86' lang='lat' dir='ltr'>ambitiosi</span> 
     </span>
     <span class='ocr_line' id='line_1_15' title="bbox 275 917 2206 969; baseline 0.001 -14"><span class='ocrx_word' id='word_1_158' title='bbox 275 917 456 955; x_wconf 91' lang='lat' dir='ltr'>homines</span> <span class='ocrx_word' id='word_1_159' title='bbox 485 919 679 957; x_wconf 89' lang='lat' dir='ltr'>humanae</span> <span class='ocrx_word' id='word_1_160' title='bbox 709 920 919 969; x_wconf 88' lang='lat' dir='ltr'>sapientiae</span> <span class='ocrx_word' id='word_1_161' title='bbox 948 921 1067 958; x_wconf 90' lang='lat' dir='ltr'>verba</span> <span class='ocrx_word' id='word_1_162' title='bbox 1095 919 1316 968; x_wconf 87' lang='lat' dir='ltr'>venditant,</span> <span class='ocrx_word' id='word_1_163' title='bbox 1345 930 1452 957; x_wconf 91' lang='lat' dir='ltr'>suam</span> <span class='ocrx_word' id='word_1_164' title='bbox 1482 933 1562 959; x_wconf 91' lang='lat' dir='ltr'>non</span> <span class='ocrx_word' id='word_1_165' title='bbox 1597 920 1742 958; x_wconf 87' lang='lat' dir='ltr'>Christi</span> <span class='ocrx_word' id='word_1_166' title='bbox 1769 920 1931 969; x_wconf 87' lang='lat' dir='ltr'>gloriam</span> <span class='ocrx_word' id='word_1_167' title='bbox 1960 925 2206 969; x_wconf 75' lang='lat' dir='ltr'>quaerentes,</span> 
     </span>
     <span class='ocr_line' id='line_1_16' title="bbox 276 971 2206 1025; baseline 0.001 -17"><span class='ocrx_word' id='word_1_168' title='bbox 276 971 610 1020; x_wconf 89' lang='lat' dir='ltr'>reprehendimus.</span> <span class='ocrx_word' id='word_1_169' title='bbox 639 972 847 1012; x_wconf 87' lang='lat' dir='ltr'>Caeterum</span> <span class='ocrx_word' id='word_1_170' title='bbox 880 975 1081 1011; x_wconf 87' lang='lat' dir='ltr'>Pastorem</span> <span class='ocrx_word' id='word_1_171' title='bbox 1107 979 1263 1021; x_wconf 90' lang='lat' dir='ltr'>oportet</span> <span class='ocrx_word' id='word_1_172' title='bbox 1290 974 1467 1010; x_wconf 91' lang='lat' dir='ltr'>Verbum</span> <span class='ocrx_word' id='word_1_173' title='bbox 1499 975 1739 1025; x_wconf 68' lang='grc' dir='ltr'>ὀρθοτομεῖν,</span> <span class='ocrx_word' id='word_1_174' title='bbox 1771 986 1805 1011; x_wconf 90' lang='lat'>2.</span> <span class='ocrx_word' id='word_1_175' title='bbox 1834 973 1936 1011; x_wconf 89' lang='lat' dir='ltr'>Tim.</span> <span class='ocrx_word' id='word_1_176' title='bbox 1967 986 2002 1011; x_wconf 91' lang='lat'>2.</span> <span class='ocrx_word' id='word_1_177' title='bbox 2035 983 2092 1021; x_wconf 86' lang='lat'>15.</span> <span class='ocrx_word' id='word_1_178' title='bbox 2125 972 2206 1010; x_wconf 85' lang='lat' dir='ltr'>siue</span> 
     </span>
     <span class='ocr_line' id='line_1_17' title="bbox 276 1024 2206 1076; baseline 0.001 -15"><span class='ocrx_word' id='word_1_179' title='bbox 276 1024 379 1062; x_wconf 90' lang='lat' dir='ltr'>enim</span> <span class='ocrx_word' id='word_1_180' title='bbox 408 1024 629 1063; x_wconf 86' lang='lat' dir='ltr'>doctrinam</span> <span class='ocrx_word' id='word_1_181' title='bbox 660 1042 727 1064; x_wconf 80' lang='grc' dir='ltr'>κατ</span> <span class='ocrx_word' id='word_1_182' title='bbox 776 1027 914 1075; x_wconf 80' lang='grc' dir='ltr'><strong><em>ἐξοχήν</em></strong></span> <span class='ocrx_word' id='word_1_183' title='bbox 940 1026 1083 1064; x_wconf 88' lang='lat' dir='ltr'>dictam</span> <span class='ocrx_word' id='word_1_184' title='bbox 1113 1034 1327 1075; x_wconf 85' lang='lat' dir='ltr'>proponat,</span> <span class='ocrx_word' id='word_1_185' title='bbox 1355 1025 1435 1064; x_wconf 92' lang='lat' dir='ltr'>siue</span> <span class='ocrx_word' id='word_1_186' title='bbox 1463 1027 1684 1076; x_wconf 88' lang='lat' dir='ltr'>redarguat,</span> <span class='ocrx_word' id='word_1_187' title='bbox 1713 1025 1794 1064; x_wconf 91' lang='lat' dir='ltr'>siue</span> <span class='ocrx_word' id='word_1_188' title='bbox 1821 1025 2002 1076; x_wconf 88' lang='lat' dir='ltr'>instruat,</span> <span class='ocrx_word' id='word_1_189' title='bbox 2029 1025 2110 1063; x_wconf 91' lang='grc'>51116</span> <span class='ocrx_word' id='word_1_190' title='bbox 2124 1038 2206 1063; x_wconf 88' lang='lat' dir='ltr'>cor-</span> 
     </span>
     <span class='ocr_line' id='line_1_18' title="bbox 272 1076 2206 1136; baseline 0.001 -22"><span class='ocrx_word' id='word_1_191' title='bbox 272 1076 370 1136; x_wconf 80' lang='lat' dir='ltr'>rigat</span> <span class='ocrx_word' id='word_1_192' title='bbox 397 1078 513 1126; x_wconf 88' lang='lat' dir='ltr'>(quae</span> <span class='ocrx_word' id='word_1_193' title='bbox 543 1078 651 1116; x_wconf 91' lang='lat' dir='ltr'>verbi</span> <span class='ocrx_word' id='word_1_194' title='bbox 675 1079 971 1117; x_wconf 89' lang='lat' dir='ltr'>administrandi</span> <span class='ocrx_word' id='word_1_195' title='bbox 1001 1085 1128 1129; x_wconf 90' lang='lat' dir='ltr'>partes</span> <span class='ocrx_word' id='word_1_196' title='bbox 1156 1079 1352 1127; x_wconf 90' lang='lat' dir='ltr'>dicuntur)</span> <span class='ocrx_word' id='word_1_197' title='bbox 1381 1078 1521 1129; x_wconf 85' lang='lat' dir='ltr'>ingenij</span> <span class='ocrx_word' id='word_1_198' title='bbox 1551 1090 1714 1117; x_wconf 89' lang='lat' dir='ltr'>acumen</span> <span class='ocrx_word' id='word_1_199' title='bbox 1743 1079 1778 1116; x_wconf 89' lang='lat'>&amp;</span> <span class='ocrx_word' id='word_1_200' title='bbox 1806 1078 1845 1116; x_wconf 90' lang='lat' dir='ltr'>in</span> <span class='ocrx_word' id='word_1_201' title='bbox 1867 1078 2037 1117; x_wconf 88' lang='lat' dir='ltr'>dicendo</span> <span class='ocrx_word' id='word_1_202' title='bbox 2052 1077 2110 1116; x_wconf 92' lang='lat' dir='ltr'>vis</span> <span class='ocrx_word' id='word_1_203' title='bbox 2126 1078 2206 1128; x_wconf 91' lang='lat' dir='ltr'>Spi-</span> 
     </span>
     <span class='ocr_line' id='line_1_19' title="bbox 272 1129 917 1182; baseline 0.005 -15"><span class='ocrx_word' id='word_1_204' title='bbox 272 1129 366 1168; x_wconf 89' lang='lat' dir='ltr'>ritus</span> <span class='ocrx_word' id='word_1_205' title='bbox 393 1142 475 1168; x_wconf 91' lang='lat' dir='ltr'>non</span> <span class='ocrx_word' id='word_1_206' title='bbox 503 1131 670 1181; x_wconf 87' lang='lat' dir='ltr'>vulgaris</span> <span class='ocrx_word' id='word_1_207' title='bbox 699 1132 917 1182; x_wconf 85' lang='lat' dir='ltr'>requiritur.</span> 
     </span>
    </p>

    <p class='ocr_par' dir='ltr' id='par_1_5' title="bbox 275 1183 2212 1924">
     <span class='ocr_line' id='line_1_20' title="bbox 329 1183 2207 1236; baseline 0.001 -16"><span class='ocrx_word' id='word_1_208' title='bbox 329 1195 363 1231; x_wconf 93' lang='lat'>7.</span> <span class='ocrx_word' id='word_1_209' title='bbox 420 1184 599 1222; x_wconf 87' lang='lat' dir='ltr'>Secunda</span> <span class='ocrx_word' id='word_1_210' title='bbox 642 1197 729 1234; x_wconf 90' lang='lat' dir='ltr'>pars</span> <span class='ocrx_word' id='word_1_211' title='bbox 759 1185 877 1233; x_wconf 89' lang='lat' dir='ltr'>officij</span> <span class='ocrx_word' id='word_1_212' title='bbox 907 1185 1051 1236; x_wconf 87' lang='lat' dir='ltr'>proprij</span> <span class='ocrx_word' id='word_1_213' title='bbox 1082 1184 1306 1235; x_wconf 90' lang='lat' dir='ltr'>Pastoralis,</span> <span class='ocrx_word' id='word_1_214' title='bbox 1335 1191 1392 1223; x_wconf 92' lang='lat' dir='ltr'>est</span> <span class='ocrx_word' id='word_1_215' title='bbox 1421 1184 1703 1223; x_wconf 86' lang='lat' dir='ltr'>administratio</span> <span class='ocrx_word' id='word_1_216' title='bbox 1734 1185 2097 1234; x_wconf 79' lang='lat' dir='ltr'>Sacramentorum,</span> <span class='ocrx_word' id='word_1_217' title='bbox 2125 1183 2207 1221; x_wconf 86' lang='lat' dir='ltr'>siue</span> 
     </span>
     <span class='ocr_line' id='line_1_21' title="bbox 275 1235 2209 1288; baseline 0.001 -14"><span class='ocrx_word' id='word_1_218' title='bbox 275 1235 491 1286; x_wconf 89' lang='lat' dir='ltr'>sigillorum</span> <span class='ocrx_word' id='word_1_219' title='bbox 534 1239 557 1275; x_wconf 80' lang='lat' dir='ltr'>a</span> <span class='ocrx_word' id='word_1_220' title='bbox 598 1238 685 1275; x_wconf 92' lang='lat' dir='ltr'>Deo</span> <span class='ocrx_word' id='word_1_221' title='bbox 715 1239 916 1277; x_wconf 89' lang='lat' dir='ltr'>Ecclesiae</span> <span class='ocrx_word' id='word_1_222' title='bbox 953 1240 1133 1277; x_wconf 87' lang='lat' dir='ltr'>datorum</span> <span class='ocrx_word' id='word_1_223' title='bbox 1162 1238 1201 1275; x_wconf 90' lang='lat' dir='ltr'>in</span> <span class='ocrx_word' id='word_1_224' title='bbox 1231 1237 1388 1288; x_wconf 89' lang='lat' dir='ltr'>singulis</span> <span class='ocrx_word' id='word_1_225' title='bbox 1418 1237 1650 1288; x_wconf 89' lang='lat' dir='ltr'>applicatio,</span> <span class='ocrx_word' id='word_1_226' title='bbox 1678 1249 1778 1287; x_wconf 91' lang='lat' dir='ltr'>quae</span> <span class='ocrx_word' id='word_1_227' title='bbox 1805 1245 1887 1275; x_wconf 91' lang='lat' dir='ltr'>tum</span> <span class='ocrx_word' id='word_1_228' title='bbox 1917 1238 2075 1276; x_wconf 91' lang='lat' dir='ltr'>demum</span> <span class='ocrx_word' id='word_1_229' title='bbox 2103 1243 2209 1274; x_wconf 85' lang='lat' dir='ltr'>recta</span> 
     </span>
     <span class='ocr_line' id='line_1_22' title="bbox 277 1267 2210 1350; baseline 0 -23"><span class='ocrx_word' id='word_1_230' title='bbox 277 1295 337 1327; x_wconf 83' lang='lat' dir='ltr'>est</span> <span class='ocrx_word' id='word_1_231' title='bbox 368 1290 459 1327; x_wconf 81' lang='lat' dir='ltr'>cum</span> <span class='ocrx_word' id='word_1_232' title='bbox 488 1289 691 1340; x_wconf 86' lang='lat' dir='ltr'>diligenter</span> <span class='ocrx_word' id='word_1_233' title='bbox 720 1293 1083 1330; x_wconf 64' lang='lat' dir='ltr'>obseruatur.1.c‘1</span> <span class='ocrx_word' id='word_1_234' title='bbox 1110 1304 1184 1340; x_wconf 73' lang='lat' dir='ltr'>quo</span> <span class='ocrx_word' id='word_1_235' title='bbox 1212 1292 1295 1341; x_wconf 89' lang='lat' dir='ltr'>fiat,</span> <span class='ocrx_word' id='word_1_236' title='bbox 1324 1304 1465 1340; x_wconf 89' lang='lat' dir='ltr'>nempe</span> <span class='ocrx_word' id='word_1_237' title='bbox 1493 1292 1516 1328; x_wconf 75' lang='lat' dir='ltr'>a</span> <span class='ocrx_word' id='word_1_238' title='bbox 1543 1267 1712 1350; x_wconf 76' lang='lat' dir='ltr'>legitime</span> <span class='ocrx_word' id='word_1_239' title='bbox 1748 1297 1889 1329; x_wconf 90' lang='lat' dir='ltr'>vocato</span> <span class='ocrx_word' id='word_1_240' title='bbox 1918 1291 1969 1329; x_wconf 91' lang='lat' dir='ltr'>ad</span> <span class='ocrx_word' id='word_1_241' title='bbox 2001 1289 2041 1328; x_wconf 93' lang='lat' dir='ltr'>id</span> <span class='ocrx_word' id='word_1_242' title='bbox 2069 1301 2210 1327; x_wconf 91' lang='lat' dir='ltr'>munus</span> 
     </span>
     <span class='ocr_line' id='line_1_23' title="bbox 276 1342 2210 1395; baseline 0.001 -16"><span class='ocrx_word' id='word_1_243' title='bbox 276 1342 456 1392; x_wconf 74' lang='lat' dir='ltr'>homine,</span> <span class='ocrx_word' id='word_1_244' title='bbox 487 1344 655 1393; x_wconf 88' lang='lat' dir='ltr'>Regium</span> <span class='ocrx_word' id='word_1_245' title='bbox 685 1344 788 1382; x_wconf 90' lang='lat' dir='ltr'>enim</span> <span class='ocrx_word' id='word_1_246' title='bbox 817 1345 983 1395; x_wconf 90' lang='lat' dir='ltr'>sigillum</span> <span class='ocrx_word' id='word_1_247' title='bbox 1015 1345 1064 1383; x_wconf 87' lang='lat' dir='ltr'>ab</span> <span class='ocrx_word' id='word_1_248' title='bbox 1094 1344 1170 1382; x_wconf 92' lang='lat' dir='ltr'>alio</span> <span class='ocrx_word' id='word_1_249' title='bbox 1206 1356 1324 1394; x_wconf 89' lang='lat' dir='ltr'>quam</span> <span class='ocrx_word' id='word_1_250' title='bbox 1352 1345 1402 1382; x_wconf 89' lang='lat' dir='ltr'>ab</span> <span class='ocrx_word' id='word_1_251' title='bbox 1432 1356 1480 1382; x_wconf 89' lang='lat' dir='ltr'>eo</span> <span class='ocrx_word' id='word_1_252' title='bbox 1509 1343 1572 1382; x_wconf 93' lang='lat' dir='ltr'>cui</span> <span class='ocrx_word' id='word_1_253' title='bbox 1599 1344 1676 1382; x_wconf 94' lang='lat' dir='ltr'>hoc</span> <span class='ocrx_word' id='word_1_254' title='bbox 1705 1355 1846 1382; x_wconf 89' lang='lat' dir='ltr'>munus</span> <span class='ocrx_word' id='word_1_255' title='bbox 1874 1342 2065 1382; x_wconf 90' lang='lat' dir='ltr'>incumbit</span> <span class='ocrx_word' id='word_1_256' title='bbox 2091 1355 2210 1392; x_wconf 89' lang='lat' dir='ltr'>appo-</span> 
     </span>
     <span class='ocr_line' id='line_1_24' title="bbox 277 1395 2211 1448; baseline 0 -16"><span class='ocrx_word' id='word_1_257' title='bbox 277 1395 414 1444; x_wconf 89' lang='lat' dir='ltr'>situm,</span> <span class='ocrx_word' id='word_1_258' title='bbox 443 1395 538 1433; x_wconf 88' lang='lat' dir='ltr'>nihil</span> <span class='ocrx_word' id='word_1_259' title='bbox 565 1397 744 1446; x_wconf 90' lang='lat' dir='ltr'>prodest:</span> <span class='ocrx_word' id='word_1_260' title='bbox 773 1397 894 1437; x_wconf 83' lang='lat' dir='ltr'>immo</span> <span class='ocrx_word' id='word_1_261' title='bbox 924 1398 1020 1436; x_wconf 91' lang='lat' dir='ltr'>iram</span> <span class='ocrx_word' id='word_1_262' title='bbox 1049 1397 1149 1448; x_wconf 90' lang='lat' dir='ltr'>regis</span> <span class='ocrx_word' id='word_1_263' title='bbox 1178 1404 1390 1447; x_wconf 87' lang='lat' dir='ltr'>prouocat,</span> <span class='ocrx_word' id='word_1_264' title='bbox 1420 1399 1455 1435; x_wconf 82' lang='lat'>&amp;</span> <span class='ocrx_word' id='word_1_265' title='bbox 1484 1396 1692 1435; x_wconf 86' lang='lat' dir='ltr'>maiestatis</span> <span class='ocrx_word' id='word_1_266' title='bbox 1720 1398 1846 1435; x_wconf 89' lang='lat' dir='ltr'>laesae</span> <span class='ocrx_word' id='word_1_267' title='bbox 1869 1396 1923 1435; x_wconf 92' lang='lat' dir='ltr'>rei</span> <span class='ocrx_word' id='word_1_268' title='bbox 1938 1398 2130 1435; x_wconf 86' lang='lat' dir='ltr'>habentur</span> <span class='ocrx_word' id='word_1_269' title='bbox 2144 1395 2211 1445; x_wconf 92' lang='lat' dir='ltr'>qui</span> 
     </span>
     <span class='ocr_line' id='line_1_25' title="bbox 276 1448 2209 1509; baseline 0.001 -24"><span class='ocrx_word' id='word_1_270' title='bbox 276 1448 366 1486; x_wconf 86' lang='lat' dir='ltr'>talia</span> <span class='ocrx_word' id='word_1_271' title='bbox 395 1449 561 1486; x_wconf 89' lang='lat' dir='ltr'>audent:</span> <span class='ocrx_word' id='word_1_272' title='bbox 590 1453 736 1498; x_wconf 86' lang='lat' dir='ltr'>quanto</span> <span class='ocrx_word' id='word_1_273' title='bbox 765 1451 888 1501; x_wconf 90' lang='lat' dir='ltr'>magis</span> <span class='ocrx_word' id='word_1_274' title='bbox 917 1452 1014 1499; x_wconf 86' lang='lat' dir='ltr'>ho(f.</span> <span class='ocrx_word' id='word_1_275' title='bbox 1050 1462 1159 1499; x_wconf 88' lang='lat'>1723.</span> <span class='ocrx_word' id='word_1_276' title='bbox 1165 1454 1252 1499; x_wconf 82' lang='lat' dir='ltr'>&gt;nos</span> <span class='ocrx_word' id='word_1_277' title='bbox 1281 1451 1344 1488; x_wconf 90' lang='lat' dir='ltr'>ille</span> <span class='ocrx_word' id='word_1_278' title='bbox 1373 1451 1462 1488; x_wconf 93' lang='lat' dir='ltr'>Deo</span> <span class='ocrx_word' id='word_1_279' title='bbox 1492 1449 1719 1489; x_wconf 88' lang='lat' dir='ltr'>tribuendus</span> <span class='ocrx_word' id='word_1_280' title='bbox 1746 1457 1816 1488; x_wconf 88' lang='lat' dir='ltr'>est.</span> <span class='ocrx_word' id='word_1_281' title='bbox 1845 1449 1966 1509; x_wconf 81' lang='lat' dir='ltr'>Quod</span> <span class='ocrx_word' id='word_1_282' title='bbox 1993 1461 2073 1487; x_wconf 92' lang='lat' dir='ltr'>non</span> <span class='ocrx_word' id='word_1_283' title='bbox 2097 1450 2209 1487; x_wconf 92' lang='lat' dir='ltr'>obse-</span> 
     </span>
     <span class='ocr_line' id='line_1_26' title="bbox 278 1502 2211 1555; baseline 0.001 -17"><span class='ocrx_word' id='word_1_284' title='bbox 278 1508 433 1538; x_wconf 89' lang='lat' dir='ltr'>ruantes</span> <span class='ocrx_word' id='word_1_285' title='bbox 462 1503 676 1553; x_wconf 86' lang='lat' dir='ltr'>Pontificij,</span> <span class='ocrx_word' id='word_1_286' title='bbox 710 1506 745 1542; x_wconf 71' lang='grc'>81</span> <span class='ocrx_word' id='word_1_287' title='bbox 774 1503 860 1555; x_wconf 90' lang='lat' dir='ltr'>alij,</span> <span class='ocrx_word' id='word_1_288' title='bbox 888 1505 1092 1553; x_wconf 86' lang='lat' dir='ltr'>falluntur,</span> <span class='ocrx_word' id='word_1_289' title='bbox 1125 1503 1252 1541; x_wconf 87' lang='lat' dir='ltr'>Laicis</span> <span class='ocrx_word' id='word_1_290' title='bbox 1281 1505 1315 1542; x_wconf 83' lang='lat'>&amp;</span> <span class='ocrx_word' id='word_1_291' title='bbox 1344 1503 1523 1541; x_wconf 85' lang='lat' dir='ltr'>foeminis</span> <span class='ocrx_word' id='word_1_292' title='bbox 1550 1503 1590 1540; x_wconf 92' lang='lat' dir='ltr'>in</span> <span class='ocrx_word' id='word_1_293' title='bbox 1618 1513 1712 1540; x_wconf 87' lang='lat' dir='ltr'>casu</span> <span class='ocrx_word' id='word_1_294' title='bbox 1750 1503 1986 1541; x_wconf 88' lang='lat' dir='ltr'>necessitatis</span> <span class='ocrx_word' id='word_1_295' title='bbox 2013 1502 2211 1551; x_wconf 85' lang='lat' dir='ltr'>baptizare</span> 
     </span>
     <span class='ocr_line' id='line_1_27' title="bbox 278 1534 2212 1605; baseline 0.001 -14"><span class='ocrx_word' id='word_1_296' title='bbox 278 1553 557 1604; x_wconf 89' lang='lat' dir='ltr'>permittentes</span> <span class='ocrx_word' id='word_1_297' title='bbox 585 1557 636 1593; x_wconf 88' lang='lat' dir='ltr'>Et</span> <span class='ocrx_word' id='word_1_298' title='bbox 663 1556 906 1595; x_wconf 87' lang='lat' dir='ltr'>intolerabile</span> <span class='ocrx_word' id='word_1_299' title='bbox 939 1557 1034 1595; x_wconf 90' lang='lat' dir='ltr'>illud</span> <span class='ocrx_word' id='word_1_300' title='bbox 1062 1534 1284 1594; x_wconf 61' lang='lat' dir='ltr'>B⁷ellarmini</span> <span class='ocrx_word' id='word_1_301' title='bbox 1313 1557 1458 1605; x_wconf 88' lang='lat' dir='ltr'>dogma</span> <span class='ocrx_word' id='word_1_302' title='bbox 1487 1563 1561 1603; x_wconf 84' lang='grc'>651,</span> <span class='ocrx_word' id='word_1_303' title='bbox 1590 1557 1654 1594; x_wconf 84' lang='lat' dir='ltr'>lib.</span> <span class='ocrx_word' id='word_1_304' title='bbox 1687 1557 1731 1593; x_wconf 81' lang='lat' dir='ltr'>de</span> <span class='ocrx_word' id='word_1_305' title='bbox 1757 1557 1876 1605; x_wconf 77' lang='lat' dir='ltr'>Bapt.</span> <span class='ocrx_word' id='word_1_306' title='bbox 1899 1562 1979 1605; x_wconf 74' lang='lat' dir='ltr'>cap.</span> <span class='ocrx_word' id='word_1_307' title='bbox 1998 1566 2032 1603; x_wconf 91' lang='lat'>7.</span> <span class='ocrx_word' id='word_1_308' title='bbox 2048 1566 2127 1603; x_wconf 88' lang='lat' dir='ltr'>quo</span> <span class='ocrx_word' id='word_1_309' title='bbox 2141 1554 2212 1603; x_wconf 76' lang='lat' dir='ltr'>ait,</span> 
     </span>
     <span class='ocr_line' id='line_1_28' title="bbox 277 1607 2211 1661; baseline 0.001 -17"><span class='ocrx_word' id='word_1_310' title='bbox 277 1609 372 1644; x_wconf 74' lang='lat' dir='ltr'>Non</span> <span class='ocrx_word' id='word_1_311' title='bbox 402 1609 637 1658; x_wconf 72' lang='lat' dir='ltr'>bapttzatztm</span> <span class='ocrx_word' id='word_1_312' title='bbox 661 1616 772 1659; x_wconf 74' lang='lat' dir='ltr'>posse</span> <span class='ocrx_word' id='word_1_313' title='bbox 806 1611 1024 1661; x_wconf 73' lang='lat' dir='ltr'>baptzzme,</span> <span class='ocrx_word' id='word_1_314' title='bbox 1052 1611 1162 1648; x_wconf 66' lang='lat' dir='ltr'>mod&amp;</span> <span class='ocrx_word' id='word_1_315' title='bbox 1186 1611 1302 1648; x_wconf 64' lang='lat' dir='ltr'>ratum</span> <span class='ocrx_word' id='word_1_316' title='bbox 1330 1611 1438 1647; x_wconf 80' lang='lat' dir='ltr'>sczat.</span> <span class='ocrx_word' id='word_1_317' title='bbox 1453 1610 1504 1646; x_wconf 90' lang='grc' dir='ltr'>Π.</span> <span class='ocrx_word' id='word_1_318' title='bbox 1540 1609 1708 1658; x_wconf 53' lang='grc' dir='ltr'>ρκ’,ὐαε</span> <span class='ocrx_word' id='word_1_319' title='bbox 1737 1609 1935 1659; x_wconf 88' lang='lat' dir='ltr'>fidelibus,</span> <span class='ocrx_word' id='word_1_320' title='bbox 1964 1607 2110 1647; x_wconf 88' lang='lat' dir='ltr'>scilicet</span> <span class='ocrx_word' id='word_1_321' title='bbox 2124 1620 2211 1657; x_wconf 88' lang='lat' dir='ltr'>pro-</span> 
     </span>
     <span class='ocr_line' id='line_1_29' title="bbox 279 1661 2209 1713; baseline 0.001 -16"><span class='ocrx_word' id='word_1_322' title='bbox 279 1661 470 1707; x_wconf 75' lang='lat' dir='ltr'>sessione,</span> <span class='ocrx_word' id='word_1_323' title='bbox 514 1669 629 1711; x_wconf 87' lang='lat' dir='ltr'>atque</span> <span class='ocrx_word' id='word_1_324' title='bbox 657 1663 864 1701; x_wconf 88' lang='lat' dir='ltr'>foederatis</span> <span class='ocrx_word' id='word_1_325' title='bbox 892 1663 987 1713; x_wconf 86' lang='lat' dir='ltr'>Dei,</span> <span class='ocrx_word' id='word_1_326' title='bbox 1026 1664 1061 1701; x_wconf 73' lang='grc'>81</span> <span class='ocrx_word' id='word_1_327' title='bbox 1091 1674 1190 1712; x_wconf 86' lang='lat' dir='ltr'>quos</span> <span class='ocrx_word' id='word_1_328' title='bbox 1218 1662 1538 1700; x_wconf 90' lang='lat' dir='ltr'>Circumstantiae</span> <span class='ocrx_word' id='word_1_329' title='bbox 1567 1663 1907 1700; x_wconf 89' lang='lat' dir='ltr'>Sacramentorum</span> <span class='ocrx_word' id='word_1_330' title='bbox 1934 1673 2016 1699; x_wconf 92' lang='lat' dir='ltr'>non</span> <span class='ocrx_word' id='word_1_331' title='bbox 2042 1667 2209 1699; x_wconf 90' lang='lat' dir='ltr'>arceant.</span> 
     </span>
     <span class='ocr_line' id='line_1_30' title="bbox 279 1714 2210 1764; baseline 0.001 -14"><span class='ocrx_word' id='word_1_332' title='bbox 279 1715 348 1751; x_wconf 88' lang='lat' dir='ltr'>III.</span> <span class='ocrx_word' id='word_1_333' title='bbox 388 1714 459 1751; x_wconf 65' lang='lat' dir='ltr'>Vbi</span> <span class='ocrx_word' id='word_1_334' title='bbox 485 1715 535 1752; x_wconf 54' lang='grc' dir='ltr'>ἐφ’</span> <span class='ocrx_word' id='word_1_335' title='bbox 564 1717 742 1764; x_wconf 75' lang='lat' dir='ltr'>quando:</span> <span class='ocrx_word' id='word_1_336' title='bbox 770 1718 861 1754; x_wconf 93' lang='lat' dir='ltr'>Non</span> <span class='ocrx_word' id='word_1_337' title='bbox 890 1724 948 1754; x_wconf 91' lang='lat' dir='ltr'>est</span> <span class='ocrx_word' id='word_1_338' title='bbox 975 1717 1027 1754; x_wconf 91' lang='lat' dir='ltr'>ita</span> <span class='ocrx_word' id='word_1_339' title='bbox 1054 1715 1315 1754; x_wconf 88' lang='lat' dir='ltr'>necessarium</span> <span class='ocrx_word' id='word_1_340' title='bbox 1346 1722 1499 1764; x_wconf 90' lang='lat' dir='ltr'>tempus</span> <span class='ocrx_word' id='word_1_341' title='bbox 1527 1726 1699 1764; x_wconf 85' lang='lat' dir='ltr'>seruare,</span> <span class='ocrx_word' id='word_1_342' title='bbox 1735 1716 1804 1752; x_wconf 93' lang='lat' dir='ltr'>sed</span> <span class='ocrx_word' id='word_1_343' title='bbox 1820 1714 1983 1753; x_wconf 90' lang='lat' dir='ltr'>liberum</span> <span class='ocrx_word' id='word_1_344' title='bbox 1999 1721 2056 1752; x_wconf 90' lang='lat' dir='ltr'>est</span> <span class='ocrx_word' id='word_1_345' title='bbox 2070 1714 2210 1751; x_wconf 89' lang='lat' dir='ltr'>Eccle-</span> 
     </span>
     <span class='ocr_line' id='line_1_31' title="bbox 277 1766 2209 1819; baseline -0.001 -15"><span class='ocrx_word' id='word_1_346' title='bbox 277 1766 375 1816; x_wconf 84' lang='lat' dir='ltr'>siae,</span> <span class='ocrx_word' id='word_1_347' title='bbox 421 1768 544 1805; x_wconf 92' lang='lat' dir='ltr'>modo</span> <span class='ocrx_word' id='word_1_348' title='bbox 589 1768 629 1806; x_wconf 92' lang='lat' dir='ltr'>id</span> <span class='ocrx_word' id='word_1_349' title='bbox 657 1769 724 1806; x_wconf 89' lang='lat' dir='ltr'>fiat</span> <span class='ocrx_word' id='word_1_350' title='bbox 751 1769 910 1819; x_wconf 91' lang='lat' dir='ltr'>publico</span> <span class='ocrx_word' id='word_1_351' title='bbox 940 1769 1088 1819; x_wconf 88' lang='lat' dir='ltr'>(quoad</span> <span class='ocrx_word' id='word_1_352' title='bbox 1119 1768 1198 1806; x_wconf 86' lang='lat' dir='ltr'>eius</span> <span class='ocrx_word' id='word_1_353' title='bbox 1228 1768 1309 1806; x_wconf 92' lang='lat' dir='ltr'>fieri</span> <span class='ocrx_word' id='word_1_354' title='bbox 1338 1770 1482 1817; x_wconf 86' lang='lat' dir='ltr'>potest)</span> <span class='ocrx_word' id='word_1_355' title='bbox 1511 1769 1546 1806; x_wconf 85' lang='lat'>&amp;</span> <span class='ocrx_word' id='word_1_356' title='bbox 1576 1767 1676 1805; x_wconf 90' lang='lat' dir='ltr'>iusto</span> <span class='ocrx_word' id='word_1_357' title='bbox 1706 1767 1905 1806; x_wconf 84' lang='lat' dir='ltr'>Ecclesiae</span> <span class='ocrx_word' id='word_1_358' title='bbox 1931 1774 2059 1805; x_wconf 89' lang='lat' dir='ltr'>coetu.</span> <span class='ocrx_word' id='word_1_359' title='bbox 2109 1767 2209 1815; x_wconf 72' lang='lat' dir='ltr'>Quo-</span> 
     </span>
     <span class='ocr_line' id='line_1_32' title="bbox 276 1819 2212 1873; baseline 0.001 -17"><span class='ocrx_word' id='word_1_360' title='bbox 276 1820 407 1869; x_wconf 80' lang='lat' dir='ltr'>modo,</span> <span class='ocrx_word' id='word_1_361' title='bbox 437 1832 484 1857; x_wconf 85' lang='lat' dir='ltr'>ex</span> <span class='ocrx_word' id='word_1_362' title='bbox 513 1820 754 1860; x_wconf 91' lang='lat' dir='ltr'>institutione</span> <span class='ocrx_word' id='word_1_363' title='bbox 781 1822 964 1873; x_wconf 85' lang='lat' dir='ltr'>Domini,</span> <span class='ocrx_word' id='word_1_364' title='bbox 993 1821 1087 1860; x_wconf 90' lang='lat' dir='ltr'>nihil</span> <span class='ocrx_word' id='word_1_365' title='bbox 1114 1822 1356 1861; x_wconf 72' lang='lat' dir='ltr'>detrahendo</span> <span class='ocrx_word' id='word_1_366' title='bbox 1384 1822 1448 1858; x_wconf 93' lang='lat' dir='ltr'>vel</span> <span class='ocrx_word' id='word_1_367' title='bbox 1477 1821 1683 1870; x_wconf 89' lang='lat' dir='ltr'>addendo,</span> <span class='ocrx_word' id='word_1_368' title='bbox 1711 1821 1763 1858; x_wconf 90' lang='lat' dir='ltr'>ita</span> <span class='ocrx_word' id='word_1_369' title='bbox 1786 1829 1825 1858; x_wconf 91' lang='lat' dir='ltr'>vt</span> <span class='ocrx_word' id='word_1_370' title='bbox 1842 1823 1931 1858; x_wconf 81' lang='lat' dir='ltr'>vere</span> <span class='ocrx_word' id='word_1_371' title='bbox 1947 1820 2077 1858; x_wconf 88' lang='lat' dir='ltr'>dicere</span> <span class='ocrx_word' id='word_1_372' title='bbox 2090 1819 2212 1869; x_wconf 90' lang='lat' dir='ltr'>possit</span> 
     </span>
     <span class='ocr_line' id='line_1_33' title="bbox 277 1871 2209 1925; baseline 0.001 -16"><span class='ocrx_word' id='word_1_373' title='bbox 277 1872 496 1922; x_wconf 89' lang='lat' dir='ltr'>Episcopus</span> <span class='ocrx_word' id='word_1_374' title='bbox 525 1876 706 1924; x_wconf 82' lang='lat' dir='ltr'>exemplo</span> <span class='ocrx_word' id='word_1_375' title='bbox 736 1875 868 1925; x_wconf 84' lang='lat' dir='ltr'>Pauli,</span> <span class='ocrx_word' id='word_1_376' title='bbox 903 1889 934 1913; x_wconf 90' lang='lat'>1.</span> <span class='ocrx_word' id='word_1_377' title='bbox 969 1876 1059 1913; x_wconf 79' lang='lat' dir='ltr'>Cor.</span> <span class='ocrx_word' id='word_1_378' title='bbox 1089 1888 1149 1913; x_wconf 89' lang='lat'>11.</span> <span class='ocrx_word' id='word_1_379' title='bbox 1181 1887 1241 1923; x_wconf 87' lang='lat'>23.</span> <span class='ocrx_word' id='word_1_380' title='bbox 1271 1874 1420 1923; x_wconf 91' lang='lat' dir='ltr'>Accepi</span> <span class='ocrx_word' id='word_1_381' title='bbox 1448 1876 1471 1910; x_wconf 78' lang='grc'>3</span> <span class='ocrx_word' id='word_1_382' title='bbox 1499 1873 1674 1912; x_wconf 92' lang='lat' dir='ltr'>Domino</span> <span class='ocrx_word' id='word_1_383' title='bbox 1704 1874 1812 1922; x_wconf 92' lang='lat' dir='ltr'>quod</span> <span class='ocrx_word' id='word_1_384' title='bbox 1853 1875 1888 1912; x_wconf 87' lang='lat'>&amp;</span> <span class='ocrx_word' id='word_1_385' title='bbox 1917 1872 2059 1911; x_wconf 90' lang='lat' dir='ltr'>tradidi</span> <span class='ocrx_word' id='word_1_386' title='bbox 2085 1871 2209 1910; x_wconf 89' lang='lat' dir='ltr'>vobis.</span> 
     </span>
    </p>

    <p class='ocr_par' dir='ltr' id='par_1_6' title="bbox 277 1925 2214 2508">
     <span class='ocr_line' id='line_1_34' title="bbox 330 1925 2211 1978; baseline -0.001 -15"><span class='ocrx_word' id='word_1_387' title='bbox 330 1928 368 1964; x_wconf 87' lang='lat'>8.</span> <span class='ocrx_word' id='word_1_388' title='bbox 423 1926 530 1964; x_wconf 91' lang='lat' dir='ltr'>Hinc</span> <span class='ocrx_word' id='word_1_389' title='bbox 554 1935 727 1977; x_wconf 89' lang='lat' dir='ltr'>potestas</span> <span class='ocrx_word' id='word_1_390' title='bbox 757 1928 948 1978; x_wconf 84' lang='lat' dir='ltr'>clauium,</span> <span class='ocrx_word' id='word_1_391' title='bbox 977 1927 1058 1966; x_wconf 91' lang='lat' dir='ltr'>siue</span> <span class='ocrx_word' id='word_1_392' title='bbox 1087 1927 1255 1978; x_wconf 87' lang='lat' dir='ltr'>ligandi,</span> <span class='ocrx_word' id='word_1_393' title='bbox 1283 1929 1317 1966; x_wconf 82' lang='lat'>&amp;</span> <span class='ocrx_word' id='word_1_394' title='bbox 1347 1927 1527 1965; x_wconf 89' lang='lat' dir='ltr'>soluendi</span> <span class='ocrx_word' id='word_1_395' title='bbox 1555 1927 1718 1964; x_wconf 89' lang='lat' dir='ltr'>facultas</span> <span class='ocrx_word' id='word_1_396' title='bbox 1753 1940 1776 1964; x_wconf 92' lang='lat' dir='ltr'>a</span> <span class='ocrx_word' id='word_1_397' title='bbox 1803 1926 1958 1964; x_wconf 89' lang='lat' dir='ltr'>Christo</span> <span class='ocrx_word' id='word_1_398' title='bbox 1987 1925 2211 1964; x_wconf 90' lang='lat' dir='ltr'>Pastoribus</span> 
     </span>
     <span class='ocr_line' id='line_1_35' title="bbox 280 1978 2211 2031; baseline 0.001 -16"><span class='ocrx_word' id='word_1_399' title='bbox 280 1978 465 2017; x_wconf 90' lang='lat' dir='ltr'>omnibus</span> <span class='ocrx_word' id='word_1_400' title='bbox 495 1980 534 2016; x_wconf 92' lang='lat' dir='ltr'>in</span> <span class='ocrx_word' id='word_1_401' title='bbox 562 1993 730 2029; x_wconf 88' lang='lat' dir='ltr'>persona</span> <span class='ocrx_word' id='word_1_402' title='bbox 758 1982 1042 2031; x_wconf 89' lang='lat' dir='ltr'>Apostolorum</span> <span class='ocrx_word' id='word_1_403' title='bbox 1072 1981 1163 2018; x_wconf 90' lang='lat' dir='ltr'>data</span> <span class='ocrx_word' id='word_1_404' title='bbox 1191 1979 1278 2018; x_wconf 87' lang='lat' dir='ltr'>fuit:</span> <span class='ocrx_word' id='word_1_405' title='bbox 1307 1981 1446 2017; x_wconf 80' lang='lat' dir='ltr'>Mattlz.</span> <span class='ocrx_word' id='word_1_406' title='bbox 1480 1982 1538 2018; x_wconf 90' lang='grc'>18.</span> <span class='ocrx_word' id='word_1_407' title='bbox 1574 1982 1631 2018; x_wconf 92' lang='lat'>18.</span> <span class='ocrx_word' id='word_1_408' title='bbox 1661 1980 1762 2017; x_wconf 92' lang='lat' dir='ltr'>Nam</span> <span class='ocrx_word' id='word_1_409' title='bbox 1799 1980 1887 2017; x_wconf 85' lang='grc'>611111</span> <span class='ocrx_word' id='word_1_410' title='bbox 1914 1980 2069 2017; x_wconf 91' lang='lat' dir='ltr'>coelum</span> <span class='ocrx_word' id='word_1_411' title='bbox 2096 1978 2211 2016; x_wconf 89' lang='lat' dir='ltr'>nobis</span> 
     </span>
     <span class='ocr_line' id='line_1_36' title="bbox 280 2030 2212 2084; baseline 0.001 -17"><span class='ocrx_word' id='word_1_412' title='bbox 280 2038 467 2080; x_wconf 89' lang='lat' dir='ltr'>tanquam</span> <span class='ocrx_word' id='word_1_413' title='bbox 498 2034 654 2071; x_wconf 87' lang='lat' dir='ltr'>firmum</span> <span class='ocrx_word' id='word_1_414' title='bbox 684 2034 926 2072; x_wconf 89' lang='lat' dir='ltr'>domicilium</span> <span class='ocrx_word' id='word_1_415' title='bbox 954 2040 1214 2084; x_wconf 89' lang='lat' dir='ltr'>proponatur,</span> <span class='ocrx_word' id='word_1_416' title='bbox 1243 2032 1352 2070; x_wconf 87' lang='lat' dir='ltr'>cuius</span> <span class='ocrx_word' id='word_1_417' title='bbox 1380 2039 1493 2082; x_wconf 90' lang='lat' dir='ltr'>porta</span> <span class='ocrx_word' id='word_1_418' title='bbox 1521 2039 1577 2070; x_wconf 89' lang='lat' dir='ltr'>est</span> <span class='ocrx_word' id='word_1_419' title='bbox 1600 2032 1794 2078; x_wconf 87' lang='lat' dir='ltr'>Christus,</span> <span class='ocrx_word' id='word_1_420' title='bbox 1828 2032 1940 2070; x_wconf 92' lang='lat' dir='ltr'>huius</span> <span class='ocrx_word' id='word_1_421' title='bbox 1968 2035 2062 2070; x_wconf 83' lang='lat' dir='ltr'>vero</span> <span class='ocrx_word' id='word_1_422' title='bbox 2092 2030 2212 2069; x_wconf 88' lang='lat' dir='ltr'>clauis</span> 
     </span>
     <span class='ocr_line' id='line_1_37' title="bbox 279 2085 2211 2138; baseline 0.001 -17"><span class='ocrx_word' id='word_1_423' title='bbox 279 2086 356 2133; x_wconf 69' lang='lat' dir='ltr'>qua</span> <span class='ocrx_word' id='word_1_424' title='bbox 397 2085 512 2124; x_wconf 90' lang='lat' dir='ltr'>nobis</span> <span class='ocrx_word' id='word_1_425' title='bbox 553 2094 685 2135; x_wconf 87' lang='lat' dir='ltr'>patere</span> <span class='ocrx_word' id='word_1_426' title='bbox 725 2087 867 2137; x_wconf 87' lang='lat' dir='ltr'>possit,</span> <span class='ocrx_word' id='word_1_427' title='bbox 896 2088 1013 2138; x_wconf 90' lang='lat' dir='ltr'>fides,</span> <span class='ocrx_word' id='word_1_428' title='bbox 1042 2088 1143 2124; x_wconf 89' lang='lat' dir='ltr'>hanc</span> <span class='ocrx_word' id='word_1_429' title='bbox 1170 2094 1397 2136; x_wconf 90' lang='lat' dir='ltr'>proponunt</span> <span class='ocrx_word' id='word_1_430' title='bbox 1426 2087 1606 2123; x_wconf 84' lang='lat' dir='ltr'>Pastores</span> <span class='ocrx_word' id='word_1_431' title='bbox 1634 2086 1743 2123; x_wconf 85' lang='lat' dir='ltr'>verbi</span> <span class='ocrx_word' id='word_1_432' title='bbox 1769 2085 2102 2123; x_wconf 85' lang='lat' dir='ltr'>administratione</span> <span class='ocrx_word' id='word_1_433' title='bbox 2129 2096 2211 2121; x_wconf 88' lang='lat' dir='ltr'>am-</span> 
     </span>
     <span class='ocr_line' id='line_1_38' title="bbox 277 2137 2214 2196; baseline 0 -22"><span class='ocrx_word' id='word_1_434' title='bbox 277 2138 548 2189; x_wconf 85' lang='lat' dir='ltr'>plectendam,</span> <span class='ocrx_word' id='word_1_435' title='bbox 589 2140 624 2177; x_wconf 86' lang='lat'>&amp;</span> <span class='ocrx_word' id='word_1_436' title='bbox 667 2140 926 2179; x_wconf 88' lang='lat' dir='ltr'>Sacramentis</span> <span class='ocrx_word' id='word_1_437' title='bbox 970 2140 1302 2178; x_wconf 85' lang='lat' dir='ltr'>confirmandam:</span> <span class='ocrx_word' id='word_1_438' title='bbox 1347 2139 1382 2175; x_wconf 67' lang='grc' dir='ltr'>ὃ(</span> <span class='ocrx_word' id='word_1_439' title='bbox 1411 2139 1624 2176; x_wconf 78' lang='lat' dir='ltr'>secundum</span> <span class='ocrx_word' id='word_1_440' title='bbox 1651 2139 1909 2188; x_wconf 84' lang='lat' dir='ltr'>Euangelicas</span> <span class='ocrx_word' id='word_1_441' title='bbox 1936 2137 2214 2196; x_wconf 83' lang='lat' dir='ltr'>promissiones</span> 
     </span>
     <span class='ocr_line' id='line_1_39' title="bbox 280 2190 2213 2243; baseline 0 -16"><span class='ocrx_word' id='word_1_442' title='bbox 280 2191 568 2239; x_wconf 88' lang='lat' dir='ltr'>poenitentibus</span> <span class='ocrx_word' id='word_1_443' title='bbox 596 2193 759 2243; x_wconf 89' lang='lat' dir='ltr'>gratiam</span> <span class='ocrx_word' id='word_1_444' title='bbox 789 2200 955 2243; x_wconf 86' lang='lat' dir='ltr'>certam,</span> <span class='ocrx_word' id='word_1_445' title='bbox 983 2192 1327 2243; x_wconf 88' lang='lat' dir='ltr'>impoenitentibus</span> <span class='ocrx_word' id='word_1_446' title='bbox 1355 2194 1448 2229; x_wconf 84' lang='lat' dir='ltr'>vero</span> <span class='ocrx_word' id='word_1_447' title='bbox 1477 2192 1512 2228; x_wconf 87' lang='lat'>&amp;</span> <span class='ocrx_word' id='word_1_448' title='bbox 1536 2191 1575 2229; x_wconf 91' lang='lat' dir='ltr'>in</span> <span class='ocrx_word' id='word_1_449' title='bbox 1602 2199 1767 2241; x_wconf 88' lang='lat' dir='ltr'>peccato</span> <span class='ocrx_word' id='word_1_450' title='bbox 1791 2191 2055 2241; x_wconf 86' lang='lat' dir='ltr'>manentibus,</span> <span class='ocrx_word' id='word_1_451' title='bbox 2071 2190 2213 2228; x_wconf 88' lang='lat' dir='ltr'>iustum</span> 
     </span>
     <span class='ocr_line' id='line_1_40' title="bbox 280 2242 2214 2304; baseline 0 -24"><span class='ocrx_word' id='word_1_452' title='bbox 280 2243 355 2281; x_wconf 91' lang='lat' dir='ltr'>Dei</span> <span class='ocrx_word' id='word_1_453' title='bbox 398 2244 583 2283; x_wconf 90' lang='lat' dir='ltr'>iudicium</span> <span class='ocrx_word' id='word_1_454' title='bbox 628 2246 882 2296; x_wconf 90' lang='lat' dir='ltr'>denuntiant,</span> <span class='ocrx_word' id='word_1_455' title='bbox 915 2246 966 2284; x_wconf 87' lang='lat' dir='ltr'>ita</span> <span class='ocrx_word' id='word_1_456' title='bbox 1011 2254 1051 2283; x_wconf 88' lang='lat' dir='ltr'>vt</span> <span class='ocrx_word' id='word_1_457' title='bbox 1085 2259 1131 2284; x_wconf 87' lang='lat' dir='ltr'>ex</span> <span class='ocrx_word' id='word_1_458' title='bbox 1165 2244 1444 2304; x_wconf 68' lang='lat' dir='ltr'>promissione,</span> <span class='ocrx_word' id='word_1_459' title='bbox 1473 2246 1586 2282; x_wconf 80' lang='lat' dir='ltr'>Joan.</span> <span class='ocrx_word' id='word_1_460' title='bbox 1622 2258 1681 2282; x_wconf 93' lang='lat'>20.</span> <span class='ocrx_word' id='word_1_461' title='bbox 1713 2257 1771 2303; x_wconf 91' lang='lat'>23.</span> <span class='ocrx_word' id='word_1_462' title='bbox 1801 2256 1966 2293; x_wconf 90' lang='lat' dir='ltr'>quorum</span> <span class='ocrx_word' id='word_1_463' title='bbox 1996 2242 2214 2282; x_wconf 84' lang='lat' dir='ltr'>remiseritis</span> 
     </span>
     <span class='ocr_line' id='line_1_41' title="bbox 282 2277 2213 2360; baseline -0.001 -27"><span class='ocrx_word' id='word_1_464' title='bbox 282 2304 444 2345; x_wconf 85' lang='lat' dir='ltr'>peccata</span> <span class='ocrx_word' id='word_1_465' title='bbox 472 2298 719 2337; x_wconf 88' lang='lat' dir='ltr'>remittuntur</span> <span class='ocrx_word' id='word_1_466' title='bbox 748 2299 823 2350; x_wconf 92' lang='lat' dir='ltr'>eis,</span> <span class='ocrx_word' id='word_1_467' title='bbox 852 2277 883 2337; x_wconf 89' lang='lat' dir='ltr'>si</span> <span class='ocrx_word' id='word_1_468' title='bbox 911 2311 1077 2349; x_wconf 90' lang='lat' dir='ltr'>quorum</span> <span class='ocrx_word' id='word_1_469' title='bbox 1107 2298 1355 2347; x_wconf 88' lang='lat' dir='ltr'>retinueritis,</span> <span class='ocrx_word' id='word_1_470' title='bbox 1387 2304 1535 2335; x_wconf 87' lang='lat' dir='ltr'>retenta</span> <span class='ocrx_word' id='word_1_471' title='bbox 1563 2305 1671 2347; x_wconf 90' lang='lat' dir='ltr'>sunt,</span> <span class='ocrx_word' id='word_1_472' title='bbox 1698 2305 1759 2335; x_wconf 90' lang='grc'>1511</span> <span class='ocrx_word' id='word_1_473' title='bbox 1773 2298 1902 2336; x_wconf 90' lang='lat' dir='ltr'>Deum</span> <span class='ocrx_word' id='word_1_474' title='bbox 1916 2297 1988 2334; x_wconf 78' lang='lat' dir='ltr'>slbi</span> <span class='ocrx_word' id='word_1_475' title='bbox 2003 2302 2213 2360; x_wconf 82' lang='lat' dir='ltr'>propltlum</span> 
     </span>
     <span class='ocr_line' id='line_1_42' title="bbox 285 2347 2214 2402; baseline -0.001 -15"><span class='ocrx_word' id='word_1_476' title='bbox 285 2350 469 2396; x_wconf 86' lang='lat' dir='ltr'>sentiant,</span> <span class='ocrx_word' id='word_1_477' title='bbox 501 2351 574 2389; x_wconf 92' lang='lat' dir='ltr'>illis</span> <span class='ocrx_word' id='word_1_478' title='bbox 605 2355 698 2391; x_wconf 84' lang='lat' dir='ltr'>vero</span> <span class='ocrx_word' id='word_1_479' title='bbox 729 2352 803 2390; x_wconf 90' lang='lat' dir='ltr'>sint</span> <span class='ocrx_word' id='word_1_480' title='bbox 832 2352 986 2390; x_wconf 89' lang='lat' dir='ltr'>diuinae</span> <span class='ocrx_word' id='word_1_481' title='bbox 1015 2352 1160 2402; x_wconf 84' lang='lat' dir='ltr'>gratiae</span> <span class='ocrx_word' id='word_1_482' title='bbox 1189 2353 1412 2401; x_wconf 83' lang='lat' dir='ltr'>praeclusae</span> <span class='ocrx_word' id='word_1_483' title='bbox 1443 2352 1564 2398; x_wconf 74' lang='lat' dir='ltr'>fores,</span> <span class='ocrx_word' id='word_1_484' title='bbox 1592 2363 1639 2388; x_wconf 88' lang='lat' dir='ltr'>ex</span> <span class='ocrx_word' id='word_1_485' title='bbox 1666 2350 1891 2388; x_wconf 83' lang='lat' dir='ltr'>conditione</span> <span class='ocrx_word' id='word_1_486' title='bbox 1917 2363 2068 2399; x_wconf 91' lang='lat' dir='ltr'>semper</span> <span class='ocrx_word' id='word_1_487' title='bbox 2082 2347 2214 2386; x_wconf 84' lang='lat' dir='ltr'>addita</span> 
     </span>
     <span class='ocr_line' id='line_1_43' title="bbox 288 2401 2212 2455; baseline -0.001 -15"><span class='ocrx_word' id='word_1_488' title='bbox 288 2403 572 2454; x_wconf 86' lang='lat' dir='ltr'>poenitentiae,</span> <span class='ocrx_word' id='word_1_489' title='bbox 603 2412 670 2443; x_wconf 90' lang='lat' dir='ltr'>aut</span> <span class='ocrx_word' id='word_1_490' title='bbox 693 2405 1011 2455; x_wconf 84' lang='lat' dir='ltr'>impoenitentiae</span> <span class='ocrx_word' id='word_1_491' title='bbox 1040 2405 1120 2443; x_wconf 86' lang='lat' dir='ltr'>siue</span> <span class='ocrx_word' id='word_1_492' title='bbox 1149 2403 1405 2442; x_wconf 87' lang='lat' dir='ltr'>indurationis</span> <span class='ocrx_word' id='word_1_493' title='bbox 1434 2403 1582 2441; x_wconf 87' lang='lat' dir='ltr'>cordis:</span> <span class='ocrx_word' id='word_1_494' title='bbox 1612 2404 1720 2452; x_wconf 91' lang='lat' dir='ltr'>quod</span> <span class='ocrx_word' id='word_1_495' title='bbox 1750 2403 1839 2441; x_wconf 88' lang='lat' dir='ltr'>satis</span> <span class='ocrx_word' id='word_1_496' title='bbox 1870 2403 2039 2441; x_wconf 90' lang='lat' dir='ltr'>declarat</span> <span class='ocrx_word' id='word_1_497' title='bbox 2052 2414 2132 2440; x_wconf 89' lang='lat' dir='ltr'>non</span> <span class='ocrx_word' id='word_1_498' title='bbox 2147 2401 2212 2439; x_wconf 87' lang='lat' dir='ltr'>ab·</span> 
     </span>
     <span class='ocr_line' id='line_1_44' title="bbox 283 2455 2212 2517; baseline -0.001 -24"><span class='ocrx_word' id='word_1_499' title='bbox 283 2457 451 2494; x_wconf 90' lang='lat' dir='ltr'>solutam</span> <span class='ocrx_word' id='word_1_500' title='bbox 481 2457 586 2494; x_wconf 89' lang='lat' dir='ltr'>illam</span> <span class='ocrx_word' id='word_1_501' title='bbox 614 2465 872 2517; x_wconf 84' lang='lat' dir='ltr'>potestatem,</span> <span class='ocrx_word' id='word_1_502' title='bbox 901 2460 968 2497; x_wconf 86' lang='lat' dir='ltr'>sed</span> <span class='ocrx_word' id='word_1_503' title='bbox 993 2457 1323 2507; x_wconf 89' lang='lat' dir='ltr'>conditionalem,</span> <span class='ocrx_word' id='word_1_504' title='bbox 1350 2469 1431 2494; x_wconf 90' lang='lat' dir='ltr'>non</span> <span class='ocrx_word' id='word_1_505' title='bbox 1459 2456 1689 2506; x_wconf 78' lang='lat' dir='ltr'>plenariam,</span> <span class='ocrx_word' id='word_1_506' title='bbox 1718 2457 1787 2494; x_wconf 91' lang='lat' dir='ltr'>sed</span> <span class='ocrx_word' id='word_1_507' title='bbox 1815 2455 2101 2493; x_wconf 89' lang='lat' dir='ltr'>ministerialem</span> <span class='ocrx_word' id='word_1_508' title='bbox 2117 2466 2212 2492; x_wconf 88' lang='lat' dir='ltr'>esse.</span> 
     </span>
    </p>

    <p class='ocr_par' dir='ltr' id='par_1_7' title="bbox 282 2508 2218 2825">
     <span class='ocr_line' id='line_1_45' title="bbox 340 2508 2213 2569; baseline -0.001 -22"><span class='ocrx_word' id='word_1_509' title='bbox 340 2522 376 2558; x_wconf 90' lang='lat'>9.</span> <span class='ocrx_word' id='word_1_510' title='bbox 433 2510 661 2548; x_wconf 88' lang='lat' dir='ltr'>Efficaciam</span> <span class='ocrx_word' id='word_1_511' title='bbox 690 2510 887 2561; x_wconf 88' lang='lat' dir='ltr'>ministerij</span> <span class='ocrx_word' id='word_1_512' title='bbox 921 2512 1015 2549; x_wconf 85' lang='lat' dir='ltr'>satis</span> <span class='ocrx_word' id='word_1_513' title='bbox 1043 2511 1148 2549; x_wconf 91' lang='lat' dir='ltr'>videt</span> <span class='ocrx_word' id='word_1_514' title='bbox 1177 2510 1248 2569; x_wconf 42' lang='lat' dir='ltr'>qui.</span> <span class='ocrx_word' id='word_1_515' title='bbox 1271 2512 1415 2548; x_wconf 79' lang='lat' dir='ltr'>attente</span> <span class='ocrx_word' id='word_1_516' title='bbox 1444 2509 1589 2558; x_wconf 89' lang='lat' dir='ltr'>cogitat</span> <span class='ocrx_word' id='word_1_517' title='bbox 1617 2522 1699 2547; x_wconf 90' lang='lat' dir='ltr'>esse</span> <span class='ocrx_word' id='word_1_518' title='bbox 1722 2510 1871 2546; x_wconf 76' lang='lat' dir='ltr'>tantum</span> <span class='ocrx_word' id='word_1_519' title='bbox 1899 2508 2213 2568; x_wconf 83' lang='lat' dir='ltr'>instrumentum,</span> 
     </span>
     <span class='ocr_line' id='line_1_46' title="bbox 286 2559 2213 2614; baseline -0.001 -15"><span class='ocrx_word' id='word_1_520' title='bbox 286 2574 366 2599; x_wconf 93' lang='lat' dir='ltr'>non</span> <span class='ocrx_word' id='word_1_521' title='bbox 398 2575 529 2600; x_wconf 86' lang='lat' dir='ltr'>veram</span> <span class='ocrx_word' id='word_1_522' title='bbox 560 2575 735 2602; x_wconf 88' lang='lat' dir='ltr'>caussam</span> <span class='ocrx_word' id='word_1_523' title='bbox 764 2576 900 2602; x_wconf 92' lang='lat' dir='ltr'>eorum</span> <span class='ocrx_word' id='word_1_524' title='bbox 929 2576 1029 2614; x_wconf 87' lang='lat' dir='ltr'>quae</span> <span class='ocrx_word' id='word_1_525' title='bbox 1069 2576 1137 2613; x_wconf 91' lang='lat' dir='ltr'>per</span> <span class='ocrx_word' id='word_1_526' title='bbox 1173 2563 1212 2600; x_wconf 93' lang='lat' dir='ltr'>id</span> <span class='ocrx_word' id='word_1_527' title='bbox 1239 2563 1277 2600; x_wconf 90' lang='lat' dir='ltr'>in</span> <span class='ocrx_word' id='word_1_528' title='bbox 1306 2562 1531 2600; x_wconf 88' lang='lat' dir='ltr'>hominibus</span> <span class='ocrx_word' id='word_1_529' title='bbox 1560 2562 1795 2612; x_wconf 82' lang='lat' dir='ltr'>efficiuntur,</span> <span class='ocrx_word' id='word_1_530' title='bbox 1823 2561 1921 2599; x_wconf 90' lang='lat' dir='ltr'>sicut</span> <span class='ocrx_word' id='word_1_531' title='bbox 1949 2562 2052 2599; x_wconf 90' lang='lat' dir='ltr'>enim</span> <span class='ocrx_word' id='word_1_532' title='bbox 2079 2559 2213 2597; x_wconf 88' lang='lat' dir='ltr'>instru-</span> 
     </span>
     <span class='ocr_line' id='line_1_47' title="bbox 291 2613 2214 2666; baseline -0.001 -15"><span class='ocrx_word' id='word_1_533' title='bbox 291 2621 466 2653; x_wconf 88' lang='lat' dir='ltr'>mentum</span> <span class='ocrx_word' id='word_1_534' title='bbox 497 2624 655 2654; x_wconf 86' lang='lat' dir='ltr'>eatenus</span> <span class='ocrx_word' id='word_1_535' title='bbox 684 2618 786 2655; x_wconf 89' lang='lat' dir='ltr'>valet</span> <span class='ocrx_word' id='word_1_536' title='bbox 814 2625 1004 2666; x_wconf 81' lang='lat' dir='ltr'>quatenus</span> <span class='ocrx_word' id='word_1_537' title='bbox 1033 2629 1124 2655; x_wconf 90' lang='lat' dir='ltr'>vera</span> <span class='ocrx_word' id='word_1_538' title='bbox 1156 2627 1291 2654; x_wconf 90' lang='lat' dir='ltr'>caussa</span> <span class='ocrx_word' id='word_1_539' title='bbox 1322 2615 1493 2653; x_wconf 76' lang='lat' dir='ltr'>efficiens</span> <span class='ocrx_word' id='word_1_540' title='bbox 1517 2616 1565 2652; x_wconf 87' lang='lat' dir='ltr'>ad</span> <span class='ocrx_word' id='word_1_541' title='bbox 1594 2615 1740 2664; x_wconf 88' lang='lat' dir='ltr'>aliquid</span> <span class='ocrx_word' id='word_1_542' title='bbox 1756 2614 2004 2652; x_wconf 82' lang='lat' dir='ltr'>efficiendum</span> <span class='ocrx_word' id='word_1_543' title='bbox 2019 2626 2066 2653; x_wconf 89' lang='lat' dir='ltr'>eo</span> <span class='ocrx_word' id='word_1_544' title='bbox 2080 2613 2214 2662; x_wconf 80' lang='lat' dir='ltr'>vtitur3</span> 
     </span>
     <span class='ocr_line' id='line_1_48' title="bbox 282 2665 2212 2720; baseline -0.001 -16"><span class='ocrx_word' id='word_1_545' title='bbox 282 2667 356 2717; x_wconf 91' lang='grc'>516,</span> <span class='ocrx_word' id='word_1_546' title='bbox 386 2668 639 2707; x_wconf 90' lang='lat' dir='ltr'>ministerium</span> <span class='ocrx_word' id='word_1_547' title='bbox 672 2671 759 2708; x_wconf 94' lang='lat' dir='ltr'>Deo</span> <span class='ocrx_word' id='word_1_548' title='bbox 788 2683 858 2720; x_wconf 86' lang='lat' dir='ltr'>per</span> <span class='ocrx_word' id='word_1_549' title='bbox 886 2671 927 2708; x_wconf 91' lang='lat' dir='ltr'>id</span> <span class='ocrx_word' id='word_1_550' title='bbox 956 2675 1141 2720; x_wconf 87' lang='lat' dir='ltr'>operante</span> <span class='ocrx_word' id='word_1_551' title='bbox 1170 2670 1308 2707; x_wconf 88' lang='lat' dir='ltr'>efficax</span> <span class='ocrx_word' id='word_1_552' title='bbox 1336 2674 1413 2718; x_wconf 88' lang='lat' dir='ltr'>est,</span> <span class='ocrx_word' id='word_1_553' title='bbox 1441 2681 1509 2718; x_wconf 91' lang='lat' dir='ltr'>per</span> <span class='ocrx_word' id='word_1_554' title='bbox 1539 2680 1579 2705; x_wconf 83' lang='lat' dir='ltr'>se</span> <span class='ocrx_word' id='word_1_555' title='bbox 1603 2670 1696 2706; x_wconf 83' lang='lat' dir='ltr'>vero</span> <span class='ocrx_word' id='word_1_556' title='bbox 1725 2667 1821 2705; x_wconf 85' lang='grc'>1111111</span> <span class='ocrx_word' id='word_1_557' title='bbox 1834 2667 1966 2705; x_wconf 81' lang='lat' dir='ltr'>efficlt</span> <span class='ocrx_word' id='word_1_558' title='bbox 1978 2666 2094 2704; x_wconf 92' lang='lat' dir='ltr'>Vnde</span> <span class='ocrx_word' id='word_1_559' title='bbox 2107 2665 2212 2702; x_wconf 85' lang='lat' dir='ltr'>ldem</span> 
     </span>
     <span class='ocr_line' id='line_1_49' title="bbox 294 2719 2214 2773; baseline -0.002 -16"><span class='ocrx_word' id='word_1_560' title='bbox 294 2720 546 2760; x_wconf 87' lang='lat' dir='ltr'>ministerium</span> <span class='ocrx_word' id='word_1_561' title='bbox 592 2722 629 2760; x_wconf 92' lang='lat' dir='ltr'>in</span> <span class='ocrx_word' id='word_1_562' title='bbox 662 2723 778 2761; x_wconf 86' lang='lat' dir='ltr'>Sacra</span> <span class='ocrx_word' id='word_1_563' title='bbox 806 2723 1005 2773; x_wconf 86' lang='lat' dir='ltr'>Scriptura</span> <span class='ocrx_word' id='word_1_564' title='bbox 1034 2723 1244 2770; x_wconf 81' lang='lat' dir='ltr'>aliquando</span> <span class='ocrx_word' id='word_1_565' title='bbox 1273 2722 1487 2769; x_wconf 81' lang='lat' dir='ltr'>extollitur,</span> <span class='ocrx_word' id='word_1_566' title='bbox 1517 2721 1725 2769; x_wconf 80' lang='lat' dir='ltr'>aliquando</span> <span class='ocrx_word' id='word_1_567' title='bbox 1754 2722 1846 2758; x_wconf 82' lang='lat' dir='ltr'>vero</span> <span class='ocrx_word' id='word_1_568' title='bbox 1874 2719 2111 2769; x_wconf 89' lang='lat' dir='ltr'>deprimitur.</span> <span class='ocrx_word' id='word_1_569' title='bbox 2140 2719 2214 2755; x_wconf 85' lang='lat' dir='ltr'>Ex-</span> 
     </span>
     <span class='ocr_line' id='line_1_50' title="bbox 300 2772 2218 2825; baseline -0.002 -15"><span class='ocrx_word' id='word_1_570' title='bbox 300 2774 470 2824; x_wconf 81' lang='lat' dir='ltr'>tollitur,</span> <span class='ocrx_word' id='word_1_571' title='bbox 511 2777 670 2824; x_wconf 83' lang='lat' dir='ltr'>quando</span> <span class='ocrx_word' id='word_1_572' title='bbox 714 2788 803 2813; x_wconf 88' lang='lat' dir='ltr'>cum</span> <span class='ocrx_word' id='word_1_573' title='bbox 846 2788 978 2814; x_wconf 82' lang='lat' dir='ltr'>caussa</span> <span class='ocrx_word' id='word_1_574' title='bbox 1018 2775 1220 2825; x_wconf 85' lang='lat' dir='ltr'>principali</span> <span class='ocrx_word' id='word_1_575' title='bbox 1248 2775 1498 2812; x_wconf 86' lang='lat' dir='ltr'>coniunctum</span> <span class='ocrx_word' id='word_1_576' title='bbox 1530 2774 1814 2811; x_wconf 70' lang='lat' dir='ltr'>consideratur.</span> <span class='ocrx_word' id='word_1_577' title='bbox 1857 2775 1891 2811; x_wconf 63' lang='grc' dir='ltr'>ἃ</span> <span class='ocrx_word' id='word_1_578' title='bbox 1919 2773 1972 2810; x_wconf 85' lang='grc'>1111</span> <span class='ocrx_word' id='word_1_579' title='bbox 1999 2772 2218 2810; x_wconf 89' lang='lat' dir='ltr'>tribuuntur</span> 
     </span>
    </p>

    <p class='ocr_par' dir='ltr' id='par_1_8' title="bbox 2112 2834 2210 2873">
     <span class='ocr_line' id='line_1_51' title="bbox 2112 2834 2210 2873; baseline 0 -13"><span class='ocrx_word' id='word_1_580' title='bbox 2112 2834 2210 2873; x_wconf 88' lang='lat' dir='ltr'>quae</span> 
     </span>
    </p>
   </div>
  </div>
 </body>
</html>
