2334 3020
769 100 985 126 russas
1027 99 1458 127 THEOLOGICAE.
2008 91 2077 128 261

139 213 199 249 vel
235 211 433 258 absolute,
471 216 511 247 vt
545 208 739 258 Theologi
769 216 917 247 veteres
945 209 980 246 &
1009 207 1255 247 recentiores.
1298 209 1460 247 Veteres
1487 209 1631 247 eodem
1663 221 1776 247 sensu
1807 208 2080 259 intelligebant

138 277 218 313 quo
257 267 447 314 μυςῄριον
473 264 509 301 &
536 261 674 300 iisdem
703 261 844 300 finibus
873 273 963 300 curn
992 261 1058 300 illo
1087 261 1403 300 terminauerunt.
1448 261 1676 311 Mysterium
1705 270 1834 300 autem
1865 261 1936 300 tria
1965 261 2080 313 signi-

140 319 242 355 ficat.
282 318 311 353 Ι.
356 314 595 363 Consilium,
637 322 828 353 secretum
872 317 907 353 &
935 326 1140 363 arcanum,
1169 316 1272 353 Dan.
1301 328 1335 354 2.
1367 327 1426 364 ²7·
1456 322 1496 353 vt
1524 315 1645 363 liquet
1676 328 1723 353 ex
1753 316 1891 365 ἐτύμῳ.
1920 315 2080 354 Dictum

138 369 243 409 enim
271 376 329 407 est
355 371 378 406 a
403 369 487 416 μύω
514 368 690 418 proprie,
720 369 780 406 vel
808 367 882 405 ἀπὸ
916 373 978 406 τοῦ
1011 369 1086 406 δεῖν
1113 371 1309 415 μύσαντας
1338 373 1459 419 τηρεῖν
1489 369 1596 406 ἐνδον
1629 369 1689 406 vel
1721 375 1760 406 vt
1786 367 1868 405 aliis
1898 370 2026 418 placet
2055 371 2078 407 ὲ.

138 424 219 471 μύω
260 424 296 460 &
333 425 448 470 ς’μα,
490 422 551 460 vel
592 423 615 459 a
641 421 767 471 μυέω,
809 421 869 458 vel
911 422 934 458 a
969 424 1109 470 μύσειν
1138 421 1173 458 &
1204 424 1324 470 τηρεῖν
1356 434 1390 459 2.
1427 420 1626 472 Significat
1661 431 1849 459 arcanum
1878 420 2079 460 diuinum:

147 475 286 524 Coloff.
319 488 351 511 2.
384 486 418 511 2.
445 474 590 525 Ephes.
622 486 656 523 3.
686 487 723 521 4.
754 484 790 524 5.
823 487 854 511 1.
891 474 986 510 Tim.
1020 485 1056 521 3.
1085 487 1121 523 9.
1154 474 1213 511 16.
1249 485 1279 510 1.
1318 473 1407 513 Gor.
1442 487 1496 523 13.
1532 486 1565 513 2.
1594 475 1644 512 ξφ
1676 484 1738 525 15.
1765 485 1852 523 5.3.
1882 476 2082 513 Arcanum

140 527 316 566 diuinum
344 526 627 576 symbolicum,
666 529 738 565 ὅτε.
766 538 991 577 expressum
1019 539 1087 576 per
1114 527 1379 577 ceremonias,
1415 534 1549 578 tupos,
1588 528 1816 576 parabolas,
1855 527 2082 577 allegorias,

140 580 347 631 imagines,
375 578 486 629 signa
513 581 550 618 &
578 581 736 630 figuras:
765 592 845 630 quo
873 581 983 628 sen(f.
1019 582 1181 628 1727)su
1209 587 1313 619 recte
1342 580 1602 631 AugustinuS,
1629 582 1734 629 epist.
1766 591 1800 630 5.
1828 581 1885 618 ad
1898 582 2077 620 Marcell.

140 633 306 682 Omnia,
335 632 460 682 inquit
489 632 599 682 signa
627 635 717 671 cum
747 633 798 671 ad
827 646 886 672 res
915 632 1067 671 diuinas
1097 631 1309 683 pertinent,
1341 633 1592 672 Sacramenta
1620 635 1878 684 appellantur.

193 699 229 735 3.
285 684 540 725 Recentiores
569 685 701 724 habita
729 686 877 724 ratione
904 689 1095 736 μυςηρίου
1128 685 1264 724 dieunt
1292 687 1587 725 Sacramentum
1602 693 1780 725 nostrum
1795 698 1879 725 esse
1899 699 2085 725 arcanum

140 739 335 786 diuinum,
374 738 482 788 quod
518 752 591 789 pro
630 740 827 788 Symbolis
861 739 979 777 habet
1013 739 1166 788 signum
1205 739 1240 776 &
1279 740 1456 790 figuram.
1500 740 1648 778 Habita
1686 743 1780 779 vero
1818 738 1968 778 ratione
1997 751 2085 778 vsus

139 791 288 842 politici
317 790 452 830 dicunt
479 805 563 831 esse
591 793 796 842 quoddam
824 790 998 830 fidelium
1028 791 1306 839 iuramentum,
1336 805 1406 843 per
1435 793 1545 842 quod
1572 805 1646 831 nos
1670 793 1826 832 Christo
1842 791 1935 830 duci
1949 799 2087 831 nostro

137 844 413 895 adstringimus
426 874 436 894 ,
463 846 498 884 δι
526 847 630 884 velut
655 845 799 884 Christi
820 853 1007 884 tesseram
1022 857 1105 883 esse
1122 856 1200 894 qua
1216 857 1289 884 nos
1307 853 1438 894 ornat,
1456 847 1491 884 δε
1508 858 1580 896 pro
1597 846 1783 885 militibus
1800 845 1878 884 suis
1894 845 2088 896 agnoscit.

192 912 229 946 4.
285 899 376 936 Non
404 898 518 949 igitur
547 898 767 938 deficiendo
796 909 952 938 sensum
981 898 1220 936 Sacramenti
1247 901 1270 936 a
1298 899 1484 948 mysterio
1512 911 1754 949 separemus,
1785 907 1825 938 vt
1853 900 2084 937 Sacramen-

139 951 243 1000 tarij,
271 964 345 990 nec
371 952 600 991 excedendo
630 953 801 1001 mysteri}
833 963 988 990 sensum
1015 953 1038 988 a
1065 958 1312 990 sacramento
1341 951 1572 1001 diuidimus,
1603 959 1643 990 vt
1669 951 1901 1002 Vbiquitarij
1931 954 1967 990 &
1984 953 2083 991 Pon-

139 1004 267 1054 tificij:
298 1004 366 1043 sed
397 1010 601 1055 vtrumque
629 1006 884 1044 coniunctum
911 1003 1076 1042 dicimus
1104 1005 1440 1054 comprehendere
1468 1011 1646 1043 nostrum
1676 1011 1978 1044 sacramentum.

195 1068 230 1108 5.
285 1059 520 1107 Sequeretur
559 1058 637 1097 iam
678 1059 733 1097 rei
774 1057 966 1104 definitio,
1009 1057 1078 1095 sed
1119 1057 1403 1107 perspicuitatis
1442 1058 1566 1109 gratia
1608 1058 1901 1108 praemittemus
1943 1058 2083 1096 decem

140 1110 367 1161 integritatis
408 1118 558 1161 partes,
601 1123 701 1161 quae
743 1110 963 1150 necessario
1005 1109 1274 1159 requiruntur,
1317 1118 1357 1149 vt
1398 1112 1469 1150 ista
1497 1124 1597 1161 quae
1623 1111 1801 1150 sensibus
1830 1110 2087 1149 subiiciuntur

139 1164 290 1214 integra
317 1164 404 1203 sint.
433 1165 704 1204 Necessarium
732 1172 790 1204 est
823 1179 854 1203 1.
884 1171 924 1202 vt
950 1163 997 1202 sit
1018 1162 1186 1213 signum.
1218 1177 1254 1202 2.
1283 1165 1454 1214 vulgare.
1483 1178 1519 1213 3.
1549 1164 1711 1204 visibile.
1743 1177 1779 1212 4.
1809 1164 2087 1204 voluntarium.

141 1228 176 1268 5.
206 1224 246 1256 vt
274 1218 416 1256 habeat
443 1217 649 1269 ἀναλογίαν
681 1218 732 1256 ad
762 1218 1035 1268 significatum.
1066 1218 1101 1254 6.
1131 1229 1357 1277 expressum
1384 1217 1639 1256 mandatum
1629 1231 1668 1256 1n
1684 1219 1802 1257 Nouo
1817 1219 2088 1257 Testamento.

142 1282 177 1330 7.
207 1270 514 1309 Promissionem
550 1269 841 1321 Euangelicam.
886 1273 922 1310 8.
951 1271 1030 1308 &vt
1059 1270 1293 1321 adiungatur
1321 1270 1446 1321 signo.
1490 1285 1525 1322 9.
1558 1277 1598 1309 vt
1626 1271 1673 1310 sit
1701 1270 1892 1331 generalis
1923 1270 2088 1320 promis-

140 1323 260 1362 sionis
290 1322 533 1373 particularis
560 1323 784 1384 applicatio.
832 1337 891 1362 10.
919 1330 961 1362 vt
986 1322 1035 1362 sit
1062 1323 1286 1363 ceremonia
1315 1324 1487 1362 solennis
1514 1325 1551 1362 &
1578 1324 1771 1384 perennis

195 1378 231 1415 6.
287 1376 362 1415 His
388 1376 442 1415 ita
469 1376 679 1427 propositis
707 1378 877 1428 desinitzo
904 1375 989 1415 talis
1014 1384 1181 1415 emanat.
1211 1378 1507 1416 Sacramentum
1524 1384 1581 1416 est
1594 1377 1697 1416 actio
1713 1390 1874 1416 sacram
1892 1376 2090 1427 Ecclesia,

141 1429 324 1468 diuinitus
363 1429 557 1478 instituta,
598 1429 637 1468 in
673 1442 751 1480 qua
779 1429 963 1469 adhibitis
990 1429 1225 1479 quibusdam
1255 1430 1423 1469 externis
1452 1442 1543 1469 curn
1571 1431 1694 1470 verbo
1722 1429 1971 1469 institutionis
2000 1442 2086 1480 pro-

141 1482 433 1533 missionisque,
467 1489 669 1533 tamquam
707 1483 824 1532 signis
861 1482 1075 1522 visibilibus
1111 1483 1256 1534 gratiae
1299 1483 1522 1532 inuisibilis,
1553 1484 1731 1523 Christus
1759 1484 1799 1522 s'e
1829 1483 1946 1522 tradit
1974 1482 2089 1522 nobis

141 1550 188 1575 ex
216 1536 456 1587 Euangelio,
483 1537 519 1574 &
550 1537 645 1575 fides
675 1545 809 1576 nostra
843 1537 899 1576 sic
925 1537 1200 1587 confirmatur,
1225 1543 1264 1575 et
1289 1539 1422 1577 Iesum
1451 1537 1647 1576 Christum
1675 1549 1766 1576 cum
1796 1536 1979 1575 omnibus
2007 1536 2090 1575 eius

141 1589 341 1628 beneficiis
383 1588 456 1629 sibi
497 1588 667 1640 applicet
708 1592 743 1629 &
786 1590 908 1629 vniat:
949 1589 1126 1628 Ecclesia
1154 1592 1248 1629 vero
1275 1597 1359 1629 tum
1386 1590 1663 1641 gratitudinem
1696 1602 1805 1629 suam
1834 1603 1927 1640 ergo
1957 1592 2086 1628 Deum

143 1650 324 1692 testatur,
354 1649 436 1681 tum
465 1650 598 1681 mutua
627 1643 814 1682 charitate
841 1643 941 1682 inter
970 1656 1010 1681 se
1039 1644 1263 1694 copulatur,
1293 1645 1329 1682 &
1357 1645 1407 1683 ab
1435 1643 1518 1683 aliis
1546 1644 1727 1695 gentibus
1755 1643 1978 1682 secernitur.

197 1708 230 1745 7.
287 1696 393 1734 Nihil
420 1695 535 1746 igitur
563 1702 622 1734 est
647 1697 756 1747 quod
785 1697 939 1736 dubitet
965 1695 1178 1746 quispiam,
1207 1710 1256 1735 an
1285 1697 1409 1748 possit
1439 1697 1604 1737 definiri.
1632 1698 1735 1735 Nam
1764 1699 1854 1735 cum
1883 1696 1930 1735 sit
1953 1709 2086 1747 aggre-

142 1757 275 1800 gatum
304 1763 373 1800 per
400 1749 603 1799 accidens,
632 1763 713 1789 non
740 1750 986 1799 naturaliter,
1015 1750 1084 1788 sed
1112 1750 1360 1789 ordinatione
1388 1753 1444 1800 (vt
1472 1763 1616 1801 corpus
1644 1750 1805 1799 ciuium)
1834 1750 1987 1800 aequali
2004 1749 2085 1787 iure

142 1803 295 1841 definiri
324 1810 467 1848 potest.

191 1860 227 1895 8.
289 1857 420 1894 Genus
449 1856 681 1895 sacramenti
710 1870 790 1895 non
819 1864 876 1895 est
904 1856 1075 1907 signum,
1111 1858 1201 1895 cum
1230 1857 1465 1897 inuisibilem
1493 1857 1658 1908 gratiam
1689 1858 1797 1895 nullo
1829 1857 1950 1894 modo
1979 1870 2087 1894 com-

137 1913 344 1961 plectatur.
374 1921 474 1959 quae
505 1916 636 1947 tamen
664 1917 722 1948 est
750 1909 934 1960 primaria
962 1923 1049 1959 pars
1078 1911 1336 1949 Sacramenti:
1366 1911 1436 1949 sed
1464 1913 1562 1949 actio
1593 1912 1735 1957 Sacra,
1766 1917 1845 1948 tam
1876 1909 1950 1948 Dei
1965 1912 2083 1959 quam

138 1962 308 2003 hominis
336 1962 584 2013 operationes
612 1964 963 2013 comprehendens.
1006 1963 1123 2002 Actio
1153 1963 1257 2002 enim
1286 1971 1342 2003 est
1371 1964 1555 2003 naturalis
1586 1965 1648 2002 vel
1676 1962 1906 2001 voluntaria.
1938 1964 2086 2001 Volun-

137 2017 233 2056 taria
260 2022 317 2054 est
347 2018 565 2066 θεωρητική
594 2018 655 2054 vel
683 2018 952 2068 προαιρετικὴε
983 2019 1019 2056 &
1043 2018 1141 2055 haec
1162 2016 1302 2056 iterum
1325 2018 1489 2067 duplex
1511 2031 1565 2056 sc.
1584 2018 1707 2065 ἡθικη
1722 2017 1783 2054 vel
1800 2016 2086 2065 ἑκκλησιαςικὴ

139 2083 257 2129 quam
285 2068 551 2108 ceremoniam
577 2072 836 2120 appellamus,
866 2072 902 2109 &
929 2072 1002 2109 sub
1032 2072 1109 2109 hoc
1137 2069 1250 2109 titulo
1280 2070 1468 2121 quicquid
1498 2070 1596 2109 inest
1625 2069 1885 2108 Sacramentis
1915 2067 2090 2119 legitime

140 2121 334 2163 contineri
361 2123 613 2161 affirmamus.

190 2190 227 2226 9.
286 2175 451 2215 Causam
491 2174 727 2214 efficientem
767 2176 969 2216 statuimus
1011 2178 1138 2215 solum
1179 2178 1308 2216 Deum
1347 2177 1623 2226 Christumque
1662 2175 1940 2225 Mediatorem,
1978 2174 2088 2224 quod

138 2241 275 2269 eorum
309 2229 459 2267 tantum
493 2228 541 2266 sit
575 2228 728 2279 signum
756 2229 972 2277 instituere,
1003 2229 1069 2279 qui
1097 2230 1154 2268 ius
1183 2231 1329 2268 habent
1358 2229 1612 2280 promittendi
1640 2228 1858 2279 signatum,
1887 2230 1922 2267 δι
1951 2234 2090 2277 poten-

137 2283 230 2322 tiam
259 2280 496 2332 applicandi.
524 2282 663 2320 Nullus
691 2290 822 2321 autem
851 2284 972 2321 homo
1001 2283 1113 2322 nouit
1140 2283 1304 2321 consilia
1333 2283 1428 2321 Dei:
1458 2285 1571 2321 Rom.
1606 2296 1663 2320 11.
1694 2295 1757 2331 34.
1787 2282 1899 2320 Esai.
1930 2295 1994 2328 41.
2025 2284 2090 2328 18,

135 2349 208 2375 nec
245 2335 450 2386 quisquam
478 2342 608 2385 potest
636 2348 684 2374 ex
710 2348 751 2374 se
780 2336 840 2374 vel
868 2336 1098 2385 promittere
1127 2336 1294 2387 gratiam
1325 2337 1606 2386 Euangelicam
1634 2336 1670 2374 &
1703 2334 1973 2373 remissionem
2005 2348 2092 2384 pec-

136 2396 336 2436 catorum,
379 2390 440 2427 vel
478 2395 568 2427 actu
605 2389 802 2428 remittere
839 2396 994 2439 praeter
1029 2391 1158 2428 solum
1190 2391 1338 2428 Deum:
1381 2391 1495 2428 Esai.
1524 2402 1587 2438 43.
1621 2400 1681 2439 25.
1726 2389 1980 2448 Quapropter
2008 2400 2088 2425 non

134 2444 262 2481 solum
291 2442 428 2480 fallunt
456 2454 529 2480 nos
557 2441 665 2492 signa
692 2444 893 2481 voluntate
921 2443 1092 2481 hominis
1123 2442 1323 2493 ordinata,
1353 2443 1422 2480 sed
1451 2441 1569 2481 etiarn
1593 2444 1680 2481 Deo
1699 2454 1893 2480 summam
1908 2452 2087 2479 iniuriam

136 2496 326 2544 inferunt,
354 2494 421 2544 qui
448 2501 599 2533 tantum
626 2495 870 2534 authoritatis
899 2497 1050 2546 absque
1079 2495 1180 2534 illius
1208 2496 1330 2534 verbo
1354 2495 1394 2534 in
1423 2508 1463 2534 se
1491 2495 1725 2545 suscipiunt.

192 2562 250 2586 10.
306 2549 522 2596 Integritas
562 2555 693 2587 autem
733 2550 982 2586 zmnstztatzom‘s
1023 2548 1190 2587 Diuinae
1231 2549 1317 2587 talis
1357 2555 1435 2597 est,
1472 2555 1512 2587 vt
1540 2549 1673 2598 quoad
1702 2546 1962 2586 substantiam
1991 2545 2086 2584 nihil

134 2601 278 2640 addere
307 2601 367 2639 vel
396 2601 599 2639 detrahere
625 2601 758 2650 liceat,
787 2614 836 2640 ne
866 2603 932 2640 fiat
960 2601 1203 2640 Sacramenti
1235 2579 1486 2652 deprauatio,
1515 2613 1635 2651 quam
1659 2600 1940 2650 Bellarminus,
1969 2600 2032 2637 lzb.
2056 2612 2088 2638 1.

137 2656 181 2692 {le
223 2654 398 2694 Sacram.
443 2660 528 2704 cap.
572 2667 632 2692 21.
670 2662 786 2693 vocat
815 2654 1087 2694 necessitatem
1115 2655 1369 2694 sacramenti.
1397 2662 1546 2694 tantam
1575 2657 1668 2693 vero
1697 2665 1884 2704 negamus
1915 2665 2020 2702 esse,
2051 2659 2092 2691 vt

140 2707 272 2757 quoad
307 2707 543 2753 accidentia,
581 2720 635 2746 sc.
675 2709 793 2746 verba
830 2709 865 2746 δι
906 2709 1092 2757 syllabas,
1128 2707 1274 2758 aliquid
1312 2714 1480 2756 mutare,
1511 2719 1784 2758 corrumpere,
1815 2714 2088 2757 transponere,

138 2762 199 2799 vel
227 2760 508 2810 interrumpere
537 2761 645 2799 nefas
674 2760 870 2799 dicamus:
901 2760 982 2800 imo
1006 2761 1100 2800 ritus
1128 2761 1395 2801 Ecclesiastici
1423 2761 1516 2800 addi
1532 2760 1910 2811 possunt&seruari
1928 2759 2092 2850 debelii&

1970 2824 2037 2850 mo
