2334 3020
829 95 1101 124 FRANCISCI
1136 95 1281 129 JUNII
1319 94 1452 121 VITA.
2055 95 2114 130 27'

180 210 345 254 repetor.
388 204 452 241 Ad
491 215 559 241 eos
587 208 627 240 vt
652 203 821 252 primum
849 202 957 253 veni,
986 213 1077 240 ecce
1105 203 1262 251 repente
1289 199 1452 239 nuncius
1479 199 1693 249 Antuerpia
1721 198 1895 236 adfertur
1922 199 1972 236 ad
2000 211 2075 237 nos
2092 228 2102 246 7

180 257 288 299 signa
327 255 459 295 omnia
494 255 533 293 in
559 255 712 304 templis
741 255 848 306 opidi
876 255 990 293 fuisse
1018 261 1220 304 corrupta3
1247 255 1282 292 Sc
1310 260 1431 292 totam
1458 259 1616 291 noctem
1643 250 1746 291 tubis
1774 251 1968 301 organicis
1996 252 2099 290 Ant-

177 309 310 360 uerpia
342 308 464 348 allatis
491 309 642 358 plateae
670 309 944 358 personabant.
972 307 1157 346 conuenit
1185 306 1333 357 aliquot
1362 305 1603 356 plebeiorum
1632 315 1788 355 manus,
1818 305 1853 342 &
1882 304 1931 342 de
1959 302 2095 355 imagi-

179 362 294 401 nibus
320 360 500 401 tollendis
528 359 732 399 consilium
759 361 862 411 capit
887 359 1145 400 tumultuarie.
1172 361 1302 398 Locus
1328 359 1378 397 ad
1405 358 1617 398 coitionem
1644 357 1784 396 dicitur
1811 356 1851 395 in
1867 363 2099 407 sequentem

178 416 305 465 diem,
343 413 551 465 piscarium
593 413 744 464 forum,
785 427 832 452 ex
873 425 952 465 quo
994 412 1201 452 lustrandis
1241 412 1398 462 singulis
1434 411 1587 461 templis
1628 411 1663 448 ὅτ
1705 409 1949 448 decutiendis
1977 408 2098 460 signis

178 474 286 507 certo
328 467 464 506 ordine
500 474 752 516 occupentur.
793 468 898 505 Dum
938 468 1034 505 haec
1074 471 1277 517 geruntur,
1304 464 1416 503 tertia
1446 466 1545 503 forte
1572 466 1670 502 hora
1696 469 1904 512 antequam
1932 464 2101 502 ferueret

178 531 300 571 opu3,
336 518 494 558 aduenit
530 519 581 557 ad
616 532 678 557 me
714 520 882 559 Leuinus
911 519 996 569 ille,
1025 519 1132 557 cuius
1160 518 1199 556 in
1221 517 1505 568 Martyrologio
1534 516 1687 556 Gallico
1715 517 1816 554 facta
1843 522 1900 554 est
1927 515 2073 555 mentio
2091 546 2101 566 ,

177 574 212 611 &
240 572 445 611 consilium
472 571 707 623 sciscitatur,
735 579 862 611 vtrum
891 571 1141 612 Gandauensi
1166 571 1282 621 plebe
1302 571 1353 609 ad
1375 569 1729 620 Antuerpianorum
1751 569 1972 618 exemplum
1988 568 2096 619 signa

177 632 451 675 corrumpente
490 624 571 674 ipse
612 637 770 675 operam
807 637 914 664 suam
942 636 1099 675 quoque
1127 623 1368 662 adhibiturus
1395 630 1495 663 esset
1522 623 1570 661 ad
1600 636 1685 662 eam
1713 633 1814 672 rem,
1841 625 1977 660 necne.
2019 623 2093 660 Re-

177 677 318 729 spondi
360 691 407 717 ex
447 684 645 728 tempore,
687 678 780 716 nihil
819 678 892 716 nisi
919 691 965 716 ex
994 678 1201 716 vocatione
1227 679 1251 715 a
1279 676 1393 715 nobis
1420 675 1641 715 faciendum
1669 687 1772 713 esse:
1801 686 1883 713 non
1912 686 1996 713 esse
2023 673 2096 724 ipsi

178 730 424 777 vocationem
459 731 716 781 ordinariam,
753 738 793 770 vt
821 731 886 781 qui
913 744 993 770 non
1022 730 1266 781 magistratus
1294 736 1413 780 esset,
1441 742 1515 768 nec
1542 730 1619 767 vlla
1645 727 1873 767 auctoritate
1901 726 2097 766 ordinaria

177 785 404 823 instructus:
433 796 515 822 non
544 796 627 823 esse
655 795 812 834 quoque
841 783 1204 831 extraordinariam,
1232 789 1273 820 vt
1301 782 1366 832 qui
1393 795 1440 821 ex
1469 795 1530 821 me
1559 780 1764 820 consilium
1793 783 2096 831 peteret,seque

177 850 225 876 6ο
266 836 350 887 ipso
392 838 496 875 facto
538 849 618 875 non
660 849 743 876 esse
785 844 968 876 vocatum
997 843 1103 875 extra
1130 835 1307 874 ordinem
1334 836 1384 873 ad
1412 837 1513 873 hanc
1541 848 1623 873 rem
1651 833 1887 872 ostenderet.
1923 832 2098 871 Dissuasi

175 889 306 939 itaque
333 889 501 928 homini:
531 890 566 927 &
593 890 657 929 ille
685 890 938 941 acquiescens
953 888 1197 939 responsioni
1211 900 1320 927 meae
1331 917 1342 939 ,
1359 887 1453 926 dum
1468 889 1612 926 malum
1628 886 1761 926 nescio
1776 887 1884 936 quod
1898 885 2097 936 publicum

177 942 299 982 voluit
339 954 591 993 praecauere,
631 942 800 993 seipsum
842 942 1022 992 perdidit.
1051 940 1225 981 Omnino
1251 947 1381 979 tamen
1409 942 1458 979 ab
1486 940 1668 978 omnibus
1695 941 1819 990 prope
1847 938 2099 988 aduersariis,

177 995 355 1046 quamuis
393 996 618 1034 dehortarer
646 996 801 1045 publice
826 997 876 1034 ab
904 995 995 1045 ipsis
1023 994 1242 1033 actionibus
1270 994 1479 1043 populum,
1507 1006 1580 1031 nec
1609 992 1690 1031 sine
1718 990 1933 1030 offensione
1961 991 2100 1042 ipsius,

178 1060 310 1088 earum
351 1049 524 1087 habebar
559 1049 595 1086 δε
623 1049 782 1087 dicebar
808 1054 963 1086 auctor:
990 1047 1294 1097 quemamodum
1320 1046 1361 1084 in
1388 1058 1432 1084 os
1461 1045 1555 1084 mihi
1583 1051 1672 1094 post
1702 1044 1953 1094 quatriduum
1981 1047 2100 1095 quarn

178 1101 362 1140 disiectae
403 1103 554 1140 fuerant
593 1103 614 1140 e
641 1101 793 1151 templis
834 1100 1040 1151 imagines,
1081 1098 1350 1138 Gandauensis
1391 1097 1552 1148 quidam
1588 1097 1844 1147 sacrificulus,
1872 1104 2100 1147 argenteum

178 1154 301 1193 maius
342 1153 509 1204 sigillum
549 1154 828 1203 Capitularium
869 1154 906 1192 S.
948 1152 1105 1192 Ioannis
1140 1165 1187 1190 ex
1216 1165 1277 1190 me
1300 1151 1548 1201 impudenter
1575 1157 1775 1200 repetens,
1803 1162 1884 1188 non
1911 1150 2103 1188 dubitauit

177 1207 363 1245 obiicere.
391 1209 529 1256 Itaque
556 1207 696 1256 partim
726 1205 851 1256 gentis
881 1208 917 1245 &
945 1203 1155 1243 functionis
1183 1204 1298 1254 odio,
1320 1209 1538 1254 partimque
1555 1203 1658 1242 falsis
1674 1203 1724 1241 de
1738 1215 1801 1240 me
1817 1201 2103 1252 suspicionibus

178 1263 213 1298 &
255 1259 591 1298 criminationibus
625 1260 841 1310 obruebar3
869 1258 1086 1309 frequentia
1114 1256 1417 1296 intendebantur
1444 1255 1538 1295 mihi
1566 1256 1757 1306 pericula,
1787 1256 1822 1293 &
1849 1254 1888 1293 in
1917 1268 1981 1293 me
2009 1262 2103 1293 tam-

177 1324 295 1363 quam
323 1325 371 1350 ex
411 1311 595 1350 condicto
637 1311 835 1350 irruebant
872 1310 1023 1350 omnia:
1051 1309 1279 1361 praesertim
1307 1322 1355 1349 ex
1382 1320 1462 1359 quo
1490 1308 1633 1348 nobilis
1663 1307 1727 1347 ille
1754 1308 1858 1357 apud
1886 1308 2104 1346 Centronas

177 1371 393 1404 conuentus
434 1364 642 1403 obiiciente
684 1364 969 1403 Gubernatrice
998 1369 1268 1410 consenserat,
1298 1362 1435 1413 nequis
1463 1369 1668 1401 extraneus
1696 1360 1873 1399 Minister
1900 1360 1939 1399 in
1967 1361 2102 1411 Belgio

176 1419 422 1468 perferretur.
464 1418 594 1466 Quam
635 1417 674 1455 in
709 1430 792 1455 rem
821 1416 893 1456 nisi
920 1416 1228 1467 consensissent,
1257 1422 1383 1454 metus
1411 1422 1493 1454 erat
1520 1414 1774 1465 certissimus,
1802 1420 1843 1453 vt
1871 1414 2102 1453 conuenisse

175 1482 266 1509 cum
310 1477 462 1520 extero,
503 1469 670 1508 maxime
711 1473 805 1509 vero
835 1482 924 1509 cum
953 1471 1092 1521 Gallo,
1121 1468 1368 1508 odiosissimo
1397 1469 1473 1507 iarn
1504 1468 1597 1506 olim
1626 1470 1682 1517 (vt
1710 1467 1764 1505 illi
1791 1466 1962 1516 aiebant)
1990 1467 2102 1505 hoste

175 1523 407 1562 dicerentur.
449 1522 604 1561 Scilicet
645 1530 831 1574 tanquam
873 1523 903 1562 si
939 1529 1005 1561 aut
1032 1536 1105 1573 ego
1134 1521 1304 1561 consiliis
1333 1523 1381 1561 de
1410 1522 1546 1572 repub.
1575 1520 1779 1560 adhiberer
1805 1522 1829 1558 a
1856 1519 2101 1569 Principibus

175 1576 312 1615 exteris
353 1578 468 1625 (quae
508 1575 670 1614 consilia
699 1588 852 1626 semper
879 1576 1003 1626 refugi
1030 1588 1182 1615 memor
1209 1574 1425 1614 vocationis
1453 1586 1564 1613 meae
1593 1572 1899 1624 diligentissime)
1928 1573 1963 1611 &
1992 1572 2102 1611 emis-

175 1628 294 1668 sarius
337 1635 453 1678 atque
493 1628 753 1667 incendiarius
781 1629 820 1667 in
848 1629 1026 1679 Belgium
1049 1628 1297 1678 immitterer,
1324 1635 1391 1666 aut
1419 1627 1472 1666 illi
1500 1641 1547 1666 ex
1573 1626 1677 1666 vnici
1705 1625 1840 1676 capitis
1864 1625 1942 1664 mei
1969 1626 2099 1664 defen-

175 1681 283 1721 sione
324 1681 542 1732 potuissent
581 1681 709 1720 euinci
748 1681 849 1720 illius
890 1682 1075 1721 criminis.
1118 1682 1196 1720 Sed
1233 1681 1285 1720 ita
1326 1680 1510 1720 discindit
1552 1681 1667 1718 Satan
1710 1679 1825 1718 etiarn
1867 1679 2022 1729 bonos,
2063 1685 2104 1716 vt

175 1733 558 1785 coagmentationem
600 1734 743 1774 Christi
784 1737 910 1774 soluat
950 1735 1050 1774 inter
1092 1734 1242 1773 omneis
1282 1733 1369 1784 pios
1411 1747 1458 1772 ex
1487 1733 1622 1784 quauis
1650 1739 1765 1784 gente
1792 1731 2102 1782 procurandam:

174 1799 293 1837 quam
320 1787 497 1826 fraudem
524 1788 753 1838 plerumque
781 1801 862 1827 non
890 1787 1235 1827 animaduertimus
1264 1786 1428 1838 stollidi,
1455 1794 1520 1826 aut
1549 1786 1666 1825 etiam
1693 1784 1829 1824 inuidi.
1871 1786 1974 1823 Turn
2002 1795 2102 1823 sum-

175 1852 261 1879 mus
289 1842 511 1879 Praefectus
539 1840 764 1892 Flandriae,
792 1840 986 1880 Dominus
1015 1841 1064 1879 de
1093 1839 1420 1891 VVackenheim,
1437 1840 1556 1879 semel
1570 1838 1782 1889 hospitium
1796 1848 1928 1877 meum
1941 1850 2103 1887 vespere

172 1893 368 1944 ingressus
409 1900 488 1944 est,
516 1900 558 1932 vt
585 1907 647 1932 me
675 1895 778 1932 clam
807 1894 1180 1944 comprehenderet,
1207 1904 1329 1944 quum
1357 1892 1422 1931 vix
1449 1900 1538 1931 ante
1565 1893 1705 1931 horam
1733 1892 1934 1930 Bruxellas
1964 1890 2104 1930 disces-

174 1958 283 1985 surus
311 1945 514 1985 exiuissem
542 1947 647 1986 loco.
676 1948 806 1986 Semel
833 1958 954 1997 quum
983 1947 1032 1985 de
1060 1947 1343 1997 prehendendo
1371 1959 1435 1984 me
1463 1952 1571 1985 extra
1599 1951 1756 1984 coetum
1785 1945 1820 1982 &
1842 1943 2104 1994 frequentiam

172 1999 309 2049 populi
336 2001 558 2039 Praefectus
591 2000 696 2039 idem
725 2000 935 2051 cogitaret,
963 1999 1203 2051 promulgari
1229 1999 1356 2050 iussit,
1389 1999 1528 2049 nequis
1555 1997 1712 2049 nauigio
1740 1997 1792 2036 ad
1822 1996 2102 2036 Carthusianos

173 2052 254 2102 (hic
295 2053 540 2091 suburbanus
581 2053 711 2103 locus,
755 2052 822 2092 vbi
851 2053 1064 2092 conciones
1092 2052 1230 2092 haberi
1257 2052 1411 2103 solitae)
1439 2052 1580 2103 exiret,
1609 2050 1828 2102 speciosam
1856 2049 2106 2089 occasionem

175 2111 354 2144 causatus
381 2104 596 2156 interdicti,
624 2118 674 2144 ne
703 2106 803 2144 forte
830 2107 908 2145 hoc
935 2112 1138 2157 praetextu
1165 2119 1272 2144 arma
1301 2112 1596 2156 exportarentur
1623 2104 1662 2142 in
1692 2102 1930 2142 concionum
1957 2104 2105 2142 locum.

174 2159 221 2196 Id
262 2165 391 2196 autem
431 2157 621 2197 insolente
661 2160 760 2198 hora
799 2159 870 2197 fuit
910 2161 1222 2210 promulgatum,
1264 2170 1342 2209 quo
1385 2165 1567 2208 tempore,
1597 2157 1702 2207 apud
1729 2158 1887 2195 Petrum
1916 2156 1964 2194 de
1990 2155 2106 2204 Rijck

174 2211 478 2250 Gandauensem
519 2211 771 2250 Aduocatum
812 2213 1059 2251 sumebamus
1101 2211 1322 2263 prandium.
1363 2213 1503 2250 Parato
1544 2212 1595 2249 ad
1622 2208 1907 2260 profectionem
1930 2208 2106 2259 nauigio,

173 2263 321 2314 aliquid
349 2263 463 2302 nobis
491 2264 541 2303 de
571 2263 778 2303 interdicto
806 2265 1066 2315 significatum
1095 2272 1169 2304 est:
1201 2264 1265 2303 hic
1294 2266 1421 2304 bonus
1447 2264 1506 2303 vir
1534 2276 1693 2314 negare,
1729 2264 1844 2301 hanc.
1872 2275 1910 2301 n.
1935 2273 2107 2312 pronun-

174 2316 322 2355 ciandis
350 2316 564 2355 interdictis
591 2318 730 2357 horam
757 2318 991 2358 insolentem
1019 2331 1115 2357 esse.
1143 2320 1232 2356 Hac
1246 2318 1339 2369 itaq.
1355 2317 1497 2356 fiducia
1512 2323 1690 2366 receptae
1704 2316 1810 2366 apud
1826 2316 2110 2354 Gandauenses

175 2369 486 2421 consuetudinis,
526 2369 665 2409 iubeor
705 2370 904 2421 nauigium
947 2372 1230 2410 conscendere.
1270 2371 1527 2410 Prouehimur
1567 2370 1618 2409 ad
1654 2371 1801 2408 fossam
1829 2368 1936 2407 vrbis
1963 2379 2110 2417 vsque,

174 2435 306 2461 aream
333 2422 679 2462 Carthusianorum
709 2423 877 2474 petituri.
904 2427 1058 2463 Interea
1085 2425 1136 2463 ad
1149 2431 1305 2475 portam
1320 2423 1427 2474 opidi
1442 2424 1679 2463 obseruabat
1693 2422 1742 2460 de
1756 2428 1876 2472 ponte
1890 2422 2110 2459 Praefectus

174 2475 259 2526 ille,
289 2481 439 2514 armato
467 2476 646 2515 satellitio
675 2477 711 2514 &
738 2488 949 2516 numeroso
977 2477 1204 2516 instructus:
1234 2477 1301 2527 qui
1328 2480 1348 2516 e
1375 2477 1593 2527 longinquo
1620 2475 1756 2514 videns
1770 2474 1821 2513 ad
1836 2474 1960 2526 ripam
1975 2483 2109 2512 occur-

174 2527 222 2566 rit
249 2527 378 2567 nobis.
393 2530 495 2587 ‘Hac
522 2542 564 2567 re
591 2529 760 2579 perculsi
786 2543 923 2570 omnes
946 2530 1070 2569 nostri
1092 2531 1141 2569 de
1164 2542 1226 2568 me
1243 2531 1372 2579 mus(f.
1394 2533 1576 2581 17.)sant,
1591 2528 1685 2580 quid
1701 2541 1763 2566 me
1779 2527 1919 2566 misero
1935 2527 2106 2565 futurum

173 2588 294 2632 esset,
336 2581 431 2631 qu1d
472 2581 554 2620 fieri
581 2585 604 2620 a
632 2595 673 2621 se
701 2590 898 2633 oporteat:
927 2596 1001 2634 ego
1026 2586 1118 2622 vero
1148 2595 1223 2634 ope
1249 2583 1326 2622 Dei
1353 2585 1471 2622 fretus
1499 2583 1616 2622 iubeo
1645 2588 1687 2620 vt
1712 2581 1822 2619 bono
1851 2579 1982 2619 animo
2010 2578 2104 2630 sint,

172 2644 273 2682 quae
315 2633 607 2683 imperabuntur
647 2635 809 2686 faciant,
853 2635 948 2674 nihil
989 2637 1169 2675 laborent
1209 2636 1258 2674 de
1286 2649 1371 2685 me,
1398 2649 1472 2675 nec
1499 2636 1550 2674 ad
1577 2648 1641 2674 me
1668 2633 1849 2684 respiciat
1876 2632 2100 2684 quisquam,

172 2686 340 2737 denique
381 2686 433 2724 ita
474 2699 515 2726 se
542 2695 677 2737 gerant
704 2688 843 2739 singuli
870 2696 911 2727 vt
937 2689 969 2728 si
995 2690 1172 2728 abessem
1201 2689 1304 2728 1060.
1332 2691 1387 2727 Vt
1413 2688 1573 2740 propius
1600 2687 1849 2737 aduenimus,
1878 2686 2101 2724 Praefectus

173 2752 315 2790 magna
350 2752 450 2778 voce
491 2741 734 2780 contendens
772 2748 902 2792 rogat,
930 2755 1062 2781 annon
1091 2742 1140 2781 de
1168 2742 1376 2781 interdicto
1405 2739 1692 2781 audiuerimus?
1720 2751 1788 2778 cur
1816 2751 1910 2830 eggo
1936 2737 2101 2829 lnauigio

1865 2803 1935 2831 eue
1965 2801 2093 2829 amur.
