2334 3020
955 102 1353 134 PRAEFATIO.
2028 94 2129 132 XVIT

184 221 414 262 brationes
445 219 706 274 reipublicae
739 219 981 260 litterarum
1009 220 1050 260 in
1078 219 1427 261 communiorem
1453 218 1794 271 suppeditavisse
1823 229 1968 265 usum3
1997 230 2131 269 quum

185 288 303 323 certo
339 288 490 322 tamen
517 281 676 322 certius
704 286 894 330 constet,
922 295 1073 321 eorum
1102 279 1548 321 Sanct-Andreanam
1567 279 1801 319 editionem
1828 276 1931 317 nihil
1956 290 2133 329 prorsus

184 343 301 385 aliud
330 357 425 384 esse
459 355 594 395 quam
622 341 900 382 emissionem
933 342 974 381 in
1004 341 1240 382 Germania
1271 341 1438 394 aliquot
1470 340 1734 381 Genevensis
1759 338 1960 379 editionis
1988 352 2134 378 exem-

185 404 388 458 plarium,
429 402 517 443 alio
550 408 808 443 ornatorum
850 402 997 451 titulo,
1040 403 1419 456 adauctorumque
1454 401 1714 455 quibusdam
1749 399 1857 440 Iunii
1891 399 2132 440 anecdotis.

183 464 362 506 Scilicet
384 477 472 504 non
497 469 670 504 tanturn
693 462 865 514 similia,
893 465 971 504 sed
989 464 1144 504 eadem
1162 477 1337 517 prorsus
1353 469 1418 503 est
1435 475 1618 516 operum
1636 460 1744 501 Iunii
1762 460 1880 514 typis
1898 461 2133 513 expressio.

182 526 286 566 Non
326 524 571 566 adulterina
603 525 693 565 sive
725 525 978 577 supposita,
1024 531 1069 565 at
1104 524 1251 565 fucosa
1285 524 1466 564 omnino
1500 523 1723 576 fallaxque
1755 521 1900 562 editio.
1938 520 2132 562 Eaedem

184 586 350 640 quippe
383 585 625 626 litterarum
661 591 806 634 notae,
840 592 932 625 tam
963 585 1172 632 minutae,
1207 599 1339 638 quam
1371 585 1615 634 maximae;
1649 583 1803 624 eadem
1831 581 2135 622 columnarum

182 647 641 699 lineamentorumque
675 646 848 694 incisio;
894 660 972 687 nec
1010 646 1215 687 differunt
1249 646 1626 695 abbreviationes;
1663 658 1804 697 neque
1837 642 2004 683 diversa
2037 650 2139 684 sunt

185 707 459 748 Graecorum
492 713 704 760 typorum
732 713 808 747 aut
842 706 1163 748 Hebra'i'corum
1193 707 1477 760 compendia·,
1513 708 1625 756 imo,
1661 705 1781 758 quod
1815 704 1973 745 certius
2005 705 2137 744 etiam

180 768 346 809 fraudis
380 766 710 808 Commelianos
744 768 919 818 evincit,
955 767 1255 821 sphalmatum
1279 782 1454 821 quoque
1483 768 1524 807 in
1554 773 1737 819 utraque
1762 765 1954 806 editione
1981 766 2136 806 eadem

183 829 316 883 plane
347 827 500 879 facies;
536 829 594 870 ita
626 836 672 870 ut
690 835 734 869 et
763 829 1039 882 apiculorum
1064 829 1383 869 levissimorum
1402 828 1657 875 differentia,
1677 828 1916 867 litterarum
1936 826 2138 878 pinguior

182 890 406 932 tenuiorve
451 891 634 940 ductus,
679 891 784 943 quin
826 890 913 930 imo
953 895 1160 942 typorum
1209 890 1535 936 detrimentum,
1579 888 1812 937 obturatio,
1848 887 2138 927 redundantia

182 951 419 1004 utrobique
454 965 508 991 ne
541 951 609 992 vel
643 950 781 991 hilum
810 951 865 991 ab
899 950 1035 990 altera
1068 951 1260 991 editione
1277 951 1466 992 recedat.
1495 949 1738 990 Columnae
1763 949 1962 999 1—1785
1985 948 2137 1000 prioris

184 1018 231 1053 ut
258 1018 302 1053 et
330 1011 565 1052 columnae
606 1020 810 1063 1-—1574
837 1011 1088 1065 posterioris
1122 1010 1381 1060 voluminis,
1417 1010 1568 1064 quales
1602 1011 1644 1050 in
1672 1010 1864 1051 editione
1891 1007 2136 1049 Gencvensi

181 1073 470 1127 reperiuntur,
490 1073 601 1114 tales
619 1086 796 1126 quoque
831 1073 977 1125 ipsum
1012 1085 1175 1125 corpus
1207 1072 1414 1113 editionis
1440 1071 1829 1124 Heidelbergensis
1855 1069 2135 1111 constituunt.

181 1133 314 1188 Quod
349 1135 528 1174 interest
559 1134 671 1175 inter
703 1140 934 1186 utramque
968 1134 1206 1174 editionem
1236 1132 1322 1173 huc
1354 1133 1488 1174 redit:
1539 1142 1595 1172 10.
1633 1145 1745 1172 nova
1773 1137 1838 1171 est
1872 1132 1915 1171 in
1948 1131 2137 1172 editione

184 1194 566 1249 Heydelbergensi
598 1194 709 1236 tituli
743 1194 933 1247 pagina;
986 1203 1046 1234 20.
1082 1193 1280 1247 praefixa
1313 1200 1378 1234 est
1411 1193 1597 1247 epistola
1631 1192 1919 1241 dedicatoria3
1957 1200 2017 1243 30.
2048 1193 2137 1233 vita

182 1256 291 1297 Iunii
318 1270 375 1296 ex
409 1255 588 1296 introitu
621 1254 855 1296 voluminis
881 1255 1035 1308 prioris
1067 1255 1110 1294 in
1141 1254 1430 1308 propylaeum
1464 1254 1712 1307 posterioris
1751 1252 1880 1293 Tomi
1910 1253 2135 1306 migravit3

184 1327 245 1366 40.
280 1317 434 1359 addita
465 1322 580 1365 sunt,
616 1330 731 1356 nova
765 1315 1037 1369 pagellorum
1070 1316 1193 1363 serie,
1223 1316 1265 1355 in
1292 1316 1469 1356 introitu
1499 1315 1652 1368 prioris
1676 1313 1910 1355 voluminis
1935 1319 2140 1367 quattuor

186 1379 431 1426 orationes,
471 1391 580 1430 quas
614 1377 761 1417 Iunius
795 1375 971 1426 habuit3
1005 1390 1046 1417 a.
1080 1377 1133 1417 de
1164 1375 1345 1430 linguae
1366 1376 1596 1417 Hebraeae
1630 1375 1892 1428 antiquitate
1925 1388 1978 1415 ac
2012 1388 2140 1428 prae-

182 1438 368 1487 stantia;
401 1437 436 1478 b.
471 1439 527 1479 de
561 1437 854 1492 promissione
886 1443 927 1478 et
959 1436 1133 1478 foedere
1166 1438 1361 1491 gratioso
1388 1437 1471 1478 Dei
1489 1451 1590 1478 cum
1610 1436 1817 1486 ecclesia3
1842 1450 1873 1475 c.
1895 1435 1948 1476 de
1966 1436 2139 1477 foedere

180 1505 228 1540 et
261 1505 527 1540 testamento
558 1499 600 1539 in
633 1499 768 1540 veteri
803 1498 1012 1548 ecclesia3
1048 1505 1092 1539 et
1123 1498 1165 1538 cl.
1199 1498 1254 1539 de
1288 1498 1505 1539 adiunctis
1538 1498 1646 1552 legis
1678 1504 1721 1538 et
1752 1496 1949 1551 partibus
1982 1498 2140 1538 veteris

178 1559 452 1601 Testamenti
468 1574 477 1611 3
505 1560 566 1615 [in
585 1559 670 1600 fine
688 1559 818 1600 Tomi
838 1559 991 1613 prioris
1010 1560 1096 1599 iam
1115 1559 1350 1612 adspersae
1367 1565 1491 1600 erant
1507 1559 1673 1600 Theses
1692 1557 2143 1612 Heydelbergenses].

178 1627 222 1662 et
253 1630 314 1673 50.
343 1621 400 1662 ad
429 1620 598 1662 calcem
625 1621 756 1661 Tomi
784 1620 1035 1674 posterioris
1064 1620 1145 1660 sub
1173 1634 1288 1661 novo
1307 1621 1434 1662 titulo
1452 1621 1625 1662 tertium
1644 1633 1819 1673 quoque
1836 1633 2063 1660 annexum
2081 1626 2146 1660 est

178 1682 409 1732 volumen,
453 1683 610 1724 eadem
644 1688 793 1723 tamen
827 1682 1091 1735 paginarum
1125 1682 1233 1722 serie
1267 1683 1529 1735 procedens,
1570 1695 1672 1722 cum
1705 1694 1786 1721 suo
1818 1679 2142 1734 typographiae

177 1743 444 1784 emblemate
494 1749 538 1784 et
580 1743 696 1784 hanc
739 1749 922 1796 portans
970 1743 1337 1796 inscriptionem:
1389 1743 1491 1795 „Ex
1529 1742 1702 1784 officina
1742 1740 2139 1782 Sanct-Andreana

178 1803 416 1854 MDCIX”,
446 1818 534 1858 quo
559 1805 851 1853 continentur,
890 1818 931 1846 a.
955 1803 1377 1846 Animadversiones
1406 1806 1448 1844 in
1480 1804 1660 1844 Roberti
1690 1803 1942 1843 Bellarmini
1968 1808 2139 1843 contro-

177 1866 362 1906 versiam
394 1865 658 1919 septimam,
685 1865 740 1906 de
767 1864 954 1906 ecclesia
980 1865 1294 1919 triumphanti,
1323 1866 1414 1906 sive
1428 1866 1485 1906 de
1503 1865 1642 1918 gloria
1661 1870 1704 1905 et
1720 1863 1838 1905 cultu
1857 1870 2137 1912 sanctorum,

177 1932 220 1967 et
252 1927 289 1969 b.
323 1924 606 1980 Specularius
639 1932 788 1967 contra
821 1926 1119 1968 Gebhardum.
1169 1926 1428 1967 Notandum
1453 1927 1642 1980 denique
1670 1926 1842 1966 duobus
1869 1925 1989 1966 hisce
2016 1924 2139 1965 volu-

183 1987 373 2028 minibus
416 1993 459 2028 et
495 1987 678 2030 dimidio
710 1987 918 2028 volumini
952 2002 978 2028 a
1005 1986 1321 2028 Commelianis
1353 1988 1510 2029 eodem
1544 2001 1658 2028 anno
1690 1985 1887 2027 MDCIX
1919 1987 2141 2027 adiectum

179 2048 310 2090 fuisse
341 2049 520 2090 tertium
552 2049 644 2090 sive
677 2055 901 2103 quartum,
937 2049 1137 2102 quamvis
1165 2049 1419 2102 parvulum,
1454 2049 1685 2096 volumen,
1720 2047 1835 2088 hunc
1858 2061 2013 2101 gerens
2041 2048 2139 2087 titu-

180 2109 306 2150 lum:
350 2109 604 2161 „Francisci
651 2109 759 2150 Iunii
802 2110 1008 2164 Biturigis
1051 2111 1368 2151 commentaria
1411 2111 1453 2150 in
1503 2108 1809 2163 Jechezkelem
1855 2108 2138 2162 Prophetam.

182 2184 298 2211 nunc
331 2171 519 2224 primurn
545 2171 588 2211 in
621 2170 764 2211 lucem
793 2177 894 2224 post
918 2172 1104 2212 auctoris
1128 2171 1297 2212 obitum
1326 2172 1504 2221 emissa;
1540 2170 1704 2211 lemma
1737 2169 2064 2219 Commeliana3
2097 2170 2140 2210 in

181 2230 445 2285 bibliopolio
493 2231 800 2273 Commeliano
835 2230 1075 2273 MDCIX”.
1125 2231 1366 2273 Ordinibus
1407 2232 1575 2273 Frisiae
1614 2232 1730 2272 hunc
1775 2231 2138 2272 commentarium

179 2293 341 2334 dicavit
369 2293 557 2334 Ioannes
581 2292 817 2334 Casimirus
845 2294 1009 2343 Iunius,
1045 2293 1266 2335 Francisci
1284 2293 1410 2334 filius.
1443 2292 1612 2348 Expiet
1629 2293 1892 2347 paginarum
1912 2306 2139 2332 numerum

184 2354 538 2396 trecentesimum
571 2355 919 2409 nonagesimum.

238 2414 335 2456 XII.
397 2415 570 2469 Quodsi
602 2416 699 2469 quis
732 2421 836 2470 post
867 2417 986 2458 dicta
1017 2416 1272 2456 etiamnunc
1301 2415 1552 2465 haesitaret,
1589 2414 1916 2456 Commelianos
1944 2414 2139 2467 spuriam

184 2476 315 2517 istam
361 2481 648 2530 procurantes
690 2477 930 2518 editionem
973 2478 1015 2517 in
1060 2476 1221 2518 fraudis
1260 2475 1621 2530 fallaciarumque
1660 2490 1817 2517 vocare
1852 2474 2143 2515 insimulatio-

179 2551 304 2588 nem,
337 2537 372 2578 is
397 2537 598 2591 inspiciat
624 2537 755 2579 velim
790 2538 902 2578 Iunii
929 2539 984 2580 ad
1016 2538 1334 2591 praelectiones
1362 2538 1404 2578 in
1436 2538 1518 2578 tria
1551 2538 1696 2592 priora
1731 2537 1954 2578 Geneseos
1988 2536 2136 2589 capita

179 2597 513 2652 praefationem.
546 2597 777 2640 Scilicetin
791 2598 1038 2640 Genevensi
1052 2599 1243 2640 editione
1255 2599 1363 2640 haec
1376 2598 1604 2653 praefatio,
1627 2605 1672 2639 ut
1685 2598 1748 2639 fas
1762 2604 1866 2647 erat,
1888 2598 1929 2638 in
1944 2598 2135 2650 ipsarum

182 2658 527 2713 praelectionum
546 2660 848 2703 collocabatur
871 2661 1065 2709 introitu;
1093 2662 1152 2701 ita
1176 2666 1234 2710 ut,
1263 2660 1459 2701 medium
1479 2661 1589 2701 inter
1609 2659 1719 2700 Iunii
1741 2660 1877 2700 vitam
1897 2658 2140 2699 Geneseos-

184 2735 269 2775 que
290 2720 609 2775 praelectiones
636 2722 792 2764 sortita
819 2721 988 2771 locum,
1024 2722 1167 2763 eidem
1186 2722 1398 2776 impressa
1417 2722 1662 2763 inveniatur
1689 2721 1858 2769 scidae,
1896 2733 2008 2773 quae
2028 2718 2137 2758 Iunii

1953 2779 2138 2821 exhibet
