2334 3020
197 80 273 128 482
911 88 1180 119 EIRENICI
1222 90 1361 120 PARs
1403 88 1448 120 ii.

195 199 354 247 quidem
394 196 581 235 similibus
624 197 850 247 illustrauit,
896 198 1036 236 deinde
1080 213 1171 237 vero
1201 201 1424 238 necessaria
1454 199 1787 241 demonstratione
1816 198 2073 242 confirmauit.
2103 199 2136 241 E

197 251 337 300 quibus
373 249 510 288 similia
544 261 658 289 versu
696 250 869 289 secundo
907 253 942 289 δι
971 258 1079 301 parte
1108 253 1230 302 tertij,
1267 253 1551 292 demonstratio
1581 257 1674 292 vero
1702 253 1854 304 reliquo
1882 267 1996 294 versu
2024 255 2136 294 tertio

196 309 479 353 proponuntur.

248 357 349 394 Cum
387 362 517 394 autem
554 355 836 407 propositionis
874 356 973 396 illius
1003 358 1082 396 duo
1111 360 1288 397 membra
1314 360 1531 398 habeantur
1556 360 1608 398 ad
1637 360 1958 400 communionem
1985 367 2137 400 sancto-

194 421 279 447 rum
307 409 539 459 spectantia:
586 421 754 459 quorum
783 421 902 448 vnum
932 417 991 450 est
1017 411 1339 450 communionem
1361 412 1466 450 illam
1493 414 1641 451 bonam
1671 426 1776 465 esse3
1804 415 1981 462 alterum,
2019 414 2135 453 etiam

194 462 406 501 iucundam
434 476 541 502 esse:
576 463 702 502 visum
731 469 788 501 est
816 464 1037 514 Prophetae
1065 471 1272 514 Vtrumque
1300 467 1520 504 membrum
1550 478 1641 505 suae
1656 467 1935 517 propositionis
1947 467 2136 506 illustrare

194 515 457 555 similitudine.
487 518 624 565 Itaque
652 516 731 554 duo
761 516 901 555 similia
930 525 1038 557 certo
1067 517 1231 557 consilio
1259 519 1336 557 huc
1365 521 1519 557 fuerunt
1546 521 1686 558 allata:
1714 531 1856 571 vnum,
1885 533 1966 570 quo
1981 522 2131 560 bonum

194 569 482 608 communionis
510 569 631 620 illius,
659 570 822 608 alterum
851 581 930 620 quo
957 571 1176 610 iucunditas
1205 573 1240 610 δε
1269 572 1436 611 suauitas
1465 572 1638 611 eiusdem
1667 572 1921 622 subijceretur
1946 574 2136 623 quodam-

194 622 314 660 modo
341 622 380 660 in
410 622 533 660 oculis
563 622 753 661 omnium.
783 624 886 672 Ve(f.
921 627 1247 676 751)rumtamen,
1276 625 1385 674 quod
1412 625 1452 663 in
1476 639 1588 664 more
1615 627 1719 676 apud
1743 628 1950 666 Hebraeos
1965 626 2136 676 positum

195 676 321 725 est,&
350 675 599 714 vetustissimi
626 675 772 725 quique
800 683 982 716 auctores
997 678 1296 728 grauissimique
1310 679 1361 716 ad
1377 679 1699 718 commoditatem
1715 680 1909 719 iuuandae
1925 680 2137 718 memoriae

194 730 472 780 obseruarunt,
501 730 670 767 duarum
698 728 866 779 partium
895 730 1048 769 illarum
1076 732 1363 782 expositionem
1390 732 1552 770 adhibet
1579 732 1768 772 similibus
1787 733 1924 784 ῧςερον
1939 732 2135 783 πρότερονῑ

191 781 359 831 primurn
387 782 437 820 de
464 782 700 821 amoenitate
728 784 763 820 δε
792 783 980 823 suauitate
1009 784 1299 824 communionis
1327 785 1498 824 dicendo
1526 799 1595 836 per
1624 786 1915 825 similitudinem
1945 787 2044 824 illius
2060 786 2135 823 olei

192 835 274 872 siue
301 835 488 885 vnguenti
518 835 710 874 vnctionis
739 835 799 888 (vt
826 836 865 874 in
893 838 980 888 lege
1008 839 1241 888 appellatur)
1270 838 1380 876 cuius
1411 840 1680 878 confecturam
1707 841 1840 878 Moses
1865 852 1912 877 ex
1926 845 2137 889 praecepto

193 888 267 926 Dei
302 889 470 939 priscam
504 889 721 927 Ecclesiam
758 889 946 928 docuerat
983 891 1113 929 Exodi
1149 904 1213 940 30.
1251 891 1405 930 Deinde
1442 895 1536 931 vero
1565 893 1615 931 de
1642 893 1818 932 bonitate
1847 891 2137 930 communionis

194 941 318 991 illius,
346 948 544 992 assumpta
573 942 727 991 pluuiae
758 943 794 979 ἃ
823 943 921 982 roris
950 944 1127 983 caelestis
1154 944 1418 984 similitudine.

246 996 430 1033 Potuerat
456 995 624 1044 squidem
661 994 822 1045 Spiritus
850 997 926 1036 Dei
953 998 1003 1035 ad
1030 998 1107 1036 hoc
1135 1005 1409 1048 argumentum
1438 998 1531 1037 alias
1546 998 1850 1048 probationes&
1866 997 2137 1037 illustrationes

195 1058 352 1097 quoque
379 1048 587 1100 adhibere,
617 1048 697 1087 siue
727 1049 913 1099 exemplis
941 1050 1100 1089 aliunde
1127 1051 1275 1102 petitis,
1305 1052 1385 1090 siue
1413 1051 1630 1091 rationibus
1659 1066 1705 1091 ex
1732 1059 1868 1090 natura
1895 1052 2022 1090 ductis
2038 1062 2137 1100 quae

194 1102 298 1150 apud
339 1108 518 1140 auctores
561 1103 683 1140 ferme
724 1102 950 1142 innumeros
993 1105 1042 1143 de
1086 1106 1194 1143 bono
1223 1104 1331 1155 pacis
1359 1106 1627 1155 frequentatae
1654 1113 1754 1144 sunt.
1783 1107 1988 1144 Praeterea
2016 1117 2064 1142 ex
2093 1104 2137 1142 iis

193 1153 307 1192 bonis
344 1166 444 1204 quae
484 1155 532 1193 de
574 1156 744 1194 humana
784 1169 881 1206 pace
923 1157 1215 1209 praedicantur,
1245 1165 1399 1208 poterat
1427 1159 1644 1197 secundum
1670 1160 1870 1209 quandam
1898 1157 2136 1207 analogiam,

194 1219 294 1256 quae
335 1210 358 1245 a
399 1208 680 1258 temporalibus
722 1209 774 1247 ad
815 1216 973 1248 aeterna
1005 1212 1237 1250 obseruatur
1274 1211 1502 1263 plurimum,
1540 1211 1810 1251 excellentiam
1851 1214 2046 1250 fructuum
2089 1224 2137 1249 ex

197 1260 328 1299 diuina
339 1261 402 1299 illa
431 1261 630 1300 Ecclesiae
659 1275 757 1312 pace
786 1263 1031 1302 nascentium
1057 1265 1275 1303 ostendere.
1306 1265 1383 1303 Sed
1412 1265 1661 1305 commodius
1690 1265 1816 1304 visum
1846 1272 1904 1304 est
1919 1265 2136 1314 Prophetae

194 1326 241 1351 ex
285 1327 326 1352 re
355 1321 556 1364 praesente
586 1318 642 1364 (vt
671 1315 723 1353 ita
751 1316 942 1365 dicamus)
971 1317 1241 1356 similitudines
1271 1330 1467 1357 assumere
1495 1319 1545 1356 ad
1575 1318 1793 1369 argumenti
1821 1317 1935 1357 huius
1964 1319 2134 1356 declara-

194 1367 363 1419 tionem,
400 1370 518 1417 quam
555 1370 672 1419 longe
714 1382 778 1407 eas
811 1382 1032 1409 arcessere:
1062 1373 1097 1409 δι
1126 1379 1241 1421 prout
1282 1371 1322 1410 in
1351 1372 1477 1422 prisca
1506 1372 1683 1411 Ecclesia
1712 1372 1946 1410 Iudaeorum
1975 1371 2135 1421 agebat,

192 1420 246 1457 ita
284 1422 400 1459 rebus
441 1433 541 1471 quae
585 1429 674 1460 ante
717 1424 853 1461 oculos
897 1425 958 1462 vel
1001 1423 1150 1463 minimi
1192 1424 1380 1475 cuiusque
1409 1427 1663 1464 versabantur
1692 1425 1730 1463 in
1761 1424 1939 1464 Ecclesia
1968 1424 2053 1473 illa,
2082 1424 2136 1461 vti

192 1474 512 1513 commodissime
553 1474 603 1512 ad
646 1475 940 1514 illustrationem
981 1478 1179 1516 bonorum
1220 1490 1318 1528 quae
1360 1480 1466 1517 Deus
1508 1478 1547 1516 in
1575 1478 1791 1518 Ecclesiam
1821 1480 1974 1517 confert
2004 1477 2133 1515 colen-

192 1533 271 1564 tem
299 1526 418 1576 pacis.

244 1581 400 1618 Horum
426 1587 556 1619 autem
585 1580 768 1620 similium
796 1583 876 1620 duo
905 1589 995 1621 sunt
1021 1597 1188 1634 genera:
1218 1584 1323 1635 prius
1353 1585 1456 1624 enim
1481 1585 1682 1624 Ecclesiae
1708 1584 1809 1623 illius
1840 1583 2030 1635 singulare
2055 1589 2134 1632 est,

191 1639 388 1683 sumptum
429 1634 479 1672 ab
520 1633 695 1673 instituto
734 1635 889 1674 diuinae
911 1637 1080 1689 gratiae,
1110 1638 1302 1687 posterius
1330 1650 1541 1677 commune
1566 1645 1642 1689 est,
1669 1641 1692 1676 a
1719 1645 1879 1676 naturae
1909 1636 2065 1675 ordine:
2095 1644 2135 1674 vt

190 1687 263 1724 hac
304 1686 453 1725 ratione
495 1699 631 1726 omnes
672 1687 723 1738 pij
766 1689 952 1739 sentiant,
993 1691 1029 1728 δε
1070 1690 1228 1730 videant
1271 1692 1387 1730 etiam
1417 1691 1643 1742 ignorantes
1672 1691 1766 1742 Dei,
1796 1703 1896 1741 quac
1925 1691 2031 1729 bona
2060 1689 2136 1727 sint

190 1740 431 1789 expectanda
468 1742 490 1777 a
526 1740 723 1791 Domino,
762 1741 792 1779 si
833 1742 1013 1781 homines
1041 1757 1179 1793 pacem
1210 1745 1422 1783 coluerint:
1453 1747 1543 1783 cum
1572 1745 1608 1782 &
1635 1758 1704 1795 per
1732 1744 1897 1795 gratiam
1926 1745 2034 1781 Deus
2061 1750 2134 1781 tes-

191 1799 309 1831 tatam
349 1792 483 1832 fecerit
524 1795 766 1832 voluntatem
808 1806 917 1833 suam
960 1797 1158 1836 Ecclesiae
1200 1810 1314 1848 suae,
1358 1799 1394 1836 ἃ
1423 1811 1493 1848 per
1520 1805 1700 1836 naturam
1728 1797 1898 1847 aliquem
1926 1795 2136 1835 voluntatis

189 1857 345 1885 sensum
374 1846 557 1885 omnibus
585 1847 632 1885 sit
659 1847 888 1897 impertitus.
917 1849 1026 1888 Prius
1055 1849 1179 1889 simile
1211 1853 1261 1890 ab
1290 1851 1466 1890 instituto
1495 1851 1570 1889 Dei
1600 1854 1635 1889 δε
1664 1851 1939 1890 obseruatione
1972 1849 2132 1888 ecclesi-

189 1899 307 1937 astica
335 1906 555 1951 sumptum,
584 1901 808 1939 continetur
834 1903 1008 1941 secundo
1038 1915 1174 1954 versu,
1205 1903 1244 1942 in
1274 1916 1353 1954 quo
1384 1905 1580 1954 Propheta
1609 1904 1884 1943 amoenitatem
1914 1903 2014 1941 illius
2029 1915 2134 1940 com-

190 1952 385 1991 munionis
427 1959 652 1992 sanctorum
693 1962 897 2005 comparat
938 1964 1138 2006 vnguento
1166 1956 1220 1995 illi
1263 1957 1593 2007 praestantissimo
1634 1964 1751 2007 atque
1777 1956 2026 2005 suauissimo,
2055 1967 2134 2005 quo

187 2016 360 2044 summus
387 2007 569 2045 sacerdos
597 2007 692 2045 olim
722 2021 769 2046 ex
797 2009 883 2059 lege
912 2009 1107 2049 delibutus
1136 2017 1213 2049 est:
1243 2011 1434 2060 posterius
1463 2010 1503 2049 in
1533 2017 1641 2060 parte
1669 2011 1791 2061 priori
1818 2025 1856 2049 v.
1884 2024 1922 2060 3.

240 2060 286 2096 In
314 2059 444 2108 priore
472 2067 602 2098 autem
630 2060 744 2099 simili
774 2061 838 2099 hic
868 2062 968 2101 ordo
995 2063 1185 2102 tenendus
1213 2071 1290 2115 est,
1320 2070 1360 2102 vt
1389 2063 1560 2114 primum
1589 2064 1850 2115 intelligamus
1877 2069 2006 2113 partes
2023 2061 2134 2111 illius,

185 2110 327 2151 deinde
356 2116 448 2151 vero
478 2113 889 2153 accommodationem
919 2115 1074 2154 illarum
1104 2117 1273 2166 partium
1303 2117 1352 2155 ad
1380 2118 1458 2156 hoc
1486 2125 1759 2167 argumentum
1783 2117 1893 2166 quod
1921 2116 2058 2166 agitur.
2089 2116 2134 2151 In

186 2164 301 2202 simili
340 2165 411 2203 tria
449 2165 629 2205 distincte
663 2167 946 2206 obseruantur:
983 2169 1170 2220 primum,
1204 2170 1299 2219 quid
1327 2169 1374 2208 sit
1403 2170 1512 2220 quod
1540 2171 1659 2208 habet
1688 2182 1779 2208 cum
1807 2170 1872 2208 illa
1901 2168 2136 2207 amoenitate

188 2217 348 2267 spiritali
377 2218 669 2258 similitudinem
698 2220 925 2271 analogice:
965 2223 1170 2270 Secundo,
1201 2223 1287 2273 quis
1316 2223 1364 2261 sit
1390 2223 1441 2262 ad
1470 2235 1587 2273 quem
1616 2236 1677 2262 res
1705 2224 1771 2262 illa
1798 2222 2053 2273 perueniebat
2081 2220 2134 2260 in-

186 2271 318 2309 stituto
346 2271 446 2310 Dei:
492 2273 646 2322 Tertio,
676 2273 743 2323 qui
771 2285 861 2313 vsus
890 2276 925 2313 Sc
954 2276 1094 2315 modus
1124 2276 1285 2315 istarum
1313 2289 1443 2316 rerum
1465 2289 1513 2315 ex
1539 2276 1781 2327 praescripto
1811 2275 1900 2315 Dei.
1937 2274 2043 2324 Quid
2074 2273 2134 2322 sit,

186 2324 383 2373 Propheta
410 2325 577 2374 explicat
605 2326 740 2364 dicens
770 2327 819 2365 de
847 2334 1037 2376 vnguento
1067 2331 1128 2368 vel
1157 2332 1236 2368 oleo
1267 2332 1428 2380 optimo,
1457 2329 1895 2379 praestantissimoque:
1934 2330 1984 2366 ad
2013 2338 2131 2376 quem

185 2377 391 2428 pertineat,
433 2378 592 2428 exponit
632 2379 775 2419 iniecto
818 2381 1023 2420 Alzarom's
1066 2382 1225 2422 nomine
1270 2385 1306 2421 δι
1335 2383 1503 2433 partium
1530 2382 1642 2421 illius.
1677 2382 1756 2431 Qui
1783 2395 1873 2421 vsus
1902 2383 1938 2420 δε
1967 2381 2133 2430 modus,

185 2429 448 2481 demonstrat,
477 2433 568 2469 cum
597 2433 826 2482 superfundi
855 2441 986 2472 narrat
1015 2441 1132 2485 atque
1161 2437 1397 2476 descendere.

240 2484 300 2521 De
335 2491 533 2534 vnguento
570 2498 651 2523 non
690 2492 747 2524 est
777 2498 845 2525 cur
883 2487 1056 2527 dicamus
1091 2488 1244 2527 multis:
1282 2496 1365 2528 tum
1399 2489 1489 2539 quia
1528 2489 1618 2528 satis
1656 2488 1842 2539 expressit
1869 2490 2001 2526 Moses
2031 2497 2131 2535 quae

187 2536 299 2574 fuerit
330 2537 429 2575 illius
458 2538 556 2576 ratio
586 2539 714 2577 Exod.
744 2552 807 2589 30.
839 2553 899 2580 22.
928 2542 1001 2580 ὅτε.
1029 2548 1111 2580 tum
1139 2541 1229 2591 quia
1259 2542 1401 2581 nostris
1432 2543 1697 2593 temporibus,
1733 2543 1794 2581 vel
1822 2541 1951 2592 potius
1979 2548 2129 2589 tempo-

186 2600 271 2626 rum
313 2589 540 2639 plenitudini
583 2604 662 2630 non
707 2594 884 2644 expedit,
924 2601 963 2632 vt
1003 2595 1052 2633 de
1093 2608 1139 2633 ea
1177 2608 1219 2633 re
1248 2608 1487 2646 magnopere
1516 2596 1766 2635 laboremus:
1797 2606 1924 2644 neque
1953 2595 2045 2632 vero
2073 2597 2131 2629 est

185 2641 298 2679 huius
326 2642 500 2681 instituti.

238 2695 297 2732 De
324 2708 490 2745 persona
517 2696 579 2734 cui
606 2697 684 2735 hoc
712 2705 952 2748 vnguentum
980 2700 1260 2753 adhibebatur,
1289 2714 1337 2740 ex
1364 2701 1492 2741 verbis
1521 2703 1741 2752 Prophetae
1755 2707 1933 2740 constat:
1964 2698 2125 2750 quinon

183 2747 360 2786 Leuitam
389 2760 611 2798 quenquam
641 2750 890 2802 simpliciter,
924 2765 1005 2790 non
1034 2754 1297 2805 sacerdotem,
1327 2754 1396 2793 sed
1423 2757 1650 2793 Aharonem
1679 2754 1772 2793 dicit
1799 2753 2055 2801 nominatim3
2085 2751 2126 2788 id

2049 2810 2134 2854 est,
