2334 3020
863 95 1133 124 EIRENICI
1177 96 1318 123 PARS
1362 96 1386 122 1.
2019 96 2094 131 403

160 205 327 255 exempli
355 217 489 254 causa,
516 204 639 242 ciuilis
668 203 828 242 scientia
858 203 1013 242 militari
1041 210 1226 253 praestat,
1255 202 1344 252 quia
1373 201 1507 239 militia
1535 202 1586 238 ad
1616 201 1765 239 bonum
1794 200 1959 238 ciuitatis
1991 201 2097 237 ordi-

161 265 252 296 nata
279 265 348 296 est.
376 259 490 296 Haec
517 257 649 295 omnia
676 256 706 294 si
736 255 773 294 in
804 257 985 295 doctrina
1013 269 1122 295 sacra
1150 255 1330 305 religiose
1359 255 1647 304 expendamus,
1677 256 1712 292 δι
1740 266 1786 292 ea
1816 253 1898 302 ipsa
1913 264 2031 302 quam
2049 265 2098 290 ex

160 311 220 349 his
246 311 404 360 psalmis
431 311 535 359 (Deo
564 310 697 358 dante)
727 321 860 348 sumus
890 309 1131 360 percepturi3
1160 310 1268 347 Deus
1295 309 1423 357 bone,
1452 313 1637 357 quantam
1666 306 1895 357 dignitatem
1925 305 2099 343 maiesta-

159 368 316 413 temque
344 363 538 402 cernimus
565 363 615 400 ab
644 362 753 401 omni
781 370 889 413 parte
918 362 1281 412 circumfulgentem
1309 373 1382 399 nos
1411 362 1446 399 &
1470 359 1610 399 diuinis
1625 359 1699 398 illis
1714 359 1831 397 radiis
1848 359 1884 397 in
1904 358 2099 396 mentibus

160 417 426 455 collustrante!
458 417 558 454 Nam
587 415 618 453 si
646 416 698 453 ad
725 428 852 454 rerum
882 415 1254 466 contemplationem
1283 413 1518 464 respexeris,
1548 414 1645 451 haec
1670 412 1852 459 scientia,
1882 412 1978 449 haec
2004 412 2098 449 doc-

160 469 259 508 trina
287 477 344 508 est
370 469 498 520 primo
527 469 563 506 δε
592 467 856 518 principaliter
885 469 935 507 de
963 468 1008 507 iis
1042 469 1178 517 rebus,
1208 479 1309 517 quae
1338 478 1406 505 sua
1435 464 1959 515 altitudine&amplitudine
1975 471 2098 502 trans-

162 522 352 561 scendunt
379 522 568 561 rationem
597 522 729 572 (supra
755 535 891 561 omnes
919 523 1050 561 caelos
1080 528 1238 560 euectae
1267 521 1394 571 sunt7)
1423 522 1458 558 δι
1486 519 1671 557 diuinitus
1699 522 1720 557 e
1749 519 1858 557 caelo
1888 531 1947 556 res
1963 529 2099 555 omnes

162 576 401 626 perfundunt
435 587 504 614 sua
540 577 628 613 luce
666 587 767 624 quae
794 576 844 614 ad
873 575 1212 625 participationem
1242 573 1413 612 eiusdem
1442 572 1636 623 dignitatis
1666 571 1823 610 caelesti
1849 570 1970 621 gratia
1999 569 2099 608 ordi-

163 636 275 666 natae
310 636 410 667 sunt.
447 627 513 667 Sin
551 628 601 666 ad
629 629 744 666 finem
775 628 894 678 ipsius
920 629 1092 666 animum
1122 630 1157 666 &
1186 626 1463 678 cogitationem
1492 632 1665 664 nostram
1693 630 1990 663 conuertamuS.
2020 635 2100 661 non

163 694 252 720 eum
281 682 398 719 finem
428 680 598 731 proponi
626 680 853 731 simpliciter
880 681 1257 728 animadvertemus,
1287 679 1353 729 qui
1379 682 1403 717 a
1431 685 1568 717 natura
1597 680 1712 716 rebus
1742 676 1880 715 creatis
1896 675 2101 723 omnibus7

163 742 228 772 aut
255 734 371 773 etiam
400 735 574 772 humano
603 734 734 784 generi
764 735 988 785 propositus
1016 742 1091 781 est.
1115 734 1184 772 sed
1199 734 1249 771 ad
1265 731 1814 782 cognitionem,fructumque
1831 729 2100 768 suauissimum

161 800 233 826 nos
260 787 423 837 perduci
452 787 552 826 illius
582 787 667 825 finis
696 787 840 837 Vltimi.
870 788 920 826 ad
948 800 1066 837 quem
1096 799 1233 825 omnes
1261 785 1324 834 alij
1350 786 1446 824 fines
1470 783 1718 823 scientiarum
1735 782 1983 822 &actionum
2013 788 2105 820 sunt

162 840 341 879 ordinati.
386 841 516 878 Deum
558 840 663 879 enim
704 847 745 879 vt
774 842 891 879 finem
920 841 1052 879 statuit
1087 841 1122 878 δι
1159 850 1411 878 communem
1440 837 1668 888 terminum,
1698 838 1787 875 cum
1818 837 1932 874 rebus
1962 833 2101 873 creatis

162 893 341 943 caeteris,
371 900 452 932 tum
483 893 708 932 hominibus
739 893 980 944 singulariter
1009 893 1266 931 destinatum:
1296 903 1424 941 neque
1453 891 1532 929 hoc
1561 891 1708 939 solum,
1737 889 1805 928 sed
1833 890 1951 927 finem
1979 887 2104 926 cuius-

164 959 241 996 que
281 946 483 997 proprium
525 947 562 985 in
606 946 674 985 illo
714 947 913 985 communi
941 946 1108 985 termino
1138 946 1300 996 reuelat,
1334 945 1442 994 quod
1478 944 1517 982 in
1556 956 1603 981 eo
1635 944 1880 992 apprehenso
1908 949 2104 980 aeternam

165 1001 328 1038 salutem
356 1002 391 1038 δε
419 999 702 1038 beatitudinem
731 1000 851 1039 simus
879 999 1077 1050 adepturi:
1107 999 1300 1048 denique,
1326 1010 1376 1036 ne
1401 996 1604 1046 quisquam
1621 997 1802 1034 aberrare
1815 993 2105 1045 possit7media

165 1053 314 1103 singula
340 1052 390 1090 ad
418 1054 536 1091 finem
564 1053 672 1091 illum
702 1053 933 1102 pertinentia
961 1055 996 1092 &
1024 1052 1244 1091 necessario
1275 1063 1362 1089 cum
1393 1063 1440 1089 eo
1470 1049 1679 1088 coniuncta
1708 1049 1881 1087 declarat
1906 1046 2102 1098 sapientis-

165 1106 274 1144 sime.
305 1106 444 1156 quibus
472 1107 588 1145 rebus
618 1106 712 1156 quid
742 1105 919 1156 dignius,
950 1107 1011 1144 vel
1040 1105 1242 1156 augustius
1272 1103 1435 1154 cogitari
1463 1100 1619 1153 potest?

216 1159 344 1197 Venio
374 1160 424 1197 ad
453 1159 739 1198 certitudinem.
769 1161 1037 1209 Quaecunque
1065 1159 1104 1197 in
1132 1157 1357 1197 hominibus
1387 1155 1570 1195 scientiae
1598 1154 1680 1193 fieri
1702 1156 1829 1193 solent
1844 1152 2106 1204 plurimi,eae

165 1212 435 1251 certitudinem
465 1224 573 1250 suam
599 1225 646 1250 ex
676 1212 876 1263 principiis
906 1215 941 1251 &
966 1212 1104 1251 mediis
1129 1210 1367 1262 cognitionis
1384 1209 1566 1248 dicuntur
1580 1209 1739 1246 habere.
1767 1207 1959 1257 Principia
1975 1218 2106 1244 earum

164 1266 352 1304 naturalia
387 1274 476 1304 sunt
510 1265 673 1304 immota
701 1268 735 1304 δι
765 1265 991 1304 immediata
1019 1278 1088 1315 per
1117 1264 1195 1303 vim
1224 1264 1423 1313 quandam
1450 1269 1611 1300 naturae
1637 1261 1676 1299 in
1704 1262 1877 1299 humano
1905 1260 2104 1298 intellectu

164 1317 408 1369 ingenerata:
450 1330 618 1369 quorum
659 1319 734 1357 alia
769 1321 819 1358 ab
854 1319 945 1369 ipsis
983 1318 1175 1365 scientiis„
1207 1317 1283 1355 alia
1311 1318 1361 1355 ab
1390 1315 1473 1354 aliis
1503 1313 1685 1364 depromi
1711 1315 1837 1352 solent
1865 1320 2053 1362 tanquam
2082 1315 2104 1350 a

163 1371 439 1421 superioribus.
483 1372 589 1410 Huic
630 1371 836 1410 doctrinae
878 1371 1017 1411 merito
1059 1370 1279 1410 vindicatur
1316 1369 1444 1408 omnis
1473 1367 1725 1407 excellentiae
1752 1366 1966 1417 perfectio:
2010 1376 2109 1415 quae

165 1424 390 1464 immediate
419 1438 500 1463 non
524 1427 548 1462 a
574 1433 731 1475 natura,
763 1426 832 1464 sed
859 1427 882 1463 a
911 1427 1016 1463 Deo:
1046 1438 1120 1463 nec
1143 1437 1213 1475 per
1236 1429 1436 1472 naturam,
1465 1422 1535 1460 sed
1565 1433 1634 1471 per
1661 1419 1941 1458 reuelationem
1964 1418 2109 1469 gratiae

165 1477 356 1528 principia
384 1490 452 1516 sua
480 1478 632 1516 obtinet
660 1485 786 1529 certa7
815 1478 998 1526 immota„
1028 1480 1063 1517 &
1091 1477 1327 1516 immediata.
1371 1475 1493 1525 Quod
1525 1473 1557 1513 si
1579 1485 1679 1524 quae
1702 1473 1900 1512 interdum
1928 1474 1952 1510 a
1971 1480 2108 1510 natura

165 1532 201 1569 δε
229 1531 380 1569 ratione
406 1531 578 1570 humana
606 1531 789 1580 adhibet,
827 1545 872 1570 ea
901 1544 982 1569 non
1010 1539 1196 1580 tanquam
1235 1531 1370 1568 mutuo
1398 1536 1464 1567 aut
1493 1527 1673 1578 precario
1700 1530 1723 1565 a
1751 1525 2014 1576 superioribus
2043 1524 2111 1563 sed

165 1596 237 1623 suo
266 1584 347 1623 iure
375 1591 562 1634 tanquam
591 1586 641 1623 ab
672 1585 920 1623 inferioribus
949 1585 984 1623 δι
1014 1583 1287 1623 ancillantibus
1308 1581 1493 1621 assumit:
1522 1593 1603 1619 non
1618 1592 1698 1630 quo
1713 1579 1934 1630 perficiatur
1949 1578 1999 1616 ab
2014 1577 2110 1625 illis,

167 1638 236 1676 sed
269 1649 348 1687 quo
378 1637 555 1688 perficiat
582 1637 684 1688 illas,
726 1640 761 1676 δε
790 1638 828 1676 in
859 1649 930 1676 vsu
962 1637 1171 1677 iustissimo
1206 1637 1377 1686 singulas
1412 1641 1591 1684 occupet.
1648 1635 1749 1671 Nam
1779 1645 1848 1671 cur
1874 1644 1955 1670 non
1984 1638 2112 1669 vtatur

165 1692 241 1729 hac
268 1690 331 1729 via
357 1691 552 1730 Dominus
581 1692 616 1729 δι
647 1697 821 1730 seruator
847 1688 1005 1729 noster?
1034 1691 1144 1730 cuius
1172 1689 1393 1729 doctrinam
1421 1701 1503 1727 non
1530 1694 1691 1737 propter
1706 1687 1902 1725 defectum
1917 1686 1979 1723 vel
1994 1684 2111 1722 insuf-

168 1743 376 1782 ficientiam
406 1747 461 1793 (vt
489 1744 542 1782 ita
568 1746 790 1794 loquamur]
819 1744 957 1794 ipsius,
988 1745 1057 1783 sed
1090 1751 1250 1794 propter
1278 1743 1475 1781 defectum
1502 1740 1720 1779 intellectus
1748 1739 1891 1788 nostri7
1935 1737 1985 1776 ad
2013 1749 2112 1787 quos

167 1798 265 1836 haec
293 1797 468 1836 salutaris
495 1797 674 1836 doctrina
702 1797 888 1847 pertinet.
934 1798 994 1836 his
1027 1796 1261 1835 adiumentis
1295 1794 1430 1834 instrui
1460 1793 1657 1844 oportuit:
1699 1799 1740 1831 vt
1768 1805 1816 1831 ex
1842 1791 1887 1830 iis
1914 1802 2015 1840 quae
2044 1803 2113 1840 per

167 1852 382 1889 naturalem
424 1851 634 1897 rationem,
678 1852 785 1889 velut
821 1850 1072 1889 scientiarum
1107 1851 1284 1889 omnium
1320 1849 1578 1886 humanarum
1608 1853 1796 1897 matrem,
1841 1845 2114 1893 innotescunt,

167 1903 317 1942 facilius
358 1903 410 1942 ad
451 1917 496 1942 ea
536 1904 787 1954 percipienda
829 1904 1084 1943 deueniamus
1119 1911 1239 1953 atque
1273 1903 1538 1950 deducamur„
1579 1899 1720 1950 quibus
1748 1900 1918 1937 humana
1946 1896 2046 1935 ratio
2077 1898 2112 1935 &

168 1963 306 1995 natura
342 1963 426 1995 tota
459 1964 673 2007 superatur.
723 1957 858 1996 Media
882 1961 977 1997 vero
1006 1958 1056 1995 ad
1085 1955 1359 1995 certitudinem
1388 1953 1591 1993 doctrinae
1621 1952 1734 1990 huius
1764 1950 1995 2002 pertinentia
2023 1961 2113 1987 cum

169 2009 229 2048 his
271 2009 470 2060 principiis
511 2011 627 2060 plane
669 2010 930 2050 consentiunt.
984 2012 1078 2048 Illae
1107 2010 1212 2048 enim
1241 2007 1424 2048 scientiae
1451 2006 1594 2057 quibus
1619 2004 1799 2045 homines
1827 2005 2114 2053 intumescunt7

170 2062 444 2102 certitudinem
469 2076 577 2102 suam
599 2065 746 2102 habent
770 2077 817 2102 ex
840 2064 908 2102 illo
929 2063 1095 2102 naturali
1118 2062 1278 2101 rationis
1301 2063 1495 2100 humanae
1516 2059 1685 2108 lumine,
1704 2070 1803 2108 quae
1819 2063 1952 2108 potest
1966 2069 2114 2094 errare:

170 2123 288 2166 prout
316 2124 478 2156 euentus
506 2117 544 2155 in
571 2117 797 2156 hominibus
825 2116 984 2168 singulis
1014 2118 1100 2166 plus
1130 2116 1219 2155 satis
1247 2115 1430 2155 ostendit.
1470 2115 1584 2151 Haec
1610 2115 1705 2150 vero
1743 2110 1905 2150 scientia
1938 2113 1995 2159 (vt
2024 2121 2114 2147 cum

170 2170 369 2219 Propheta
391 2171 546 2220 loquar)
581 2170 918 2220 excellentiarum,
956 2171 1170 2221 perfectam
1213 2168 1397 2207 diuinitus
1437 2168 1556 2205 habet
1594 2164 1866 2204 certitudinem
1896 2175 1944 2202 ex
1971 2162 2116 2201 lumine

171 2223 472 2272 supernaturalis
501 2222 684 2262 scientiae
711 2225 746 2262 &
775 2222 952 2272 diuinae,
995 2235 1096 2273 quae
1124 2236 1198 2261 nec
1225 2222 1310 2272 ipsa
1338 2233 1465 2259 errare
1494 2225 1644 2269 potest,
1685 2231 1760 2256 nec
1789 2219 1838 2256 ab
1867 2217 1948 2255 vllo
1977 2215 2118 2254 erroris

173 2275 307 2326 spiritu
335 2275 588 2315 circumduci.
617 2276 694 2315 Sed
722 2276 816 2326 quid
846 2276 976 2315 multis
1006 2275 1307 2326 probationibus
1335 2273 1491 2312 aliunde
1506 2271 1642 2310 accitis
1659 2283 1758 2321 opus
1774 2269 1856 2308 est?
1884 2268 2118 2307 Doctrinam

174 2329 492 2368 excellentiarum
520 2331 692 2380 appellat
718 2331 840 2368 Deus:
875 2329 961 2379 quis
988 2329 1139 2368 dubitet
1166 2341 1253 2367 eam
1281 2328 1335 2366 ita
1361 2339 1444 2365 esse
1473 2333 1514 2364 vt
1541 2325 1711 2375 appellat
1734 2321 1866 2362 Deus?
1894 2325 2002 2361 Deus
2017 2322 2121 2360 hanc

174 2395 258 2421 esse
295 2382 389 2421 dicit
424 2382 652 2434 sapientiam
681 2390 857 2422 nostram
886 2385 921 2421 &
951 2382 1200 2434 prudentiam
1227 2387 1316 2420 ante
1345 2380 1483 2419 oculos
1512 2379 1772 2428 populorum,
1800 2388 1922 2426 vsque
1950 2376 2051 2414 adeo
2080 2381 2121 2413 vt

174 2435 236 2474 isti
263 2436 464 2475 audientes
493 2436 645 2486 dicant,
673 2437 845 2475 Tantum
874 2448 969 2486 gens
995 2435 1067 2474 ista
1094 2434 1265 2473 maxima
1292 2434 1462 2484 populus
1491 2432 1645 2481 sapiens
1672 2438 1728 2469 est
1757 2433 1792 2469 δι
1821 2430 2009 2480 prudens:
2036 2427 2122 2478 quis

175 2489 419 2528 contradicat
449 2491 536 2528 Deo
564 2486 758 2528 veritatis?
785 2491 856 2528 Est
883 2489 1000 2539 igitur
1027 2489 1241 2538 excellens,
1269 2486 1349 2526 imo
1377 2484 1721 2534 excellentissima,
1750 2483 1830 2522 imo
1861 2481 1969 2522 omni
1994 2480 2122 2520 omnis

177 2542 427 2581 excellentiae
465 2542 706 2593 perfectione
744 2542 1057 2581 absolutissima:
1096 2553 1197 2591 quae
1236 2539 1368 2579 omnia
1402 2537 1603 2578 locutione
1641 2538 1823 2576 Hebraea
1860 2535 2123 2586 designantur.

177 2596 280 2634 Cum
309 2602 439 2634 autem
465 2597 564 2635 haec
591 2596 742 2646 singula
770 2595 968 2634 eiusmodi
996 2595 1092 2643 sint,
1119 2601 1161 2633 vt
1191 2593 1415 2643 hominem7
1443 2593 1505 2631 vel
1532 2597 1670 2629 natura
1696 2596 1812 2639 teste,
1836 2589 1887 2628 ad
1900 2588 2013 2628 huius
2029 2589 2122 2626 doc-

175 2648 300 2686 trinae
334 2662 490 2688 amores
526 2648 775 2687 incredibiles
809 2649 979 2687 debeant
1008 2647 1193 2686 excitare:
1224 2647 1248 2687 ὂ
1277 2646 1459 2686 miserum
1486 2644 1707 2689 hominem,
1737 2643 1803 2693 qui
1830 2643 1912 2682 aliis
1939 2641 1978 2680 in
2006 2643 2124 2679 rebus

179 2701 364 2740 omnibus
399 2703 511 2741 facile
547 2702 655 2752 cupit
694 2703 901 2751 excellere,
931 2709 1200 2752 praeterquam
1229 2700 1268 2738 in
1296 2699 1342 2738 iis
1370 2711 1470 2749 quae
1497 2710 1630 2736 veram
1659 2696 1950 2746 excellentiam,
1978 2702 2124 2733 certam

179 2755 415 2805 plenamque
445 2757 534 2795 Deo
564 2763 661 2794 teste
696 2756 731 2793 &
760 2761 920 2793 auctore
948 2753 1143 2793 obtinent!
1993 2801 2035 2838 H
2067 2799 2074 2806 ·

2037 2809 2123 2838 UIUS
